2269 3898
705 162 772 205 De
803 162 980 206 actibus
1012 163 1269 208 moralibus.
1855 172 1910 214 65

53 293 124 343 ad
165 300 442 343 creaturas
483 295 599 343 sive
639 294 933 345 rationales
975 298 1092 346 sive
1133 298 1503 351 irrationales:
1559 300 1720 353 homo
1764 305 1908 354 enim

52 388 112 431 ut
170 400 296 450 pars
356 383 600 432 universi
660 381 791 432 hinc
847 383 1070 451 quidem
1128 385 1198 436 ad
1247 388 1561 440 societatem
1612 408 1735 441 cum
1789 391 1911 444 aliis

51 468 368 521 hominibus
410 470 850 522 constituendam
894 479 1089 523 natura
1131 491 1228 524 sua
1270 475 1567 542 ordinatus,
1612 479 1740 530 inde
1777 498 1907 533 vero

51 558 167 608 iure
193 559 491 609 instructus
521 567 600 609 est
627 559 815 610 utendi
845 559 1008 611 rebus
1038 563 1427 629 materialibUS‚
1459 568 1513 616 in
1544 576 1807 635 quantum
1838 570 1910 621 ad

51 648 497 716 consequendum
554 649 714 699 finem
777 659 938 700 suum·
994 650 1050 700 id
1106 653 1431 720 requiritur3
1493 653 1630 705 aliae
1686 659 1909 710 tandem

48 735 259 786 homini
291 738 644 802 conveniunt,
675 745 838 805 prout
863 738 1094 789 refertur
1121 739 1190 790 ad
1221 741 1490 808 seipsum:
1534 745 1911 813 compluribus

48 826 193 875 enim
235 826 411 894 iisque
449 826 679 877 diversis
706 828 1003 878 instructus
1033 835 1111 878 est
1136 827 1297 879 homo
1329 833 1601 897 potentiis⁷
1640 851 1778 902 quae
1818 854 1908 885 na-

46 921 168 964 tura
209 932 306 965 sua
347 916 422 965 ita
464 916 705 965 invicem
749 915 1033 967 ordinatae
1077 925 1216 981 sunt,
1260 926 1319 968 ut
1355 919 1637 971 inferiores
1666 925 1910 974 serviant

46 1003 436 1071 superioribus,
495 1006 802 1073 superiores
844 1023 972 1056 vero
1032 1005 1266 1073 dirigere
1324 1007 1561 1059 debeant
1608 1011 1906 1065 inferiores.

43 1092 160 1143 Iam
216 1111 345 1143 vero
399 1094 490 1144 hic
545 1093 675 1144 ordo
731 1093 952 1145 moralis
1005 1103 1085 1145 est
1140 1113 1346 1160 norma,
1408 1115 1439 1146 a
1499 1116 1605 1166 qua
1666 1101 1907 1152 actiones

43 1180 319 1233 humanae
362 1184 769 1233 constituuntur
810 1185 1139 1235 intrinsecus
1180 1183 1356 1235 bonae
1399 1185 1487 1236 vel
1529 1188 1718 1254 malae,
1769 1189 1904 1241 adeo

43 1278 102 1322 ut
142 1271 318 1322 bonae
362 1274 485 1338 sint,
529 1273 658 1341 quia
700 1271 878 1323 ordini
922 1281 1049 1324 sunt
1090 1273 1410 1340 conformes,
1455 1282 1506 1325 et
1542 1276 1732 1339 malae,
1778 1280 1905 1346 quia

43 1359 112 1410 ab
156 1378 216 1410 eo
261 1360 540 1412 difformes
582 1369 724 1415 sunt.

198 1465 245 1515 2.
292 1465 497 1515 Norma
539 1483 784 1534 suprema
824 1465 1145 1516 moralitatis
1200 1475 1274 1516 est
1313 1467 1473 1532 Deus,
1531 1469 1751 1519 hominis
1776 1470 1908 1537 finis

44 1552 272 1606 ultimus.
319 1552 583 1622 Suprema
613 1571 804 1604 norma
834 1553 1155 1605 moralitatis
1184 1564 1261 1606 est
1287 1556 1480 1606 ultima
1513 1560 1651 1608 ratio
1682 1576 1904 1610 normae

40 1642 355 1710 proximae3
399 1643 551 1711 atqui
593 1642 788 1693 ultima
830 1644 984 1705 ratio⁷
1029 1644 1096 1694 ob
1128 1663 1292 1713 quam
1323 1645 1499 1696 bonae
1530 1647 1637 1697 sint
1662 1650 1904 1700 actiones

41 1729 219 1781 ordini
262 1731 453 1781 morali
496 1733 903 1797 convenientes,
948 1740 1027 1782 est
1067 1733 1192 1783 finis
1233 1732 1470 1784 hominis
1512 1734 1750 1788 ultimus.

189 1847 229 1876 a.
264 1833 502 1880 Actiones
537 1837 748 1881 morales
783 1836 990 1881 totidem
1023 1836 1185 1882 media
1210 1851 1316 1882 esse
1344 1837 1538 1894 debent,
1566 1839 1736 1896 quibus
1763 1840 1901 1885 homo

39 1908 217 1953 tendat
250 1909 298 1953 in
332 1908 478 1954 finem
514 1924 650 1956 suum
683 1911 932 1967 ultimum3
981 1911 1174 1956 bonitas
1224 1916 1387 1957 autem
1432 1913 1579 1957 medii
1619 1913 1803 1971 pendet
1847 1928 1904 1960 ex

41 1982 143 2028 eius
179 1983 456 2041 aptitudine
492 1984 555 2029 ad
589 1985 756 2041 finem;
804 1998 918 2043 ergo
953 1984 1105 2039 Deus,
1151 1992 1297 2043 prout
1343 1992 1419 2031 est
1459 2001 1692 2032 summum
1727 1989 1903 2033 bonum

39 2071 124 2103 seu
165 2057 275 2102 finis
318 2058 518 2104 ultimus
569 2065 912 2105 creaturarum
956 2059 1289 2116 rationalium,
1336 2066 1410 2106 est
1459 2075 1686 2119 suprema
1733 2076 1902 2108 norma

38 2132 353 2178 moralitatis,

189 2223 224 2264 b.
268 2221 371 2267 Res
419 2229 620 2268 creatae
664 2224 821 2268 bonae
865 2228 990 2279 sunt,
1035 2228 1275 2281 quatenus
1323 2224 1385 2269 ad
1417 2226 1590 2271 bonum
1627 2228 1903 2273 absolutum

38 2295 326 2343 referuntur
369 2311 454 2342 seu
498 2297 559 2342 ad
604 2296 749 2343 finem
802 2311 1076 2354 supremum
1127 2312 1291 2343 rerum
1335 2299 1543 2344 omnium
1588 2300 1899 2357 ordinantur3

40 2386 155 2430 ergo
189 2371 305 2417 ordo
340 2372 540 2417 moralis
574 2373 726 2417 bonus
763 2378 850 2421 est,
898 2376 1136 2428 quatenus
1179 2371 1263 2417 fini
1309 2374 1533 2419 absolute
1578 2375 1749 2420 ultimo
1795 2376 1900 2420 sub-

39 2447 296 2493 ordinatur
329 2460 532 2504 eumque
567 2451 833 2505 promovet.
899 2445 978 2491 Ex
1010 2446 1085 2491 his
1117 2451 1261 2504 patet
1296 2452 1433 2492 actus
1466 2448 1700 2495 humanos
1745 2463 1902 2495 mora-

37 2520 155 2566 liter
185 2522 334 2567 bonos
370 2535 489 2575 esse,
526 2526 765 2578 quatenus
800 2521 848 2565 in
874 2534 1109 2566 summum
1132 2521 1307 2566 bonum
1335 2526 1384 2566 et
1415 2522 1465 2566 in
1498 2522 1641 2568 finem
1678 2524 1899 2568 absolute

36 2595 259 2641 ultimum
293 2596 524 2653 tendunt3
561 2596 696 2654 atqui
731 2596 781 2641 in
813 2595 957 2640 finem
991 2595 1212 2640 ultimum
1247 2595 1470 2651 tendunt,
1506 2610 1560 2641 eo
1585 2597 1709 2653 quod
1741 2597 1900 2642 ordini

39 2670 213 2735 morali
247 2670 592 2716 convenientes
627 2677 750 2716 sunt.

187 2774 225 2801 α.
261 2758 477 2813 Quamvis
510 2760 713 2814 theologi
748 2773 900 2803 omnes
932 2759 980 2802 in
1013 2772 1062 2802 eo
1095 2759 1380 2813 conveniant,
1414 2760 1531 2813 quod
1566 2760 1711 2801 Deum
1747 2760 1900 2803 dicant

37 2846 293 2888 supremam
327 2847 530 2877 normam
565 2833 858 2888 moralitatis,
893 2839 1047 2877 tamen
1091 2833 1212 2877 inter
1255 2846 1301 2876 se
1344 2833 1578 2881 dissident,
1623 2833 1700 2876 ubi
1744 2834 1902 2888 agitur

39 2908 92 2950 de
123 2908 401 2963 assignanda
432 2922 590 2952 norma
612 2908 832 2964 proxima.
880 2908 955 2950 Illi
978 2921 1097 2963 vero,
1121 2908 1196 2962 qui
1226 2921 1429 2950 normam
1464 2907 1717 2962 proximam
1742 2908 1899 2951 dicunt

36 2985 249 3024 naturam
296 2983 566 3026 rationalem
616 2997 702 3038 qim
746 2982 880 3026 talem
924 2982 1133 3038 complete
1174 2984 1431 3037 speciatam7
1476 2981 1625 3024 verbis
1657 2985 1840 3024 tantum
1874 2996 1900 3024 a

37 3057 214 3100 theoria
246 3058 453 3113 exposita
487 3059 727 3101 differunt:
771 3062 938 3101 natura
971 3056 1089 3100 enim
1122 3055 1375 3110 rationalis,
1408 3059 1630 3109 quatenus
1661 3055 1899 3098 rationalis

38 3136 120 3186 est,
154 3132 374 3186 complete
407 3135 653 3186 spectatur,
697 3132 735 3175 si
777 3137 877 3175 tum
919 3133 967 3175 in
1008 3145 1053 3175 se
1097 3136 1196 3174 tum
1241 3131 1379 3174 etiam
1422 3130 1627 3184 relative,
1672 3144 1770 3172 cum
1806 3130 1899 3172 suis

36 3218 199 3261 nempe
239 3205 537 3250 relationibus
580 3206 898 3250 essentialibus
941 3207 998 3249 ad
1041 3206 1201 3260 Deum,
1255 3206 1312 3248 ad
1354 3204 1466 3247 alios
1508 3205 1712 3247 homines
1753 3208 1798 3247 et
1842 3204 1899 3246 ad

38 3279 163 3323 entia
193 3280 370 3323 ratione
402 3281 603 3324 carentia
636 3284 880 3336 spectatur.
945 3281 1040 3323 Hoc
1073 3293 1205 3323 sensu
1249 3279 1601 3333 intelligendum
1645 3282 1727 3332 est,
1771 3277 1808 3320 si
1851 3277 1899 3320 in

38 3353 328 3408 sequentibus
362 3354 518 3396 bonum
553 3354 734 3408 dicitur,
769 3355 886 3410 quod
915 3357 1111 3399 naturae
1143 3353 1364 3396 rationali
1393 3352 1655 3396 conveniens
1689 3353 1768 3393 est.

189 3444 227 3492 β.
252 3442 370 3486 Ordo
388 3443 570 3486 moralis
593 3443 641 3486 in
662 3442 776 3498 ipsis
797 3456 945 3487 rerum
964 3442 1173 3486 essentiis
1192 3455 1433 3496 earumque
1450 3440 1724 3496 perfectione
1741 3440 1898 3482 funda-

38 3521 244 3560 mentum
276 3517 426 3571 habet,
468 3530 602 3571 quam
636 3516 690 3560 ob
722 3530 816 3560 rem
849 3530 1006 3560 norma
1038 3516 1316 3559 moralitatis
1349 3514 1642 3558 immutabilis
1673 3517 1810 3567 atque
1842 3512 1897 3556 ab

127 3606 164 3712 Nl
175 3606 222 3637 01
239 3606 286 3637 d·
276 3616 289 3637 1
301 3616 350 3647 n,
375 3608 433 3638 De
456 3607 667 3647 principiis.
1693 3587 1718 3629 ὃ

30 3666 222 3789 ξῖνὺ
243 3679 529 3794 ffiwg
579 3681 797 3788 θέλων
765 3740 825 3788 ,ω
855 3702 969 3781 ἑτέ
1112 3712 1116 3719 ’
1207 3747 1209 3749 -
1263 3736 1271 3767 ς
1303 3732 1430 3775 ᾖ
1568 3754 1575 3771 :
1612 3724 1709 3778 ,ως
1743 3735 1799 3799 ssf‘
1862 3711 1950 3736 ’···

33 3814 260 3856 ’ΜΨ
276 3809 432 3898 {ff
573 3804 762 3864 Ψ
902 3868 906 3873 -
1005 3825 1134 3834 ρ
1503 3839 1707 3857 ν

36 3857 152 3898 ἢσκ.
227 3894 238 3898 -
279 3896 283 3898 ,
431 3855 568 3898 sl).
740 3890 745 3898 ,
990 3878 993 3879 ’
1523 3879 1526 3881 v
1582 3888 1586 3889 ⁷
1683 3867 1725 3889 x..

1946 3696 1980 3747 ᾧ,
