2269 3898
313 93 399 137 158
984 108 988 113 ·
1042 92 1127 134 III.
1162 92 1230 136 De
1261 93 1452 148 legibus.

458 247 506 279 α.
560 226 870 295 Legislator
911 227 1189 278 materiam
1230 245 1441 295 φῖτυ-61η
1481 226 1582 278 sub
1623 226 1735 279 levi
1778 231 2064 299 imponere
2105 248 2196 300 po-

307 324 433 369 test:
479 316 741 385 obligatio
786 318 934 367 enim
977 336 1008 368 a
1051 316 1340 369 voluntate
1382 316 1711 386 legislatoris
1764 318 2056 388 dependet,
2101 320 2196 389 qui

309 408 474 457 etiam
519 408 805 458 materiam
849 424 1078 474 gravem
1120 405 1527 458 rationabiliter
1577 407 1678 459 sub
1721 406 1832 458 levi
1875 410 2195 478 praecipere·

308 504 500 564 potest,
552 494 648 546 ubi
692 514 891 565 nempe
948 495 1074 547 finis
1128 495 1265 564 legis
1308 497 1473 547 etiam
1516 495 1627 548 levi
1671 496 2008 565 obligatione
2049 497 2196 549 suffi-

308 587 514 636 cienter
555 585 848 639 obtinetur.

459 689 675 743 Quocirca
708 695 759 733 ut
778 691 851 733 lex
881 690 962 733 sub
981 690 1113 745 gravi
1143 689 1331 745 obliget,
1366 690 1453 733 duo
1476 691 1791 745 requiruntur:
1818 692 2012 735 materia
2041 691 2198 747 gravis

309 769 353 808 et
387 764 585 808 intentio
618 765 899 820 legislatoris
934 765 1017 808 sub
1050 765 1183 820 gravi
1218 765 1421 820 obligare
1455 765 1666 808 volentis.
1731 766 1979 809 Materiam
2010 780 2196 823 (frarem

308 854 408 884 esse
441 840 677 895 colligitur
710 854 763 884 ex
796 844 964 883 natura
997 840 1076 895 rei,
1110 853 1165 883 ex
1197 841 1289 883 fine
1321 839 1439 895 legis
1474 844 1519 883 et
1553 853 1607 883 ex
1640 840 2016 886 circumstantiis

466 938 789 994 Oblt'yalionem
824 937 1043 981 materiae
1087 937 1243 992 gravis
1288 950 1342 980 ex
1384 937 1643 980 intentione
1685 937 1966 993 legislatoris
2009 951 2196 993 gravem

309 1027 404 1057 esse
439 1014 725 1069 dignoscitur
759 1013 1074 1069 potissimum:
1111 1027 1152 1055 α.
1174 1026 1229 1056 ex
1262 1012 1412 1056 verbis
1444 1012 1575 1069 legis,
1611 1026 1725 1067 quae
1766 1013 1803 1055 si
1845 1026 2061 1068 magnam
2096 1012 2191 1055 vim

309 1089 479 1133 habent
514 1090 698 1144 (severe,
734 1089 945 1132 districte
978 1088 1299 1144 praecipimus,
1334 1088 1604 1131 mandamus
1636 1087 1685 1130 in
1718 1087 1895 1130 virt-ute
1927 1101 1960 1130 s.
1986 1087 2193 1130 obedien-

310 1164 419 1219 tiae,
453 1164 534 1207 sub
568 1164 945 1208 interminatione
980 1164 1126 1207 divini
1159 1163 1319 1206 iudicii
1353 1164 1658 1218 mandamus),
1699 1162 1968 1218 significant
2011 1176 2198 1218 gravem

309 1238 662 1294 obligationem;
701 1241 738 1289 β.
774 1253 828 1282 ex
861 1239 1096 1295 gravitate
1130 1239 1372 1283 materiae:
1419 1239 1468 1281 in
1501 1238 1696 1282 materia
1728 1238 1848 1289 enim
1893 1238 2041 1294 gravi,-
2085 1252 2198 1293 quae

309 1313 484 1357 scilicet
518 1314 717 1357 multum
753 1316 929 1358 confert
963 1315 1021 1358 ad
1056 1314 1357 1358 obtinendum
1392 1316 1531 1357 finem
1575 1328 1602 1357 a
1634 1315 1736 1369 lege
1775 1314 2024 1369 intentum,
2066 1313 2199 1369 legis*

308 1389 429 1432 lator
461 1392 670 1432 censetur
703 1388 785 1431 sub
834 1388 985 1446 gravi,
1016 1389 1220 1445 obligare
1268 1389 1481 1444 voluisse,
1529 1389 1619 1432 nisi
1670 1389 1949 1433 contrarium
1999 1392 2196 1440 constet3

310 1478 350 1516 γ.
385 1478 439 1508 ex
474 1464 709 1519 gravitate
741 1478 929 1520 poenae:
969 1465 1138 1508 etenim
1174 1466 1211 1508 si
1246 1466 1339 1521 legi
1373 1466 1564 1509 additur
1595 1465 1752 1521 gravis
1775 1478 1919 1520 poena
1942 1464 2200 1520 spiritualis

309 1553 345 1583 e.
380 1553 424 1595 g.
460 1540 868 1583 excommunicatio
902 1541 1024 1583 latae
1071 1540 1344 1596 sententiae,
1394 1540 1577 1596 signum
1626 1544 1696 1585 est
1739 1541 1888 1597 legem
1937 1540 2021 1597 sub
2067 1540 2199 1596 gravi

310 1614 533 1670 obligare;
569 1615 617 1658 in
649 1616 750 1670 lege
783 1619 940 1659 tamen
973 1615 1100 1659 civili
1133 1629 1277 1670 poena
1311 1615 1673 1660 extraordinarie
1721 1629 1892 1670 magna
1933 1616 2199 1670 plerumque

310 1690 456 1745 legem
493 1691 727 1745 poenalem
755 1690 1013 1746 significat;
1050 1690 1089 1733 ὃ.
1124 1704 1179 1734 ex
1211 1690 1596 1745 interpretatione
1631 1691 1892 1744 doctorum;
1946 1704 1981 1733 ε.
2014 1704 2068 1734 ex
2102 1704 2199 1734 con-

316 1766 559 1810 suetudine
593 1780 671 1810 seu
704 1779 758 1809 ex
792 1779 926 1810 sensu
959 1770 1003 1809 et
1038 1766 1170 1821 praxi
1204 1765 1507 1809 subditorum.

462 1863 535 1905 De
568 1863 813 1906 intentione
846 1868 1001 1907 autem
1033 1863 1315 1919 legislatoris
1347 1864 1458 1907 haec
1488 1863 1778 1907 notarsicut
1797 1876 1977 1907 necesse
1998 1876 2088 1906 non
2112 1866 2196 1918 est,

311 1945 366 1982 ut
398 1938 638 1994 legislator
671 1938 886 1994 explicite
918 1938 1134 1982 intendat
1169 1938 1496 1994 obligationem
1526 1939 1602 1981 in·
1629 1938 1908 1982 conscientia
1949 1938 2218 1993 imponere„

311 2018 364 2057 ut
397 2015 471 2057 lex
503 2014 551 2056 in
584 2014 862 2057 conscientia
896 2013 1084 2068 obliget,
1117 2013 1185 2057 ita
1219 2027 1398 2058 necesse
1428 2027 1527 2076 non·
1550 2018 1634 2070 est,
1666 2018 1721 2058 ut
1744 2014 1960 2069 explicite
1981 2013 2195 2056 intendat
2243 2017 2245 2020 ’

312 2088 640 2144 obligationem
675 2102 862 2144 gravem
896 2089 1142 2144 imponere,
1176 2092 1228 2132 ut
1261 2089 1336 2132 lex
1369 2089 1451 2132 sub
1483 2088 1616 2144 gravi
1661 2089 1858 2145 obliget:
1909 2089 2028 2132 sicut
2075 2087 2196 2131 enim

310 2163 510 2208 intentio
546 2163 779 2219 obligandi
815 2164 863 2206 in
895 2163 994 2219 ipso
1027 2177 1114 2207 usu
1146 2163 1395 2219 potestatis
1442 2163 1663 2219 legiferae
1706 2164 1929 2207 contineri
1975 2166 2197 2218 censetur,

313 2239 414 2295 pari
448 2240 580 2282 modo
611 2239 852 2294 legislator
885 2238 1128 2282 materiam
1163 2252 1347 2294 gravem
1386 2239 1643 2294 generatim
1677 2239 1817 2283 etiam
1853 2239 1936 2282 sub
1969 2238 2102 2294 gravi
2134 2237 2197 2281 in-

311 2313 502 2369 iungere
534 2315 652 2358 velle
684 2314 1010 2370 praesumitur.
1075 2313 1441 2368 Quare‘omnino
1475 2315 1724 2358 tenendum
1769 2318 1839 2357 est
1881 2313 2022 2357 etiam
2065 2301 2204 2368 Zeffl's-·

312 2389 505 2432 latorem
540 2389 768 2447 infidelem
802 2390 991 2433 condere
1023 2390 1147 2445 leges
1187 2390 1236 2433 in
1285 2389 1564 2434 conscientia
1613 2389 1883 2444 obligantes.
1949 2388 1995 2431 Si
2042 2392 2199 2436 tamen

315 2467 496 2508 constat
528 2464 839 2520 legislatorem
873 2466 1061 2509 atheum
1095 2465 1424 2521 obligationem
1459 2479 1607 2508 coram
1636 2466 1731 2508 Deo
1764 2468 1811 2508 et
1841 2462 2201 2524 intonscientia

315 2539 451 2583 nihili
484 2540 730 2584 facientem
765 2541 907 2584 solam
942 2540 1271 2596 obligationem
1305 2541 1364 2584 ad
1396 2553 1588 2595 poenam
1621 2539 1670 2584 in
1702 2543 2061 2595 transgressores
2082 2538 2200 2581 infli-

316 2602 806 2671 gendam'agnoscere,
840 2620 963 2660 recte
1006 2616 1298 2673 supponitur,
1347 2615 1444 2659 61118
1491 2617 1617 2671 leges
1665 2629 1761 2659 esse
1808 2628 1928 2659 mere
1975 2614 2201 2670 poenales,

313 2690 403 2733 nisi
437 2689 766 2746 obligationem
799 2691 848 2734 in
882 2690 1162 2734 conscientia
1194 2691 1402 2735 absolute
1434 2690 1650 2748 exigant„

465 2787 508 2841 b.
552 2788 862 2856 Legislator
901 2789 1179 2840 materiam
1220 2786 1378 2840 levem
1419 2788 1521 2840 sub
1563 2792 1721 2858 gravi
1762 2789 2052 2857 iniungere
2090 2805 2202 2838 non

315 2884 522 2947 potest:
587 2877 850 2946 obligatio
907 2879 1072 2944 6111111,
1128 2896 1269 2948 quae
1318 2880 1584 2930 materiae
1626 2895 1738 2929 non
1781 2885 1862 2929 est
1899 2878 2201 2947 proportio·-

314 2974 461 3034 nata,
506 2974 646 3018 esset
674 2985 811 3019 onus
837 2967 1201 3035 intolerabile,
1241 2968 1480 3038 ideoque
1510 2970 1567 3020 in
1596 2968 1990 3020 detrimentum
2019 2967 2202 3037 potius

315 3056 662 3109 subditorum
715 3057 948 3126 cederet,
1009 3059 1140 3128 quia
1194 3059 1431 3110 nimium
1486 3045 1991 3130 multiplicarentur
2030 3066 2203 3110 trans-

314 3148 624 3217 gressiones
665 3155 718 3198 et
758 3156 1005 3216 peccata.
1754 3137 1772 3141 η’

469 3258 603 3302 Unde
637 3258 675 3301 si
708 3259 905 3303 materia
938 3259 1211 3315 simpliciter
1242 3260 1357 3303 levis
1391 3264 1475 3315 est,
1509 3260 1815 3324 transgressio
1851 3244 1949 3304 “non
1981 3263 2052 3303 est
2093 3272 2206 3322 mor-

322 3333 446 3388 talis,
479 3333 567 3376 etsi
599 3334 841 3389 legislator
873 3334 956 3378 sub
989 3334 1123 3390 gravi
1157 3334 1361 3390 obligare
1393 3335 1639 3387 voluisset;
1687 3338 1734 3379 et
1766 3335 1804 3379 si
1837 3335 1911 3378 lex
1944 3333 2028 3377 sub
2071 3333 2203 3389 gravi

318 3408 528 3462 obligans
559 3408 607 3451 in
640 3408 837 3453 materia
868 3408 960 3452 levi
993 3409 1210 3465 violatur,
1244 3410 1550 3465 transgressio
1582 3410 1758 3466 pariter
1781 3408 1964 3453 nonnisi
1986 3408 2103 3452 levis
2120 3413 2204 3454 est.

319 3481 365 3525 Si
399 3487 554 3527 tamen
587 3483 782 3528 materia
813 3483 862 3527 in
895 3497 941 3527 se
972 3484 1088 3528 levis
1121 3485 1290 3528 evadat
1322 3485 1479 3540 gravis
1513 3499 1567 3529 ex
1610 3487 1703 3529 fine
1745 3484 1819 3529 vel
1859 3492 1914 3527 ex
1957 3482 2204 3538 adiunctiS‚
