2269 3898
209 640 213 650 '
282 649 423 705 runt,
467 640 537 690 ad
579 641 683 691 tria
724 649 1087 690 revocantur:

279 137 338 179 48
819 134 878 176 II.
913 135 979 176 De
1012 133 1189 176 actibus
1223 134 1280 176 ad
1313 135 1450 177 finem
1485 134 1621 189 aptis.

285 270 450 321 Porro
509 278 636 320 sunt
695 267 1110 336 impedimenta,
1166 285 1309 336 quae
1365 267 1742 319 voluntarium
1802 267 2168 320 habitualiter

284 368 339 410 et
379 365 767 428 permanenter
795 358 1054 407 minuunt
1081 355 1169 406 vel
1199 356 1475 418 auferunt,
1508 366 1560 407 et
1588 367 1715 408 sunt
1741 357 2159 426 impedimenta-3

228 498 230 501 ,
285 466 424 517 quae
467 446 601 498 illud
645 455 770 497 actu
813 453 865 496 et
906 453 1257 496 transeunter
1299 447 1559 496 minuunt
1598 445 1688 497 Vel
1729 446 2003 497 auferunt.
2045 436 2049 440 ⁴

433 553 482 603 2.
526 551 624 616 Ea,
670 568 810 619 quae
852 548 1229 600 voluntarium
1270 549 1617 601 habitualiter
1646 551 1886 601 minuunt
1911 539 1991 601 'uel
2017 550 2163 619 aufe-

1379 630 1498 638 W

407 755 481 801 u.
524 736 615 786 Ad
656 735 913 805 defectu-m
954 754 1077 786 usus
1118 736 1348 786 rationis
1390 743 1449 786 ut
1475 738 1531 786 in
1564 735 1871 788 infantibus
1902 743 1955 787 et
1983 753 2164 788 amen-

284 824 449 877 tibus.

436 915 479 966 b.
525 914 614 965 Ad
657 933 889 965 somnum
931 916 1049 965 sive
1090 913 1403 965 naturalem
1446 922 1505 965 ut
1532 916 1587 966 in
1617 914 2024 967 dormientibus
2048 917 2170 967 sive

284 1005 630 1056 artificialem
676 1013 735 1055 ut
775 1005 830 1054 in
876 1003 1265 1072 hypnotizatiS.

434 1103 532 1146 Non
566 1102 844 1146 conveniunt
875 1100 1011 1144 huius
1043 1100 1107 1143 rei
1141 1100 1295 1155 periti,
1327 1114 1437 1143 num
1466 1100 1683 1156 leylmosis
1714 1115 1847 1144 usum
1884 1100 2172 1144 deliberatio·

285 1178 358 1221 nis
392 1182 529 1232 atque
562 1176 792 1220 libertatis
836 1175 1020 1230 penitus
1054 1176 1248 1218 auferat.
1316 1174 1439 1227 Quae
1471 1175 1765 1229 hypnotizati
1798 1175 1847 1217 in
1879 1175 1978 1230 ipso
2012 1188 2174 1218 somno-

286 1253 531 1307 hypnotico
583 1252 711 1294 iussu
762 1249 1110 1305 hypnotizantis
1152 1254 1454 1305 exequuntur,
1507 1250 1736 1294 ordinarie
1784 1250 1953 1305 absque
2006 1249 2168 1293 morali

285 1328 501 1371 libertate
534 1327 634 1370 fieri
668 1326 906 1376 videntur;
955 1338 1006 1368 ea
1040 1338 1161 1378 vero,
1205 1338 1318 1379 quae
1362 1328 1466 1381 post
1500 1324 1743 1379 hypnosim
1776 1325 1823 1368 vi
1857 1325 2171 1380 suggestionis

286 1401 453 1456 vigiles
490 1404 792 1455 exequuntur,
825 1400 1041 1444 libertate
1064 1413 1247 1455 prorsus
1272 1400 1453 1455 quidem
1477 1415 1567 1444 non
1591 1405 1765 1452 carent3
1802 1401 1880 1444 sed
1913 1414 1968 1444 ex
2001 1399 2170 1455 experi-

289 1476 456 1520 mentis
480 1476 740 1531 hypnoticis
761 1476 888 1518 dictu
907 1475 1098 1518 difficile
1122 1479 1206 1529 est,
1231 1488 1340 1518 num
1368 1475 1558 1518 libertas
1581 1489 1636 1518 ex
1658 1476 1840 1519 influxu
1858 1473 2178 1531 suggestionis*

288 1556 476 1595 eatenus
510 1550 760 1606 minuatur,
793 1555 845 1594 ut
880 1551 1053 1606 peccati
1089 1551 1298 1595 mortalis
1330 1565 1420 1594 non
1453 1551 1545 1595 sint
1580 1564 1778 1607 capaces.

443 1662 483 1694 c.
527 1641 616 1692 Ad
647 1640 963 1708 ebrietatem,
1005 1643 1122 1692 sive
1163 1660 1195 1692 a
1238 1643 1366 1692 vino
1410 1640 1499 1692 vel
1540 1641 1644 1693 alio
1686 1641 1897 1711 liquore
1940 1643 2059 1693 sive
2100 1644 2174 1694 ab

289 1733 413 1800 opio
458 1730 544 1781 vel
588 1730 808 1781 aethere
851 1730 1150 1782 inducitur.

439 1837 487 1889 3.
535 1835 691 1901 Quae
748 1835 1122 1886 voluntarium
1178 1844 1305 1886 actu
1359 1844 1411 1886 et
1463 1826 2177 1904 tisanae-umen,impediunt,

292 1927 361 1978 ad
417 1939 652 1996 quatuor
704 1934 1065 1977 revocantur:
1122 1925 1191 1976 ad
1245 1908 1623 1994 iynorcm‘ticzm,
1678 1926 2177 1996 concupiscentiam.

291 2019 393 2068 vim
449 2025 500 2067 et
562 2024 781 2080 metuam
839 2016 1151 2084 ignorantia
1206 2015 1440 2084 impedit
1495 2016 1693 2066 mentis
1746 2015 2170 2080 advertentiam,

294 2107 744 2175 concupiscentia
787 2104 1242 2156 deliberationem
1285 2115 1338 2157 et
1380 2124 1728 2171 consensum,
1774 2113 1951 2156 metus
1994 2114 2047 2155 et
2089 2107 2181 2156 vis

294 2196 469 2248 solum
531 2214 876 2259 consensum,
933 2197 1039 2246 nisi
1095 2196 1217 2264 quis
1271 2195 1451 2247 dicere
1507 2182 1678 2258 malit,
1732 2195 1846 2245 vim
1904 2194 2180 2263 impedire

295 2285 595 2338 voluntatis
641 2285 933 2354 imperium
978 2286 1035 2334 in
1077 2283 1212 2335 alias
1255 2285 1544 2353 potentias,
1610 2284 1695 2336 De
1739 2284 1823 2336 his
1864 2287 1974 2336 iam
2017 2303 2174 2336 accu-

293 2377 465 2427 ratius
511 2375 790 2443 agendum
833 2383 928 2440 est,
973 2384 1032 2425 ut
1060 2376 1283 2439 sciatur,
1329 2392 1469 2444 quae
1511 2374 1820 2443 impediant
1861 2383 2017 2426 actus
2060 2393 2182 2444 per-

294 2466 436 2518 fecte
477 2465 768 2532 humanos,
812 2473 863 2515 et
905 2464 1124 2534 quando
1170 2463 1227 2515 id
1268 2463 1501 2518 accidat.

924 2675 956 2731 ἕ
989 2678 1038 2719 1.
1083 2677 1166 2719 De
1197 2677 1549 2730 iynorantia.

450 2795 543 2848 40.
587 2796 785 2849 Notio.
843 2795 1163 2863 Ignorantia
1193 2801 1272 2844 est
1304 2793 1550 2844 carentia
1579 2792 1916 2861 cognitionis
1942 2789 2185 2842 alicuius

300 2886 397 2936 rei.
453 2884 776 2951 Ignorantia
817 2901 944 2952 ergo
990 2883 1216 2935 denotat
1256 2884 1456 2933 mentis
1498 2889 1699 2933 statum
1744 2879 2103 2933 habitualem.

450 2987 721 3044 Ignorantia
755 2987 914 3030 differt
957 3001 998 3029 (ι.
1041 2987 1096 3030 ab
1136 2999 1300 3029 errore
1318 2999 1333 3028 .·
1377 2999 1498 3029 error
1530 2985 1650 3028 enim
1686 2984 1923 3040 significat-
1955 2983 2181 3027 iudicium

302 3075 537 3106 erroneum
571 3075 649 3104 seu
681 3075 913 3105 assensum
937 3060 1127 3104 veritati
1149 3075 1239 3104 non
1262 3062 1561 3113 conformem;
1597 3073 1702 3115 ergo
1725 3063 1907 3114 praeter
1928 3058 2180 3102 carentiam

305 3136 581 3193 cognitionis
615 3136 808 3179 alicuius
840 3136 1055 3179 veritatis
1087 3136 1286 3179 involvit
1318 3135 1539 3179 iudicium
1573 3134 1766 3178 veritati
1799 3134 2094 3188 contrarium,
2125 3137 2189 3175 ut¹

306 3212 343 3255 si
368 3212 467 3267 quis
489 3225 579 3254 non
603 3211 747 3253 solum
770 3210 955 3265 ignoret-
978 3210 1211 3253 Christum
1242 3223 1338 3253 esse
1360 3210 1505 3252 Deum
1540 3214 1586 3253 et
1618 3209 1863 3263 hominem,
1897 3209 1975 3251 sed
2007 3199 2179 3250 iudicet

308 3300 408 3330 eum
444 3299 539 3329 esse
572 3299 735 3340 purum
768 3284 1023 3339 hominem;
1059 3285 1096 3327 b.
1133 3284 1290 3327 differt
1313 3284 1369 3328 ab
1392 3283 1742 3337 inadverlentia)
1776 3296 1889 3338 quae
1920 3283 1969 3326 in
2002 3296 2052 3326 eo
2085 3295 2181 3325 con-

308 3360 447 3415 sistit,
493 3361 609 3415 quod
655 3372 781 3402 mens
824 3360 881 3402 ad
924 3373 1017 3402 rem
1052 3373 1143 3402 non
1175 3359 1396 3414 attendit,
1441 3358 1528 3402 etsi
1562 3358 1687 3402 adsit
1720 3358 1848 3401 illius
1879 3357 1945 3401 rei
1979 3356 2191 3412 cognitio

309 3435 573 3478 habitualis.
637 3436 857 3478 Attamen
892 3448 1006 3489 quae
1040 3435 1093 3478 de
1125 3434 1390 3490 ignorantia
1424 3434 1653 3488 dicuntur,
1696 3433 1836 3477 etiam
1871 3432 1925 3475 de
1957 3444 2105 3475 errore
2137 3434 2193 3474 et„

311 3511 364 3552 de
395 3509 734 3553 inadvertentia
766 3510 935 3554 valent.
