2269 3898
302 98 392 142 278
1011 96 1064 138 V.
1098 96 1165 139 De
1197 95 1471 139 virtutibus(

315 244 370 275 ex
392 231 492 286 ipso
516 231 688 274 motivo
711 229 1004 273 fortitudinis
1027 242 1104 273 seu
1128 242 1182 272 ex
1207 229 1449 273 honestate
1473 229 1608 272 huius
1632 234 1761 273 actus
1784 235 1974 275 mortem
2000 233 2186 285 subeam

313 306 392 349 sed
424 306 472 348 id
505 305 605 348 fieri
639 308 792 359 potest
824 317 878 347 ex
911 304 1084 347 motivo
1117 304 1423 358 cuiuscunque
1453 304 1645 348 virtutis
1677 305 1952 350 christianae
1983 320 2017 350 e.
2052 320 2097 362 g.
2131 320 2189 351 ex

307 380 516 433 caritate,
552 392 606 422 ex
640 378 898 422 obedientia
932 391 1040 432 erga
1072 378 1233 432 Deum,
1258 369 1333 421 'ad
1375 377 1653 421 imitandum
1697 380 1953 434 exemplum
1997 381 2192 436 Christi„

313 454 371 497 ad
395 453 753 507 consequendam
778 452 923 495 vitam
946 458 1179 496 aeternam
1203 453 1276 495 vel
1299 452 1439 495 etiam
1463 453 1522 495 ad
1545 455 1837 497 exercendam
1861 455 2183 499 fortitudinem

307 526 619 569 christianam.

461 616 508 668 2.
554 615 780 685 Duplex
847 616 1204 684 distinguitur
1256 617 1600 685 martyrium,
1667 616 1817 669 aliud
1874 619 2183 685 infantium,

311 703 459 773 quod
500 706 748 756 consistit
788 706 844 757 in
887 714 1059 756 morte
1101 712 1228 757 ante
1270 724 1428 757 usum
1470 707 1701 758 rationis
1740 708 1797 758 in
1826 708 2015 759 odium
2055 709 2184 760 fidei

313 793 570 861 tolerata3
633 794 785 846 aliud
840 795 1159 857 adultorum,
1229 795 1376 864 quod
1448 796 1698 847 consistit
1756 798 1813 847 in
1873 795 2187 849 voluntaria

311 885 694 952 acceptatione
737 892 789 935 et
841 885 1192 953 perpessione
1234 885 1425 935 mortis
1481 886 1538 935 in
1591 886 1968 937 testimonium
2019 905 2194 938 verae·

307 972 454 1026 fidet

465 1075 504 1103 a.
540 1061 754 1118 Infantes
786 1062 997 1116 martyrii
1032 1075 1126 1105 esse
1170 1075 1354 1117 capaces
1387 1076 1468 1105 nos
1514 1064 1644 1106 docet
1677 1063 1877 1118 ecclesia,
1911 1077 2024 1118 quae
2063 1064 2186 1107 inno-

311 1138 462 1178 centes
495 1149 574 1190 pro
609 1136 788 1180 Christo
824 1136 989 1180 occisos
1021 1142 1074 1179 ut
1107 1150 1236 1179 veros
1269 1140 1492 1190 martyres
1516 1136 1638 1179 colit.
1701 1137 1773 1179 Ad
1794 1137 2048 1181 infantium
2073 1152 2193 1181 mar—

310 1209 483 1263 tyrium
517 1210 610 1253 alia
642 1211 843 1255 condicio
876 1225 966 1255 non
998 1212 1263 1266 requiritur,
1304 1211 1394 1254 nisi
1434 1217 1487 1254 ut
1536 1225 1655 1255 mors
1703 1211 1908 1256 violenta
1950 1212 1999 1255 in
2032 1213 2186 1256 odium

308 1284 418 1328 fidei
472 1284 535 1328 eis
588 1285 828 1329 inferatur.
893 1286 990 1329 Hoc
1045 1286 1317 1340 martyrium
1373 1300 1426 1329 ex
1481 1286 1667 1341 speciali
1719 1287 1962 1342 privilegio
2016 1287 2188 1331 Christi

309 1359 493 1414 supplet
526 1358 822 1415 baptismum,
857 1361 935 1404 sed
968 1374 1112 1416 neque
1145 1365 1275 1404 actus
1307 1360 1499 1404 virtutis
1533 1366 1603 1404 est
1635 1374 1779 1416 neque
1801 1363 1945 1405 ullum
1971 1362 2186 1406 meritum

308 1432 459 1476 habet.

464 1508 500 1550 b.
535 1509 658 1564 Ergo
693 1509 893 1563 adultus,
926 1510 1003 1565 qui
1037 1510 1134 1553 sine
1166 1510 1430 1553 voluntaria
1462 1510 1777 1565 acceptatione
1810 1509 1972 1553 mortis
2012 1524 2066 1553 ex
2109 1510 2190 1553 im·

308 1583 489 1638 proviso
524 1584 579 1627 ab
611 1584 810 1628 inimicis
843 1585 951 1628 fidei
986 1584 1222 1640 occiditur,
1253 1598 1344 1628 non
1377 1590 1446 1628 est
1479 1589 1680 1639 martyr:
1714 1597 1859 1640 neque
1892 1586 2011 1629 enim
2036 1590 2191 1629 actum

307 1657 601 1701 fortitudinis
634 1672 799 1714 ponere
830 1672 911 1703 nec
944 1659 1261 1703 testimonium
1298 1660 1403 1703 dare
1436 1663 1588 1715 potest
1619 1659 1709 1702 nisi
1743 1660 2005 1703 voluntaria
2028 1660 2196 1703 mortis

315 1732 642 1788 acceptatione.

458 1897 589 1952 254.
634 1898 1027 1954 Condiciones
1065 1901 1194 1954 veri
1222 1900 1505 1966 martyrii
1547 1908 1700 1950 sunt:
1746 1919 1793 1950 a.
1834 1916 1980 1949 mors
2009 1897 2193 1962 illata3.

314 1989 358 2042 b.
403 2006 550 2040 mors
591 1990 648 2040 in
691 1988 878 2041 odium
922 1989 1051 2041 fidei
1094 1988 1277 2056 illata3
1337 2011 1377 2042 c.
1422 2008 1567 2041 mors
1615 1990 1890 2058 patienter
1942 1987 2197 2040 tolerata.

312 2078 477 2130 Hanc
529 2078 808 2148 triplicem
862 2079 1249 2130 condicionem
1304 2080 1478 2147 exigit
1531 2077 1781 2145 ecclesia,
1839 2086 1898 2129 ut
1949 2077 2191 2148 aliquem

304 2175 590 2237 tamquam
635 2177 933 2237 martyrem
976 2168 1186 2238 eolat1).

459 2275 508 2326 1.
553 2275 702 2325 ΖΜΟΝ
742 2273 931 2326 illata:
972 2276 1301 2342 martyrium
1344 2276 1493 2325 enim
1534 2283 1731 2327 natura
1773 2293 1872 2326 sua
1926 2281 2006 2324 est
2045 2273 2193 2324 testi-

310 2365 560 2415 monium
602 2371 774 2415 morte
826 2364 1057 2416 tolerata
1110 2364 1317 2417 datum.
1397 2364 1526 2418 Non
1566 2366 1882 2434 requiritur,
1937 2371 1998 2414 ut
2050 2381 2199 2413 mors

306 2454 489 2522 reipsa
531 2462 807 2523 sequatur,
851 2454 948 2505 sed
990 2454 1211 2519 sufficit,
1255 2462 1316 2505 ut
1357 2472 1522 2505 causa
1565 2455 1754 2505 mortis
1795 2453 2080 2518 inferatur,
2125 2471 2196 2503 ex

310 2561 420 2612 qua
462 2561 606 2594 mors
648 2543 972 2595 naturaliter
1029 2545 1182 2614 sequi
1242 2543 1480 2608 deberet,
1533 2545 1639 2595 nisi
1695 2543 1963 2595 divinitus
2023 2543 2189 2611 impe-

312 2632 538 2687 diretur.

461 2752 500 2781 a.
536 2739 643 2781 Ideo
676 2738 799 2783 inter
831 2737 1105 2792 martyrium
1140 2738 1417 2792 completum
1452 2750 1531 2780 seu
1564 2739 1817 2792 perfectum
1852 2740 1897 2779 et
1922 2734 2195 2790 martyrium

312 2824 469 2855 verum
506 2813 828 2868 distinguitur.
893 2812 934 2856 S.
962 2813 1154 2856 Ioannes
1178 2813 1412 2867 apostolus
1445 2825 1601 2856 verum
1627 2811 1770 2855 subiit
1795 2810 2084 2866 martyrium,
2117 2811 2197 2853 sed·

313 2898 403 2929 non
437 2887 727 2942 completum.

468 2977 504 3018 h.
539 2977 659 3020 Mors
694 2977 854 3021 inferri
888 2981 1042 3033 potest
1074 2992 1164 3021 non
1198 2979 1342 3022 solum
1378 2977 1655 3021 cruciatibus
1698 2977 1770 3020 vel
1810 2974 2075 3019 vulneribus
2117 2974 2196 3017 sed

313 3050 455 3094 etiam
490 3064 677 3106 veneno,
712 3052 903 3107 penuria
935 3052 1129 3107 aliisque
1162 3052 1379 3108 gravibus
1413 3052 1652 3096 molestiis.

464 3155 498 3185 c.
534 3139 619 3194 Qui
654 3154 707 3184 ex
741 3155 876 3184 causa
908 3141 985 3196 pia
1019 3155 1054 3186 e.
1089 3155 1133 3197 g.
1166 3143 1214 3185 in
1248 3141 1435 3185 servitio
1469 3141 1790 3196 pestiferorum
1824 3143 1969 3182 morte
1991 3137 2194 3182 naturali

316 3214 589 3270 moriuntur,
622 3229 712 3258 non
745 3221 854 3259 sunt
887 3229 990 3259 vere
1023 3220 1264 3271 martyres,
1306 3215 1394 3259 etsi
1426 3215 1673 3271 improprie
1717 3218 1941 3268 martyres
1985 3211 2199 3256 caritatis

313 3290 536 3344 appellari
571 3291 761 3333 soleant.
824 3290 977 3344 Neque
1011 3289 1284 3334 desiderium
1319 3291 1528 3344 quamvis
1561 3288 1934 3333 ardentissimum
1968 3286 2200 3340 martyrii,

473 3470 498 3523 ¹)
530 3470 601 3514 Cf.
636 3469 914 3513 Benedictus
948 3468 1074 3511 XIV.
1109 3469 1176 3512 De
1209 3482 1323 3512 serv.
1357 3439 1453 3512 Dei(
1474 3467 1633 3511 beatis.
1667 3468 1695 3512 l.
1730 3468 1770 3510 3.
1805 3481 1840 3512 c.
1875 3466 1944 3508 11.
