2269 3898
757 177 824 219 De
856 176 1033 219 actibus
1066 177 1292 221 humanis.
1907 183 1962 224 47

246 307 291 360 b.
333 308 511 359 Maior
549 310 687 360 ratio
729 327 1001 361 excusans
1029 313 1344 380 requiritur,
1386 315 1428 364 si
1458 332 1626 382 agens
1653 315 1961 366 omittendo

92 397 367 448 actionem
410 395 616 448 malum
643 399 899 449 effectum
927 399 1195 468 impedire
1224 409 1417 469 potest,
1461 420 1626 472 quam
1668 404 1711 453 si
1755 403 1961 454 malum

98 484 455 537 nihilominus
494 485 718 537 aliunde
761 495 1077 538 secuturum
1119 498 1214 542 est.

218 573 289 616 Sic
321 573 465 617 maior
495 575 614 618 ratio
646 575 909 630 requiritur,
956 580 1010 618 ut
1041 576 1327 620 tabernarius
1374 579 1632 633 hospitibus
1682 579 1754 623 die
1801 579 1961 623 ieiunii

95 647 308 702 praebere
339 649 485 703 possit
517 662 686 703 carnes,
734 650 771 692 si
819 650 975 693 nullus
1022 650 1140 693 alius
1186 651 1376 694 daturus
1424 653 1696 707 reperiatur,
1744 667 1876 708 quam
1926 653 1963 697 si

92 722 216 765 alius
247 723 371 766 adsit
404 723 609 778 daturus,
642 723 719 766 ubi
752 724 849 778 ipse
880 728 1033 779 neget.

244 818 283 850 c.
340 797 421 849 ΕΟ
476 799 651 849 maior
704 800 842 849 ratio
893 799 1206 868 requiritur,
1264 818 1368 868 quo
1419 802 1645 869 propius
1688 819 1852 851 causa
1893 800 1961 851 ad

95 886 446 938 efficiendum
491 887 694 937 malum
739 889 1028 939 concurrit.

241 974 561 1030 Distinguitur
593 989 727 1019 causa
748 976 985 1032 proxima,
1026 990 1139 1031 quae
1170 977 1239 1020 ita
1272 978 1484 1021 effectum
1519 977 1744 1033 producit,
1778 981 1832 1020 ut
1865 990 1960 1020 eam

95 1048 216 1091 inter
247 1052 293 1092 et
325 1050 538 1092 effectum
572 1048 664 1091 3113
695 1062 831 1092 causa
864 1049 1014 1093 media
1044 1063 1134 1092 non
1166 1049 1462 1101 interveniat,
1506 1054 1553 1093 et
1594 1064 1729 1093 causa
1770 1052 1961 1091 remota.

97 1136 210 1178 quae
243 1125 454 1166 effectum
486 1137 575 1167 non
609 1123 834 1179 producit,
867 1124 956 1167 nisi
990 1125 1242 1179 complures
1274 1124 1392 1167 aliae
1425 1138 1585 1168 causae
1617 1123 1794 1167 mediae
1826 1123 1962 1166 inter-

93 1197 295 1241 veniant.
359 1198 506 1241 Causa
554 1197 722 1241 dicitur
758 1198 1064 1254 propinquior
1110 1203 1193 1241 aut
1240 1198 1474 1251 remotior,
1507 1212 1593 1253 quo
1625 1197 1858 1252 pauciores
1890 1197 1961 1240 vel

97 1273 249 1326 plures
281 1272 398 1315 aliae
430 1286 591 1316 causae
622 1272 954 1316 interveniunt.
998 1272 1142 1316 Maior
1175 1286 1280 1328 ergo
1313 1273 1432 1316 ratio
1465 1285 1685 1316 excusans
1715 1270 1964 1326 requiritur

93 1345 142 1389 in
175 1359 239 1401 6ο,
280 1346 356 1401 qui
389 1360 542 1402 prope,
586 1347 733 1390 minor
764 1347 812 1390 in
844 1361 910 1402 eo,
952 1348 1027 1402 qui
1060 1351 1233 1390 remote
1265 1347 1323 1390 ad
1357 1347 1547 1390 alterius
1579 1349 1814 1402 peccatum
1848 1359 1884 1389 6.
1918 1359 1961 1400 g.

90 1420 331 1464 ebrietatis
368 1421 608 1465 concurrit.
660 1447 712 1451 —
761 1422 830 1465 Ex
874 1422 959 1464 hac
1000 1422 1178 1464 ratione
1210 1422 1310 1465 fieri
1343 1425 1510 1476 potest,
1552 1426 1607 1464 ut
1639 1421 1804 1463 bonum
1837 1419 1885 1462 111
1919 1433 1963 1462 66

95 1494 246 1537 111111116
285 1499 544 1550 compenset
591 1497 762 1539 malum
807 1495 969 1550 maius,
1002 1495 1079 1538 ubi
1122 1509 1285 1550 nempe
1327 1496 1492 1539 bonum
1540 1495 1760 1550 proxime,
1791 1495 1961 1537 malum

88 1574 245 1612 autem
279 1570 424 1612 solum
457 1573 628 1613 remote
660 1583 715 1613 ex
747 1571 903 1614 eadem
937 1570 1114 1613 actione
1147 1575 1376 1625 sequatur.

240 1644 288 1696 d.
346 1644 426 1695 Eo
481 1647 656 1696 maior
706 1646 845 1696 ratio
900 1664 1173 1696 excusans
1225 1646 1542 1714 requiritur,
1604 1662 1709 1713 quo
1772 1644 1960 1695 certius

94 1733 319 1784 effectus
361 1733 536 1785 malus
577 1742 865 1786 secuturus
906 1733 1291 1803 praevidetur3
1348 1733 1552 1785 sufficit
1604 1751 1732 1800 ergo
1784 1733 1962 1783 minor

93 1823 247 1889 rati0,
305 1824 349 1874 si
402 1822 608 1874 malum
664 1823 786 1892 plus
838 1825 1094 1874 minusve
1141 1821 1497 1893 probabiliter
1552 1831 1767 1873 tantum
1810 1840 1956 1873 secu-

88 1919 272 1962 turum
315 1919 411 1966 est.

241 2021 280 2054 6.
323 2001 503 2053 Μ3101
542 2004 680 2053 13110
721 2002 1019 2071 requiritur
1060 2003 1117 2052 in
1159 2003 1243 2070 iis,
1294 2003 1387 2071 qui
1430 2001 1636 2053 malum
1680 2021 1744 2052 eoo
1786 2001 1958 2071 officio

94 2090 362 2159 impedire
403 2099 673 2156 tenentur,
718 2109 884 2160 quam
925 2091 982 2142 in
1025 2092 1106 2159 iis,
1152 2092 1244 2160 qui
1288 2089 1436 2141 nullo
1481 2091 1661 2142 officio
1696 2090 1834 2142 illud
1864 2092 1957 2141 im-

90 2179 279 2247 pedire
319 2188 591 2233 tenentur.

239 2267 311 2310 Sic
342 2267 486 2311 maior
516 2269 635 2311 ratio
667 2268 930 2322 requiritur,
974 2271 1027 2311 ut
1071 2282 1212 2324 caupo
1254 2268 1326 2311 die
1365 2268 1526 2312 ieiunii
1560 2268 1657 2312 filio
1691 2282 1769 2312 suo
1803 2282 1959 2311 carnes

92 2341 304 2395 praebere
334 2342 494 2397 possit,
527 2356 661 2398 quam
695 2347 749 2385 ut
772 2355 880 2397 erga
902 2346 1139 2385 extraneos
1170 2342 1217 2385 id
1246 2342 1372 2385 licite
1399 2343 1564 2397 faciat;
1601 2343 1707 2398 quia
1731 2356 1785 2386 ex
1807 2342 1957 2386 officio

78 2416 274 2472 pietatis
312 2420 497 2471 peccata
536 2417 623 2460 filii
667 2417 889 2472 impedire
936 2421 1133 2461 tenetur.
1197 2418 1275 2460 Ex
1318 2418 1466 2474 officio
1509 2418 1566 2460 ad
1610 2420 1843 2472 peccatum
1876 2417 1957 2459 1111-

90 2490 363 2546 pediendum
395 2491 466 2534 illi
498 2491 790 2546 potissimum
824 2491 968 2535 teneri
1004 2491 1231 2547 dicuntur,
1276 2492 1352 2546 qui
1386 2492 1431 2534 vi
1469 2496 1729 2535 contractus
1769 2491 1958 2546 ideoque

85 2579 151 2608 ex
183 2565 355 2608 iustitia
389 2565 504 2608 illud
536 2565 758 2620 impedire
792 2565 956 2609 debent
988 2570 1042 2608 ut
1075 2567 1297 2619 custodes,
1331 2566 1531 2620 parochi.

734 2802 1029 2860 Articulus
1068 2803 1297 2860 16111116.

442 2925 521 2964 1)6
552 2924 951 2974 impedimentis
984 2928 1203 2966 actuum
1234 2926 1606 2965 humanorum.

240 3069 333 3122 39.
393 3070 863 3125 Declarationes.
949 3075 992 3125 1.
1051 3071 1198 3137 Quia
1256 3079 1412 3123 actus
1472 3073 1702 3123 humani
1764 3090 1952 3123 omnes

89 3165 221 3209 sunt
270 3158 585 3226 voluntarii,
640 3161 913 3230 quidquid
975 3161 1348 3212 voluntarium
1410 3160 1644 3229 impedit
1706 3160 1951 3229 illudque

89 3248 290 3298 minuit
329 3255 423 3299 aut
462 3249 685 3300 omnino
727 3248 883 3316 tollit,
927 3268 988 3301 eo
1031 3251 1149 3318 ipso
1192 3257 1376 3300 actu-m
1418 3249 1724 3300 humanum
1754 3251 1953 3300 minuit

88 3342 184 3386 aut
222 3334 375 3388 tollit.
438 3335 528 3387 Ad
569 3337 942 3390 voluntarium
985 3347 1167 3390 autem
1213 3340 1512 3408 requiritur
1550 3345 1666 3388 tum
1709 3340 1948 3407 cognitio

89 3423 397 3476 intellectus
435 3433 552 3476 tum
595 3444 893 3479 consensus
933 3426 1073 3478 liber
1113 3427 1441 3491 voluntatis3
1501 3425 1624 3476 ideo
1678 3427 1949 3496 quidquid

88 3511 408 3564 alterutrum
450 3516 651 3566 minuit
692 3515 779 3567 vel
819 3516 974 3583 tollit,
1019 3518 1221 3567 minuit
1261 3516 1351 3568 vel
1390 3516 1529 3567 tollit
1554 3515 1946 3569 voluntarium.
