2269 3898
281 151 367 194 116
1009 144 1096 186 ΠΙ.
1132 144 1200 186 De
1234 110 1427 198 legibus.

281 287 434 327 autem
479 281 649 336 singuli
691 294 781 323 non
824 278 950 334 prius
983 277 1262 332 obligantur,
1312 290 1443 331 quam
1491 276 1608 332 legis
1653 276 1825 319 notitia
1873 277 1930 319 ad
1963 288 2037 319 eos
2069 289 2168 331 per-

282 357 479 400 venerit:
516 369 622 398 nam
654 366 795 409 usque
828 353 886 396 ad
918 353 1002 395 hoe
1033 357 1214 407 tempus
1247 355 1433 407 propter
1469 351 1781 407 ignorantiam
1815 365 1842 394 a
1872 350 1990 406 legis
2023 351 2167 394 obser-

281 431 466 474 vatione
499 426 823 483 exeusantur¹).

433 608 567 661 100.
623 607 708 659 De
761 606 1062 673 potestate
1109 605 1175 657 in
1214 604 1345 670 lege
1388 604 1591 657 divina
1630 603 1892 671 positiva
1932 603 2173 671 dispen-

285 697 478 752 sandi.
560 717 608 749 a.
667 694 890 747 Certum
951 702 1030 746 est
1085 693 1384 759 Christum,
1438 692 1575 762 legis
1629 692 1985 761 evangelicae
2041 711 2166 743 aue·

285 796 476 854 torem,
532 793 857 855 potestatem
914 783 1276 853 dispensandi
1329 784 1383 834 in
1435 802 1533 834 sua
1573 782 1693 851 lege
1736 781 2002 833 eeclesiae
2045 800 2169 834 cou-

288 878 467 929 cedere
500 877 773 946 potuisse:
815 873 1048 944 quilibet
1090 874 1238 924 enim
1280 871 1560 941 legislator
1589 880 1915 941 potestatem
1947 871 2162 941 dispen-

292 967 450 1019 sandi
493 967 549 1016 in
591 966 703 1016 suis
745 963 962 1031 legibus
1003 962 1162 1013 alteri
1206 962 1455 1013 conferre
1497 969 1688 1030 potest.
1762 960 2026 1026 Quaestio
2069 969 2171 1026 est,

288 1075 421 1108 num
462 1054 601 1106 haee
641 1061 882 1123 potestas
932 1051 1197 1104 eeclesiae
1255 1050 1321 1102 de
1373 1053 1519 1102 facto
1580 1069 1840 1102 concessa
1895 1052 1978 1116 sit,
2037 1068 2170 1100 num

290 1165 416 1215 ergo
477 1166 514 1197 s.
556 1144 808 1213 pontifex
863 1161 933 1193 ex
986 1143 1130 1193 iusta
1185 1154 1351 1193 eausa
1404 1140 1582 1209 legem
1626 1140 1878 1192 divinam
1920 1139 2171 1191 relaxare

290 1236 476 1305 possit.
532 1234 704 1303 Atqui
748 1231 1018 1283 eiusmodi
1061 1238 1387 1300 potestatem
1431 1229 1695 1281 ecelesiae
1731 1248 2027 1281 concessam
2065 1247 2171 1280 uon

289 1345 414 1392 esse,
459 1324 825 1375 communiter
867 1321 1068 1373 docent
1107 1319 1366 1388 theologi,
1424 1338 1604 1389 neque
1646 1318 1883 1371 eeclesia
1927 1336 2172 1388 unquam

294 1414 398 1466 hae
439 1420 709 1483 potestate
753 1431 852 1464 usa
894 1420 989 1463 est.

439 1532 585 1576 Verba
626 1531 811 1574 Domini
854 1530 912 1573 ad
952 1530 1163 1573 Petrum:
1223 1529 1522 1584 Quodcunque
1565 1529 1757 1571 soleeris
1805 1541 1944 1584 super·
1987 1531 2182 1582 terrum,

291 1610 382 1652 erit
412 1609 604 1651 solutum
639 1609 683 1649 et
714 1607 759 1649 iu
794 1604 969 1658 eoelis‘2)
1002 1619 1093 1648 non
1125 1609 1234 1648 sunt
1267 1618 1450 1659 prorsus
1482 1603 1723 1646 illimitate
1745 1602 2067 1657 intelligenda,
2099 1602 2178 1645 sed

291 1682 612 1738 restringenda
650 1685 759 1724 sunt
791 1680 849 1722 ad
882 1693 948 1734 ea,
993 1693 1106 1733 quae
1152 1679 1406 1722 necessaria
1447 1684 1570 1733 sunt,
1613 1683 1667 1721 ut
1700 1691 1885 1721 munere
1930 1691 2009 1720 suo
2041 1676 2177 1732 fungi

292 1757 451 1812 possit,
485 1769 562 1799 seu
595 1755 652 1798 ad
687 1768 752 1810 ea,
787 1768 900 1809 quae
932 1755 990 1797 ad
1015 1753 1180 1797 bonum
1205 1754 1417 1797 ecelesiae
1441 1758 1485 1797 et
1511 1754 1706 1796 salutem
1739 1753 1996 1796 animarum
2030 1765 2178 1795 neees-

293 1832 412 1875 saria
460 1836 591 1874 sunt:
641 1829 770 1883 atqui
816 1829 1037 1872 eiusmodi
1081 1844 1171 1872 non
1205 1836 1274 1873 est
1322 1832 1527 1884 potestas
1577 1828 1871 1884 dispensandi
1918 1828 1967 1870 in
1999 1827 2180 1882 legibus

294 1905 483 1949 divinis:
519 1904 681 1948 melius
715 1903 835 1946 enim
870 1907 954 1958 est,
998 1903 1035 1946 si
1069 1903 1117 1946 in
1149 1903 1207 1946 iis
1239 1917 1330 1946 non
1364 1903 1667 1958 dispensatur.
1732 1903 1798 1946 Ut
1829 1915 1991 1958 nempe
2023 1901 2184 1945 unitas

293 1980 505 2024 ecelesiae
527 1993 552 2021 a
576 1977 756 2022 Christo
790 1977 1038 2020 institutae
1072 1977 1352 2021 luculentius
1386 1982 1641 2033 appareret,
1675 1976 1946 2032 expediebat
1980 1975 2181 2029 omnino,

293 2061 346 2098 ut
369 2053 641 2110 principalia
662 2052 884 2095 instituta
909 2056 955 2094 et
979 2056 1220 2107 praecepta
1243 2052 1414 2095 Christi
1448 2052 1569 2107 apud
1603 2065 1756 2095 omnes
1789 2052 1947 2094 fideles
1972 2050 2173 2094 omnium

293 2136 548 2184 temporum
582 2132 729 2171 essent
763 2126 1012 2171 uniformia
1043 2126 1234 2181 ideoque
1265 2127 1590 2172 immutabilia.

447 2233 492 2286 b.
537 2233 801 2283 Attamen
832 2231 1066 2283 ecelesia
1091 2231 1270 2300 legem
1299 2231 1549 2283 divinam
1579 2231 1858 2283 declarare
1887 2239 1939 2282 et
1966 2232 2178 2282 aza-then-

298 2327 391 2376 tice
445 2324 794 2393 interpretari
838 2330 1029 2391 potest,
1085 2320 1253 2390 idque
1308 2320 1704 2373 infallibiliter:
1764 2328 1845 2372 est
1900 2321 2047 2371 enim
2103 2321 2182 2370 in-

296 2413 543 2466 fallibilis
598 2414 868 2480 interpres
926 2412 1336 2462 institutionum
1392 2419 1445 2462 et
1486 2402 2174 2480 praeceptorum‘Christi.

296 2505 489 2573 Itaque
533 2520 779 2554 summus
821 2501 1072 2570 pontifex
1108 2518 1218 2551 non
1258 2499 1434 2551 solum
1464 2499 1745 2552 declarare
1782 2508 1975 2569 potest,
2021 2518 2182 2569 quae-

301 2612 428 2644 nam
473 2612 638 2644 oausa
668 2612 698 2643 a
726 2591 846 2658 lege
877 2590 1070 2641 divina
1105 2597 1348 2654 excuset,
1393 2590 1488 2641 sed
1529 2598 1708 2659 potest
1749 2591 1915 2641 etiam
1960 2607 2181 2641 sensnm

306 2683 441 2751 legis
483 2683 711 2751 eiusque
754 2680 1150 2747 obligationem
1183 2679 1551 2731 determinare
1592 2689 1757 2749 atque
1787 2681 1964 2749 ipsam
2001 2679 2181 2748 legem

302 2771 713 2840 interpretando
758 2770 1074 2821 modificare
1118 2776 1170 2819 et
1209 2768 1499 2838 limitem-23)

458 3011 487 3064 1>
519 3012 583 3054 Of.
622 3010 804 3067 §narei
836 3011 863 3052 l.
902 3009 970 3052 10.
1005 3023 1039 3051 e.
1074 3008 1113 3050 4.
1147 3022 1189 3051 n.
1226 3009 1295 3051 Ξῖ).

458 3094 490 3146 ²)
521 3092 687 3134 Matth.
724 3091 794 3145 16,
830 3092 897 3133 19.

455 3174 487 3229 3)
522 3173 590 3217 Cf.
609 3173 850 3226 Ferraris,
873 3172 1158 3216 Bibliotheca
1183 3171 1383 3227 (Romae.
1405 3173 1602 3228 Typogr.
1628 3173 1673 3216 C.
1701 3173 1754 3215 sle
1777 3185 1901 3227 prop.
1922 3171 2027 3213 fide.
2055 3170 2188 3223 1890)

304 3264 337 3295 s.
372 3264 412 3293 v.
450 3249 580 3305 Papa
615 3261 652 3290 a.
689 3247 730 3289 Ξ.
763 3262 806 3289 n.
840 3248 908 3290 30.
