2269 3898
783 99 849 141 De
880 100 980 153 lege
1012 99 1225 142 humana.
1854 101 1938 143 133

72 233 292 289 fierent;
348 239 400 280 et
452 249 582 282 sane
636 230 865 281 ecclesia
918 233 1186 299 praecipit
1228 233 1441 302 dignam
1490 234 1935 284 communionem

75 317 390 388 paschalem
432 327 484 369 et
509 319 847 388 fructuosa-m
887 322 1289 388 susceptionem
1327 323 1712 389 poenitentiae,
1757 329 1808 372 et
1848 340 1936 389 po·

71 415 239 458 testas
281 406 460 458 civilis
501 408 770 475 praecipit
811 408 1198 462 iuramentum.

223 494 283 538 Hi
317 499 445 538 aetus
478 494 646 538 interni
683 509 781 538 011111
816 495 1015 538 externis
1037 497 1287 539 necessario
1307 497 1534 540 coniuncti
1559 499 1801 541 secundum
1826 498 1938 540 alios

71 570 213 612 etiam
246 570 347 623 lege
379 568 682 611 ecclesiastica
714 569 856 611 solum
908 568 1140 624 indirecte,
1191 572 1435 613 secundum
1486 571 1597 614 alios
1646 585 1749 615 vero
1798 571 1937 614 etiam

72 644 175 698 lege
207 643 331 685 civili
368 642 538 685 directe
570 642 925 697 praecipiuntur.

223 732 271 782 2.
316 730 532 783 Certum
577 740 655 781 est
686 740 1000 799 potestatem
1040 733 1242 784 civilem
1287 751 1394 784 non
1431 751 1588 801 posse
1619 737 1935 801 praecipere

71 828 220 871 actus
271 837 404 870 mere
457 820 721 871 internos:
776 819 833 870 hi
888 822 1035 872 enim
1090 821 1160 871 ad
1214 821 1379 872 finem
1433 823 1707 872 societatis
1760 821 1939 872 civilis

73 909 280 960 directe
323 907 461 958 nihil
503 909 809 974 conferunt,
865 910 1069 978 quippe
1125 911 1219 978 qui
1270 912 1435 961 etiam
1487 912 1603 961 sine
1646 910 1751 960 illis
1794 910 1936 960 suffi-

72 1000 280 1048 cienter
320 996 556 1048 obtineri
598 998 782 1065 possit.

225 1102 274 1156 3.
337 1102 666 1171 Disputant,
728 1121 860 1153 num
918 1102 1135 1154 ecclesia
1193 1104 1364 1171 possit
1419 1104 1737 1172 praecipere
1795 1113 1941 1155 actus

73 1210 207 1242 mere
261 1193 510 1244 internos.
607 1190 984 1260 Complurium
1039 1192 1263 1261 quidem
1319 1201 1606 1243 auctorum
1669 1194 1940 1243 sententia

74 1281 234 1331 docet
273 1279 392 1348 lege
434 1280 678 1331 humana
718 1289 872 1331 actus
908 1299 1055 1331 mere
1084 1283 1327 1331 internos
1355 1282 1599 1349 praecipi
1630 1299 1735 1332 non
1763 1299 1936 1349 posse,

71 1378 229 1420 actus
284 1387 412 1420 vero
466 1371 711 1420 internos
772 1387 897 1420 cum
952 1371 1194 1420 externis
1248 1371 1555 1420 necessario
1615 1372 1938 1421 coniunctos

71 1457 247 1509 solum
290 1458 558 1509 indirecte
607 1459 871 1526 praecipi.
952 1457 1237 1509 Sententia
1279 1466 1462 1508 tamen
1505 1458 1788 1509 affirmans
1829 1476 1938 1508 om-

72 1549 203 1597 nino
244 1546 607 1615 praeferenda
649 1554 742 1611 est,
796 1545 1006 1596 scilicet
1059 1564 1334 1597 summum
1377 1546 1696 1615 pontificem
1737 1547 1939 1598 directe

72 1651 228 1703 posse
269 1635 587 1703 praecipere
633 1652 744 1685 non
786 1633 959 1684 solum
1003 1642 1157 1685 actus
1200 1636 1416 1702 mixtos,
1462 1634 1555 1686 sed
1586 1635 1749 1685 etiam
1786 1643 1939 1686 actus

73 1740 219 1773 mere
259 1723 519 1776 internos,

221 1825 261 1853 a.
296 1811 580 1854 Sententiam
613 1816 857 1866 negantem
892 1817 1051 1854 tenent
1083 1825 1118 1854 s.
1143 1812 1350 1862 Thomas,
1383 1811 1578 1865 Saurea,
1611 1812 1937 1867 3.Alpl10nszzs,

69 1884 142 1927 cui
180 1898 352 1940 negans
385 1889 454 1929 est
487 1885 762 1940 probabilior
796 1892 853 1940 (n.
890 1885 1009 1939 100),
1043 1890 1089 1928 et
1134 1885 1335 1940 plerique
1378 1885 1458 1928 alii
1504 1899 1604 1928 cum
1650 1885 1769 1939 11115;
1819 1887 1939 1929 affir-

68 1964 271 2002 mantem
296 1964 486 2003 tuentur
512 1960 763 2009 Cardenus,
786 1961 919 2003 Elbel
941 1959 1004 2015 (n.
1028 1959 1152 2015 33⁶2),
1174 1960 1432 2002 Holsmann
1458 1957 1519 2014 (n.
1544 1959 1667 2015 314),
1694 1960 1941 2002 Ballerim'-

70 2034 300 2076 Palmierz‘
331 2034 392 2087 (n.
429 2034 547 2089 308),
580 2035 851 2089 Bouqm‘llon
887 2038 946 2086 (n.
982 2036 1096 2089 101),
1129 2033 1290 2088 quibus
1322 2034 1529 2076 nonnulli
1569 2034 1650 2076 alii
1694 2047 1738 2076 se
1785 2034 1939 2077 adiun-

69 2111 203 2161 gunt.
270 2107 472 2150 Practice
504 2108 613 2150 haec
636 2108 840 2161 quaestio
865 2123 954 2152 non
977 2113 1046 2152 est
1070 2108 1225 2163 magni
1250 2108 1484 2162 momenti,
1508 2109 1614 2161 quia
1636 2122 1736 2152 raro
1758 2108 1938 2162 accidit,

70 2186 124 2224 ut
158 2182 371 2236 expediat
404 2181 660 2236 praecipere
683 2186 811 2225 actus
835 2195 954 2226 mere
976 2182 1199 2234 internos;
1234 2186 1362 2225 actus
1386 2182 1553 2225 mixtos
1577 2186 1730 2225 autem
1755 2182 1940 2225 eeclesia

70 2255 278 2298 omnibus
331 2255 678 2299 concedentibus
732 2257 893 2299 saltem
945 2256 1167 2300 indirecte
1219 2256 1475 2311 praecipere
1527 2260 1693 2310 pot-est.
1769 2255 1937 2308 Quodsi

69 2330 275 2384 superior
307 2329 639 2373 ecclesiasticus
672 2333 801 2372 actus
835 2343 954 2373 mere
985 2330 1191 2373 internos
1216 2329 1483 2385 praecipiat,
1505 2329 1592 2373 etsi
1615 2329 1711 2372 eius
1735 2332 1938 2384 potestas

72 2404 256 2447 dicatur
289 2403 441 2457 (lubia,
475 2407 629 2446 tamen
662 2417 741 2458 pro
774 2404 925 2446 valore
958 2403 1187 2458 praecepti
1220 2404 1600 2458 praesumendum
1634 2403 1764 2458 eique
1786 2417 1938 2458 paren-

72 2478 185 2521 dum
219 2483 302 2521 est.
351 2477 471 2521 Hinc
504 2478 540 2520 si
573 2477 876 2532 iniungantur
899 2477 1116 2520 exercitia
1138 2477 1415 2532 spiritualia,
1447 2477 1500 2531 is,
1524 2477 1595 2520 cui
1616 2477 1937 2532 iniunguntur‚

72 2552 131 2595 ab
164 2552 257 2595 illis
289 2552 470 2607 integre
502 2552 773 2606 peragendis
806 2565 900 2595 sese
933 2564 1143 2595 excusare
1175 2552 1334 2606 nequit
1367 2551 1449 2594 sub
1482 2555 1738 2606 praetextu,
1773 2551 1938 2606 superi-

68 2639 190 2669 orem
223 2639 312 2669 non
344 2639 472 2681 posse
503 2626 759 2681 praecipere
790 2631 919 2670 actus
951 2639 1071 2670 mere
1102 2626 1320 2670 internos.

222 2700 257 2741 b.
293 2699 379 2753 Qui
410 2703 588 2755 neyaut,
622 2700 691 2744 ita
722 2704 1130 2755 argumentantur:
1164 2714 1254 2744 non
1291 2703 1444 2755 potest
1476 2700 1675 2742 humana
1696 2700 1796 2754 lege
1818 2712 1941 2754 prae·

72 2774 165 2829 cipi
215 2774 286 2817 vel
334 2773 576 2828 prohiberi,
624 2774 750 2817 cuius
798 2775 1003 2818 executio
1052 2774 1263 2818 humanis
1309 2773 1469 2817 mediis
1516 2773 1670 2828 urgeri
1718 2777 1763 2816 et
1811 2773 1937 2816 cuius

72 2848 258 2891 omissio
308 2847 461 2902 puniri
501 2862 590 2891 non
637 2852 813 2903 potest:
862 2850 1036 2892 frustra
1068 2849 1187 2892 enim
1235 2847 1456 2891 eiusmodi
1498 2848 1572 2891 1οΧ
1617 2847 1937 2902 imponeretur.

72 2923 264 2978 Insuper
296 2923 481 2966 eeclesia
514 2926 582 2966 est
616 2922 917 2965 communitas
949 2922 1167 2975 visibilis3
1213 2922 1289 2964 sed
1334 2921 1527 2965 materia
1564 2922 1733 2976 legum,
1776 2920 1938 2975 quibus

76 2997 362 3052 gubernatur
393 2997 696 3040 communitas
728 2996 938 3051 visibilis,
971 2997 1115 3039 solum
1140 3000 1247 3039 sunt
1269 3000 1398 3038 actus
1422 2995 1597 3038 externi
1619 2999 1666 3039 et
1691 2994 1935 3038 sensibiles.

72 3073 276 3116 Tandem
326 3071 513 3115 ecclesia
544 3084 775 3125 nunquam
809 3071 1032 3126 praecipit
1064 3074 1192 3114 actus
1225 3083 1345 3113 mere
1381 3069 1608 3121 internos;
1648 3069 1776 3124 atqui
1820 3068 1937 3123 quod

74 3159 306 3200 nunquam
331 3145 458 3192 facit,
485 3145 669 3188 00010510
690 3146 838 3188 facere
858 3158 948 3187 non
971 3157 1100 3199 posse
1123 3148 1344 3187 censetur.
1399 3143 1484 3196 Qui
1506 3147 1659 3186 autem
1683 3144 1937 3199 affirmant,

73 3220 142 3262 ita
175 3219 355 3262 dicunt:
392 3234 433 3261 α.
467 3218 652 3261 00010510
684 3218 940 3273 praecipere
972 3221 1138 3273 potest,
1172 3217 1392 3272 quidquid
1424 3218 1482 3260 ad
1514 3216 1658 3271 ipsius
1681 3217 1817 3259 finem
1840 3228 1936 3258 con·

73 3293 224 3346 <lucit3
257 3292 385 3347 atqui
419 3292 525 3335 licet
549 3293 734 3335 00010510
756 3292 817 3335 sit
840 3293 1031 3336 societas
1053 3292 1263 3346 visibilis,
1302 3296 1372 3335 est
1397 3295 1550 3334 tamen
1583 3289 1721 3333 etiam
1745 3288 1936 3331 societas

72 3367 329 3422 spiritualis
351 3367 592 3409 intendens
618 3367 755 3409 finem
779 3367 1186 3421 supernaturalem,
1220 3366 1291 3408 0111
1316 3370 1444 3409 actus
1468 3377 1587 3407 mere
1607 3362 1777 3405 interni
1800 3361 1935 3417 probe

72 3440 364 3484 consentanei
397 3443 515 3483 sunt.
582 3441 621 3489 β.
655 3440 864 3483 Potestas
896 3439 1087 3495 legifera
1119 3439 1250 3482 beato
1282 3440 1415 3482 Petro
1447 3436 1686 3480 illimitate
1728 3448 1935 3479 concessa
