2269 3898
689 148 756 190 De
790 148 1083 191 distinctione
1119 153 1417 203 peccatorum.
1849 209 1853 212 Ι
1902 150 1989 192 309

118 286 231 325 actu
262 282 447 324 furandi
480 281 572 324 tria
602 284 787 335 peccata
829 281 1093 336 committit,
1138 282 1174 324 si
1218 296 1290 325 eos
1336 282 1552 325 distincte
1596 281 1897 337 apprehendit
1946 286 1990 324 et

123 356 323 410 singulis
352 368 508 398 nocere
539 354 755 397 intendit.

274 518 404 572 284.
463 518 548 571 Β3
613 517 1006 570 distinctione
1066 520 1442 584 peccatoium
1505 533 1580 570 ex
1638 518 1990 585 pluralitate

116 607 496 661 obiectorum
538 606 829 668 desumta‚
874 605 1079 673 duplex
1120 606 1309 672 regula
1351 615 1429 656 est
1471 607 1792 702 statuenda:
1838 626 1885 657 α.
1925 607 1991 657 de

123 695 340 746 actibus
381 696 639 757 ἱνῑτον7ῑί3,·
681 694 723 746 Ζ).
768 695 833 745 de
875 694 1090 745 actibus
1133 696 1377 747 extemis.

276 801 320 851 1.
376 798 538 849 Actus
590 799 828 849 tutemus
880 801 957 863 (in
1015 798 1251 867 simplici
1315 799 1516 848 affectu
1571 798 1659 848 vel
1712 799 1990 866 proposito

122 887 424 938 voluntatis
466 887 811 956 consistens),
856 889 948 956 qui
992 888 1063 938 ad
1104 887 1262 956 plura
1303 887 1519 937 obiecta
1559 887 1793 937 refertur
1834 888 1889 935 in
1937 904 1991 935 se

116 977 400 1042 distincta,
444 994 658 1044 semper
699 994 871 1026 unum
900 985 1188 1045 peccatum
1224 977 1484 1041 continet,
1526 977 1654 1044 quia
1696 975 1854 1043 plura
1896 974 1990 1025 illa

115 1065 338 1115 obiecta
380 1083 550 1116 unum
595 1065 870 1116 obiectum
914 1065 1116 1115 morale
1141 1084 1243 1133 seu
1262 1064 1453 1138 totale
1456 1065 1822 1131 chstissuunt:
1868 1081 1992 1114 cum

1028 1130 1137 1139 w

121 1156 269 1204 enim
311 1156 507 1205 unicus
549 1156 618 1205 sit
658 1164 811 1205 actus
842 1153 1155 1219 voluntatis,
1198 1153 1357 1222 plura
1387 1153 1600 1204 obiecta
1641 1172 1738 1222 per
1767 1152 1991 1203 modum

122 1244 286 1293 11111113
328 1243 397 1293 ab
440 1243 722 1293 intellectu
763 1243 1257 1312 apprehenduntur
1312 1251 1363 1293 et
1415 1261 1446 1293 a
1498 1242 1780 1293 voluntate
1833 1243 1994 1292 attin-

113 1340 342 1398 guntur.

275 1441 314 1469 a.
352 1426 438 1480 9111
473 1441 578 1482 ergo
623 1428 754 1471 unico
802 1431 908 1471 actu
947 1428 1201 1471 voluntatis
1245 1442 1417 1471 morose
1459 1429 1710 1471 delectatur
1751 1429 1803 1471 de
1835 1427 1993 1470 ‘tribus

121 1500 308 1543 feminis
340 1503 411 1544 vel
440 1509 532 1544 tres
557 1502 781 1545 desiderat
817 1502 1015 1545 eiusdem
1049 1501 1255 1559 rationis,
1288 1515 1429 1544 unum
1462 1506 1695 1556 peccatum
1730 1502 1994 1544 committit.

272 1583 308 1624 b.
345 1582 425 1635 Qui
462 1583 675 1638 proponit
708 1597 786 1637 per
817 1584 1051 1638 integrum
1084 1597 1281 1626 mensem
1316 1583 1527 1626 omittere
1560 1584 1778 1638 officium,
1822 1597 1900 1638 per
1931 1583 1994 1625 in-

114 1664 298 1712 tegram
346 1658 740 1712 quadragesimam
790 1671 879 1700 non
927 1657 1142 1710 ieiunare,
1190 1670 1329 1699 unum
1371 1662 1605 1711 peccatum
1640 1657 1909 1701 committit:
1956 1658 1994 1700 si

119 1738 276 1773 tamen
309 1736 467 1786 postea
491 1732 605 1774 hanc
627 1732 911 1774 Voluntatem
937 1731 1190 1785 exequitur,
1222 1735 1294 1773 tot
1316 1736 1500 1785 peccata
1523 1731 1674 1785 habet,
1708 1736 1816 1785 quot
1840 1731 1994 1774 officia

115 1806 191 1848 vel
225 1805 396 1848 ieiunia
430 1805 623 1859 omittit,
658 1806 764 1860 quia
797 1806 1005 1860 singulae
1047 1806 1309 1848 omissiones·
1350 1806 1476 1848 nullo
1524 1806 1705 1848 vinculo
1754 1805 1991 1848 uniuntur.

275 1902 309 1929 e.
345 1886 429 1940 Qui
466 1888 644 1930 diversa
677 1888 797 1930 mala
830 1892 959 1942 optat
993 1887 1192 1941 inimico,
1226 1901 1260 1930 e.
1296 1900 1341 1941 g.
1374 1887 1628 1941 infamiam,
1662 1892 1995 1942 paupertatem,

125 1968 333 2015 mortem,
376 1975 515 2004 unum
552 1966 785 2016 peccatum
820 1962 1083 2016 committit,
1118 1963 1155 2004 si
1189 1975 1267 2016 per
1299 1963 1480 2004 modum
1515 1962 1650 2004 unius
1695 1962 1803 2004 mali
1837 1975 1888 2003 ea
1921 1974 1994 2015 ap-

125 2036 370 2090 prehendit
403 2040 446 2078 et
482 2040 626 2090 optat.

278 2118 318 2159 cl.
355 2116 439 2170 Qui
472 2131 562 2160 uno
605 2122 711 2161 actu
752 2118 1001 2172 complures
1045 2117 1248 2160 homines
1296 2118 1397 2160 odio
1445 2116 1581 2160 habet
1628 2118 1700 2159 vel
1748 2118 1998 2171 complures

131 2192 362 2234 desiderat
396 2191 607 2245 occidere,
639 2205 780 2234 unum
813 2196 1044 2246 peccatum
1081 2190 1345 2245 committit,
1379 2190 1416 2233 si
1450 2191 1531 2234 sub
1564 2193 1747 2234 confuso
1773 2197 1999 2247 'conceptu

125 2265 410 2319 pluralitatis
449 2278 521 2307 eos
554 2266 764 2320 attingit.

276 2398 423 2442 Nota.
488 2398 675 2442 Obiecta
709 2399 943 2454 disparata
977 2412 1054 2441 seu
1099 2398 1306 2453 specifice
1356 2398 1536 2442 diversa
1583 2413 1724 2442 unum
1774 2398 1998 2441 obiectum

124 2474 296 2515 morale
329 2474 507 2516 efficere
540 2478 786 2527 nequeunt,
830 2473 924 2516 sive
973 2477 1078 2515 actu
1126 2485 1245 2515 mere
1291 2472 1471 2516 interno
1519 2473 1614 2515 sive
1662 2476 1768 2515 actu
1816 2476 2000 2514 externo

121 2547 438 2601 attingant-ur.
503 2546 588 2600 Qui
622 2560 656 2590 e.
692 2560 736 2602 g.
770 2552 862 2590 tres
896 2547 1106 2590 mulieres
1140 2546 1366 2589 desiderat
1403 2547 1605 2590 diversae
1628 2546 1819 2589 rationis
1845 2545 2000 2597 (aliam

126 2621 332 2675 liberam,
366 2621 503 2664 aliam
538 2621 847 2676 coniugatam,
880 2621 1121 2664 monialem
1146 2621 1348 2675 tertiam]
1381 2627 1427 2664 et
1445 2635 1532 2675 qua
1549 2622 1665 2664 tales
1683 2619 2000 2675 apprehendit,

127 2695 220 2738 tria
252 2701 437 2749 peccata
470 2697 724 2738 committit
757 2696 902 2750 specie
936 2702 980 2738 et
1013 2709 1199 2738 numero
1235 2695 1469 2750 distincta,
1504 2695 1609 2750 quia
1641 2709 1730 2738 non
1773 2708 1862 2737 uno
1895 2702 2002 2736 actu

129 2782 208 2823 per
241 2769 423 2812 modum
456 2770 608 2824 unius,
642 2770 719 2812 sed
752 2769 958 2824 pluribus
990 2769 1168 2812 actibus
1193 2769 1449 2812 distinctim
1472 2770 1877 2824 apprehenduntur
1902 2772 1950 2811 et
1977 2781 2004 2810 a

128 2844 371 2886 voluntate
403 2843 718 2898 attinguntur,
760 2856 841 2886 nec
887 2843 935 2885 in
981 2857 1121 2886 unum
1171 2843 1394 2886 obiectum
1445 2843 1599 2898 colligi
1647 2847 1850 2897 possunt.
1916 2841 2000 2895 9111

129 2919 339 2960 horreum
374 2917 577 2959 incendit
611 2918 669 2959 ad
701 2917 1056 2960 interimendum
1080 2917 1316 2959 inimicum
1341 2931 1471 2960 suum
1494 2917 1557 2960 ibi
1582 2917 1896 2971 dormientem,
1928 2917 2000 2959 vel

132 2991 210 3045 qui
243 3005 332 3034 uno
355 2991 452 3033 ictu
486 3004 648 3045 equum
682 2995 728 3033 et
745 3004 959 3034 sessorem
978 2991 1214 3044 interficit,
1249 2991 1335 3032 duo
1369 2995 1554 3044 peccata
1571 2990 1836 3044 committit,
1873 2991 1991 3032 dam-

128 3065 414 3108 nificationis
447 3069 491 3108 et
527 3064 775 3107 homicidii.

278 3213 407 3268 5285.
451 3215 498 3265 2.
555 3213 715 3263 Actus
768 3223 1032 3276 externus,
1092 3214 1185 3281 qui
1241 3212 1312 3263 ad
1365 3212 1523 3281 plura
1576 3213 1792 3263 obiecta
1850 3214 1906 3262 in
1948 3230 2004 3262 se

127 3303 395 3354 distincta
436 3301 684 3367 refertur,
741 3310 858 3353 tum
914 3301 1088 3353 solum
1145 3319 1316 3352 unum
1369 3309 1658 3370 peccatum
1705 3302 2002 3366 constituit,

134 3391 354 3460 quando
400 3390 616 3441 obiecta
658 3390 886 3459 physice
941 3391 1100 3459 plura
1152 3409 1324 3441 unum
1382 3390 1659 3442 obiectum
1709 3388 1913 3440 morale
1956 3398 2011 3438 et

127 3479 294 3531 totale
337 3481 681 3530 constituunt
725 3498 820 3530 seu
874 3498 971 3548 per
1027 3479 1252 3530 modum
1306 3480 1469 3530 unius
1522 3498 1553 3530 a
1595 3485 1777 3530 mente
1819 3495 2009 3547 appre-
