2269 3898
254 136 340 178 :206
995 129 1061 172 De
1094 127 1400 171 matrimonio.

406 269 454 318 3.
507 267 729 334 Tempus
771 262 939 314 luctus
976 260 1402 331 (XVitwenfrist).
1457 256 1842 312 Determinato
1873 262 2142 330 temporis

257 357 432 426 spatio
495 353 742 406 nondum
799 351 985 421 elapso
1043 349 1250 401 viduae
1305 368 1375 400 ex
1426 347 1532 400 hac
1583 349 1932 419 potissimum
1974 367 2142 402 causa

258 462 465 498 novum
516 443 933 495 matrimonium
991 441 1131 492 inire
1188 437 1571 509 prohibentur,
1632 457 1698 489 ne
1758 437 1993 490 dubium
2056 440 2140 505 sit,

259 544 443 586 utrum
485 534 714 603 primuS,
759 550 830 583 an
871 549 1003 582 vero
1046 528 1322 581 secundus
1367 529 1599 579 maritus
1633 528 1947 579 nasciturae
1974 527 2144 597 prolis

259 624 328 674 sit
368 630 536 692 pater.

409 726 455 770 Si
483 730 663 770 constat
681 725 867 768 viduam
888 737 982 768 esse
1003 723 1260 778 gravidam,
1294 721 1333 766 ei
1352 725 1461 765 ante
1479 726 1665 777 partum
1700 722 1759 765 ad
1791 735 1933 765 novas
1955 721 2146 777 nuptias

260 801 456 846 transire
488 814 579 844 non
611 800 747 851 licet;
793 799 830 842 si
865 799 919 842 de
950 797 1238 853 graviditate
1270 810 1362 840 non
1403 800 1599 851 constat,
1643 795 1989 839 matrimonium
2030 795 2146 839 inire

260 876 527 932 prohibetur
559 889 636 919 sex
669 874 899 918 mensibus
933 887 959 916 a
992 876 1139 916 morte
1172 871 1329 915 mariti
1363 871 1565 914 nondum
1600 870 1788 926 elapsis;
1835 875 1880 914 et
1915 871 1951 913 si
1985 884 2145 926 parum

260 950 493 1007 probabile
526 955 595 993 est
628 963 726 993 eam
761 961 856 992 esse
879 947 1137 1003 gravidam,
1171 946 1360 990 obtenta
1384 945 1511 1001 prius
1535 944 1891 1000 diSpensatione‚
1925 949 2030 1000 post
2054 949 2147 989 tres

261 1039 437 1069 menses
470 1024 816 1068 matrimonium
849 1022 966 1066 inire
998 1020 1203 1077 potest¹).

410 1205 542 1260 195.
604 1203 847 1263 Quattuor
897 1202 1276 1273 impedimenta
1325 1201 1637 1252 dirim-entia
1687 1219 1719 1252 a
1761 1200 1953 1252 codice
1994 1199 2149 1252 civili

264 1303 598 1360 statuuntur,
656 1311 797 1363 quae
852 1291 1086 1344 ecclesia
1140 1310 1250 1343 non
1307 1291 1587 1359 agnoscit:
1648 1311 1696 1343 a.
1754 1291 1977 1343 omissio
2030 1308 2146 1360 pro-

264 1384 689 1443 clamationum;
742 1382 786 1434 b.
830 1400 1010 1447 error3
1067 1401 1108 1433 G.
1151 1381 1580 1444 minorennitas3
1627 1380 1676 1434 d.
1723 1381 2036 1451 cooperatio
2078 1379 2150 1432 ad

264 1474 662 1544 perficiendam
705 1472 1113 1542 separationem
1157 1469 1570 1536 matrimonii2).

418 1597 463 1648 1.
516 1594 740 1647 Omissio
775 1593 1004 1644 omnium
1038 1592 1537 1661 proclamationum,
1568 1609 1711 1661 quae
1740 1608 1810 1642 ex
1836 1589 1957 1659 lege
1984 1589 2152 1642 eccle·

265 1687 489 1738 siastica
532 1684 947 1736 matrimonium
990 1681 1126 1733 facit
1167 1680 1439 1747 illicitum,
1483 1699 1553 1732 ex
1596 1680 1786 1732 codice
1825 1679 1978 1732 civili
2020 1680 2155 1732 facit

265 1774 595 1828 invalidum.

418 1895 466 1947 2.
513 1892 714 1959 Quoad
756 1910 987 1944 errorem
1027 1890 1336 1942 notandum
1380 1899 1462 1943 est
1503 1891 1919 1942 matrimonium
1955 1891 2013 1941 in
2050 1888 2155 1941 hoc

268 2003 398 2037 casu
459 1982 598 2035 solvi
653 1999 831 2052 posse,
887 1999 994 2051 quo
1037 1981 1269 2032 maritus
1312 1979 1684 2050 deprehendit
1723 1997 1954 2032 uxorem
1998 1997 2155 2032 suam

267 2077 378 2127 iam
421 2082 550 2126 ante
591 2073 1009 2125 matrimonium
1051 2070 1121 2123 ab
1164 2070 1271 2122 alio
1314 2072 1758 2141 impraegnatam
1801 2070 1985 2122 fuisse.

418 2195 468 2247 3.
514 2196 857 2246 Minoo-ermes
911 2199 966 2245 et
1019 2192 1112 2261 qui
1156 2191 1366 2243 eisdem
1408 2192 1862 2261 aequiparantur,
1906 2188 2156 2241 validum

269 2285 683 2338 matrimonium
738 2283 878 2335 inire
930 2289 1238 2352 nequeunt,
1298 2281 1405 2332 nisi
1460 2279 1771 2350 legitimum
1826 2297 2156 2331 consensum

269 2375 704 2445 impetraverint.

421 2501 469 2532 a.
515 2480 859 2530 Minoo-eomes
913 2486 1056 2543 sunt,
1113 2478 1207 2547 qui
1261 2476 1348 2528 24.
1392 2478 1589 2528 aetatis
1644 2493 1855 2527 annum
1908 2473 2157 2526 nondum

271 2570 707 2640 compleverunt.
804 2567 1229 2620 Minorennibus
1287 2567 1728 2637 aequiparantur,
1791 2565 1885 2635 qui
1945 2582 2044 2634 per
2103 2581 2159 2615 se

272 2658 547 2711 inhabiles
595 2666 724 2710 sunt
772 2657 842 2709 ad
893 2656 1333 2709 contrahendam
1387 2655 1682 2708 iuridicam
1744 2654 2156 2724 obligationem.

272 2747 610 2801 Huiusmodi
669 2755 797 2799 sunt
855 2756 1103 2798 amentes
1157 2754 1209 2798 et
1265 2745 1486 2816 prodigi
1543 2764 1653 2816 qua
1705 2744 1842 2797 tales
1893 2763 1926 2796 a
1973 2743 2158 2796 iudice

274 2838 554 2891 declarati.

423 2943 645 2985 Attamen
676 2941 768 2985 iam
802 2946 910 2985 ante
943 2940 1012 2983 24.
1062 2941 1232 2985 aetatis
1285 2954 1452 2984 annum
1505 2940 1801 2984 filiifamilias
1849 2938 2163 2984 consentiente

274 3021 406 3072 patre
438 3015 642 3059 iudiciali
678 3015 909 3059 sententia
941 3014 1225 3059 maiorennes
1259 3014 1479 3058 declarari
1512 3019 1719 3070 possunt,
1752 3018 1798 3058 et
1828 3014 1997 3070 absque
2021 3014 2160 3058 decla-

275 3091 453 3135 ratione
485 3090 816 3133 filiusfamilias
850 3103 900 3133 eo
933 3090 1031 3145 ipso
1065 3090 1340 3134 maiorennis
1373 3091 1443 3140 fit,
1488 3089 1608 3144 quod
1651 3089 1691 3133 ei
1732 3094 1837 3145 post
1876 3090 1947 3134 20.
1992 3089 2161 3134 aetatis

275 3179 446 3210 annum
481 3165 665 3221 propria
697 3165 956 3209 oeconomia
988 3179 1015 3208 a
1047 3170 1178 3220 patre
1211 3164 1488 3209 conceditur.

431 3360 465 3414 l)
499 3359 544 3405 C.
579 3360 624 3403 C.
658 3361 711 3402 A.
745 3359 773 3414 ξ
808 3359 904 3402 120.
942 3359 1040 3402 1-21.

435 3432 468 3487 ²)
500 3434 571 3477 Ad
603 3434 712 3477 haec
744 3433 896 3477 notari
931 3434 1065 3478 debet
1097 3435 1441 3492 malefactorem
1474 3434 1529 3478 ob
1563 3434 1733 3478 crimen
1766 3433 2057 3478 commissum
2103 3434 2162 3478 ad

280 3521 466 3564 gravem
505 3521 697 3564 poenam
732 3509 1083 3553 condemnatum
1118 3509 1323 3554 validum
1357 3508 1704 3554 matrimonium
1737 3508 1854 3553 inire
1885 3522 1976 3553 non
2018 3521 2162 3564 posse.
