2269 3898
276 145 361 189 178
1010 139 1077 182 De
1109 137 1414 181 matrimonio.

425 299 462 329 c.
516 275 572 327 Si
614 294 724 326 una
767 274 852 325 vel
895 280 1127 341 utraque
1176 290 1304 341 pars
1355 270 1530 322 solum
1580 272 1764 321 renuit
1807 288 2030 340 peryere
2080 270 2151 321 ad

281 368 564 429 ecelesiam,
622 373 676 415 at
730 382 839 415 non
895 363 1078 413 renuit
1132 378 1460 412 consensum
1508 377 1777 411 renovare
1828 377 2010 411 coram
2061 377 2151 428 pa—

279 456 444 509 rocho
487 463 539 506 et
579 452 829 519 testibus,
885 450 1262 518 coniungendi
1318 456 1445 501 sunt
1501 449 1559 500 in
1615 448 1776 500 domo
1827 466 1925 499 sua
1966 447 2055 504 vel
2095 449 2153 498 in

276 546 381 598 alio
424 544 558 610 locO,
603 543 674 595 ad
716 559 879 612 quem
922 557 1149 609 pergere
1191 540 1368 608 parati
1411 546 1552 590 sunt.

429 707 560 761 166.
602 707 687 760 De
728 704 1166 759 revalidatione
1208 704 1282 756 ob
1327 702 1626 756 defectum
1667 701 2032 755 habilitatis.
2100 700 2155 752 Si

281 798 690 850 matrimonium
743 793 1056 846 invalidum
1109 799 1189 844 est
1239 799 1464 861 propter
1517 791 1979 860 impedimentum
2029 790 2155 842 diri-

279 906 448 953 mens,
493 886 718 938 obtenta
758 885 911 954 prius
955 882 1366 952 dispensatione
1409 880 1479 932 ab
1510 880 1926 949 impedimento,
1970 881 2013 931 si
2051 880 2156 931 hoc

276 977 434 1046 lapsu
476 976 737 1044 temporis
779 992 890 1025 non
933 980 1110 1024 cessat
1151 990 1219 1022 ex
1262 989 1317 1022 se
1359 978 1419 1022 ut
1456 970 1920 1040 impedimentum
1948 977 2153 1039 raptus,

276 1067 557 1135 ligaminis
583 1073 702 1130 ete,
746 1064 1159 1115 matrimonium
1200 1063 1258 1112 in
1292 1060 1442 1112 hunc
1484 1060 1709 1112 modum
1754 1059 2154 1112 convalidatur.

427 1154 710 1210 Supponitur
740 1152 1121 1208 impedimentum
1164 1163 1259 1194 esse
1293 1150 1543 1193 occultum:
1591 1148 1760 1193 etenim
1795 1148 1833 1192 si
1866 1149 2157 1204 impedimen-

277 1236 376 1274 tum
411 1229 641 1285 publicum
676 1233 759 1283 est,
803 1240 1044 1271 consensus
1077 1225 1133 1270 ab
1165 1232 1361 1280 utraque
1406 1228 1537 1280 parte
1576 1224 1785 1268 renovari
1832 1224 1965 1268 debet
2010 1238 2157 1268 coram

278 1305 469 1360 parocho
503 1308 549 1347 et
582 1303 791 1346 testibus.

430 1397 476 1448 l.
532 1394 806 1445 Renovari
859 1391 1008 1443 debet
1062 1409 1357 1455 consensus,
1415 1398 1468 1442 et
1520 1389 1745 1460 quidem
1803 1389 1872 1442 ab
1926 1398 2158 1461 utraque

279 1491 449 1554 parte,
508 1485 626 1535 sive
668 1491 901 1552 utraque
943 1500 1068 1551 pars
1124 1482 1241 1532 sive
1283 1499 1395 1531 una
1436 1486 1653 1531 tantum
1695 1481 2158 1550 impedimentum

279 1575 566 1643 cognovit:
621 1592 750 1625 nam
804 1574 848 1624 si
904 1580 1136 1641 utraque
1192 1589 1318 1640 pars
1374 1569 1836 1640 impedimentum
1883 1571 2157 1638 cognovit,

279 1683 349 1715 ex
402 1665 650 1715 omnium
704 1663 976 1714 sententia
1029 1663 1177 1731 prior
1237 1678 1537 1712 consensus
1591 1660 1872 1712 invalidus
1925 1660 2159 1730 ideoque

280 1754 634 1806 renovandus
690 1760 784 1804 est.
867 1753 924 1803 Si
984 1770 1092 1803 una
1144 1759 1359 1802 tantum
1405 1769 1530 1820 pars
1572 1749 2033 1820 impedimentum
2078 1768 2160 1801 co-

279 1845 489 1914 gnovit,
533 1843 697 1893 huius
741 1859 1039 1893 consensus
1069 1840 1138 1892 ab
1167 1840 1426 1892 omnibus
1458 1840 1664 1891 dicitur
1689 1839 1970 1891 invalidus
1997 1848 2161 1910 atque

279 1933 658 1996 renovandus3
704 1930 799 1983 sed
842 1930 1109 1982 affirmari
1155 1929 1319 1981 debet
1360 1931 1527 1981 etiam
1569 1928 1796 1982 alterius
1833 1947 2158 1982 consensum

280 2024 448 2075 fuisse
502 2021 813 2074 invalidum
871 2028 1094 2090 propter
1140 2019 1317 2090 legem
1369 2019 1634 2072 ecclesiae
1684 2021 1992 2071 irritantem
2036 2037 2157 2071 con-

281 2131 502 2165 sensum
556 2115 690 2178 eius,
748 2113 841 2181 qui
893 2129 1018 2162 cum
1074 2110 1472 2180 impedimento
1516 2110 1814 2163 dirimente
1856 2108 2158 2162 contrahit:

281 2221 450 2273 quare
503 2204 667 2253 etiam
722 2201 887 2252 huius
938 2219 1237 2252 consensus
1286 2202 1543 2252 renovari
1588 2200 1767 2253 debet.
1849 2200 2074 2251 Etenim
2116 2201 2159 2251 si

281 2311 423 2344 unus
464 2300 678 2344 tantum
722 2309 1051 2342 consensum
1094 2297 1324 2342 renovat
1362 2298 1414 2340 et
1450 2289 1616 2341 huius
1654 2308 1831 2342 novus
1861 2308 2161 2341 consensus

280 2382 495 2434 accedit
555 2381 626 2433 ad
692 2399 1020 2433 consensum
1082 2381 1308 2432 alterius
1371 2380 1683 2432 virtualiter
1749 2381 2158 2450 perdurantem,

282 2491 391 2525 non
446 2472 682 2524 efficitur
737 2471 1168 2538 matrimonium,
1227 2488 1351 2521 cum
1403 2471 1560 2521 istius
1604 2488 1904 2522 consensus
1945 2469 2014 2521 ad
2056 2468 2162 2520 hoc

280 2563 349 2613 sit
391 2563 626 2631 ineptus

430 2669 479 2721 2.
537 2666 681 2718 Elici
734 2667 898 2718 debet
952 2685 1233 2718 consensus
1272 2685 1436 2717 novus
1479 2686 1511 2716 α
1544 2666 1730 2736 priore
1770 2665 2163 2735 independens:

281 2758 486 2808 etenim
547 2759 590 2809 si
651 2756 1033 2809 tantummodo
1095 2758 1245 2826 prior
1305 2774 1606 2807 consensus
1667 2764 1982 2823 renovatur,
2051 2773 2160 2806 non

282 2847 486 2898 sufficit
528 2847 598 2898 ad
640 2846 995 2899 efficiendum
1039 2864 1234 2897 verum
1277 2847 1711 2913 matrimonium,
1769 2864 1895 2897 cum
1950 2844 2040 2896 ille
2094 2845 2163 2896 sit

282 2936 579 2990 invalidus.
663 2937 846 3002 Quam
889 2937 957 2988 ob
1001 2954 1117 2987 rem
1159 2935 1332 2988 altera
1386 2955 1513 3005 pars
1566 2936 1632 2987 de
1683 2934 1936 2988 nullitate
1977 2935 2160 2986 matri-

283 3028 454 3078 monii
509 3028 719 3077 moneri
773 3026 964 3078 debet:
1029 3027 1073 3077 si
1128 3028 1275 3078 enim
1319 3025 1628 3078 nullitatcm
1672 3026 2009 3078 matrimonii
2051 3043 2162 3076 non

283 3117 581 3183 cognoscit,
637 3134 745 3167 non
802 3116 949 3167 elicit
1006 3135 1212 3169 novum
1273 3135 1619 3184 consensum,
1673 3117 1767 3169 sed
1818 3115 2160 3168 solummodo

284 3212 463 3256 ratum
507 3204 673 3256 habet
712 3208 968 3275 priorem.

431 3308 470 3336 a.
505 3294 612 3337 Ideo
646 3309 702 3338 ss.
738 3295 1115 3350 congregationes
1147 3295 1195 3339 in
1228 3296 1461 3351 rescriptis
1497 3295 1852 3351 dispensationis
1885 3294 1941 3338 ab
1974 3288 2160 3350 impedi-

285 3373 436 3411 mento
471 3368 713 3412 dirimente
746 3369 851 3412 olim
888 3370 1148 3426 exigebant,
1181 3384 1271 3413 non
1305 3371 1450 3414 solum
1491 3374 1543 3414 ut
1577 3373 1874 3414 renovaretur
1906 3382 2161 3424 consensus,

281 3443 358 3485 sed
393 3443 531 3486 etiam
575 3448 628 3486 ut
662 3444 807 3487 altera
850 3458 954 3499 pars
989 3445 1042 3488 de
1081 3444 1301 3488 nullitate
1346 3445 1629 3488 matrimonii
1674 3444 1839 3488 cert-ior
1882 3443 2159 3487 redderetur.

281 3517 501 3560 Attamen
523 3518 600 3561 ubi
624 3531 794 3574 magna
826 3522 893 3561 est
930 3519 1183 3562 difficultas
1208 3519 1482 3564 certiorandi
1505 3521 1698 3563 alteram
1732 3522 1908 3574 partem
1945 3519 1998 3562 de
2029 3518 2162 3561 nulli-
