2269 3898
531 114 597 157 De
631 111 1044 167 dispensationibus
1077 110 1503 154 matrimonialibus.
1871 112 1955 154 135

88 265 285 316 scopus
327 249 644 315 dispensare
701 255 902 314 potest:
960 244 1171 295 subla-to
1231 245 1376 294 enim
1434 243 1829 313 impedimento
1888 262 1955 293 ex

87 355 196 386 una
238 344 408 404 parte,
453 336 618 385 etiam
660 333 830 384 altera
870 351 997 401 pars
1036 331 1211 382 libera
1254 332 1458 383 evadit.
1541 329 1816 382 Convenit
1865 349 1955 381 au-

87 434 213 491 tem,
273 434 332 475 ut
385 424 720 492 dispensatio
764 431 984 490 petatur
1040 420 1109 472 ab
1165 423 1439 490 episcopo,
1496 423 1553 472 in
1603 422 1758 472 cuius
1811 419 1954 471 dioe-

88 515 197 565 cesi
239 513 653 564 matrimonium
696 512 1051 564 contrahitur.

235 602 278 652 7).
324 602 434 666 Qui
476 600 792 651 facultatem
835 600 1003 651 habet
1044 602 1401 671 dispensandi
1445 603 1499 651 in
1547 598 1956 669 impedimentis

86 692 436 751 matrimonii,
479 708 588 741 non
631 708 692 740 eo
735 691 851 758 ipso
895 692 1060 742 etiam
1101 691 1418 742 facultatem
1460 690 1627 741 habet
1655 687 1957 740 cumulandi

86 781 505 849 dispensationes
549 781 582 832 i.
627 797 668 831 e.
725 779 915 830 utendi
970 779 1221 848 pluribus
1277 779 1441 832 simul
1490 776 1846 830 facultatibus
1900 778 1953 826 in

89 868 280 920 eodem
325 887 470 931 casu,
515 869 619 919 nisi
664 867 718 918 id
762 886 1018 936 expresse
1061 887 1381 920 concessum
1424 869 1654 933 fuerit1).

233 957 485 1000 Prohibitio
518 962 673 999 tamen
708 957 969 999 cumulandi
1003 959 1147 1000 solum
1181 961 1402 1002 refertur:
1447 972 1487 1002 α.
1533 957 1590 999 ad
1629 955 1957 1010 impedimenta

87 1032 349 1075 dirimentia
381 1044 519 1086 eaque
552 1031 732 1085 publica
766 1039 809 1073 et
847 1032 884 1080 β.
919 1032 976 1074 ad
1010 1046 1177 1087 casum,
1210 1047 1295 1087 quo
1327 1033 1706 1088 impedimentum
1741 1029 1956 1072 dirimens

86 1106 310 1149 concurrit
329 1119 428 1148 cum
447 1105 740 1160 impediente,
773 1105 899 1147 cuius
935 1106 1213 1160 dispensatio
1246 1112 1504 1150 reservatur
1536 1120 1569 1150 s.
1604 1102 1761 1158 sedi²);
1798 1108 1847 1146 at
1869 1116 1958 1146 non

85 1194 130 1223 se
164 1180 372 1223 extendit
405 1181 462 1223 ad
494 1179 825 1234 impedimenta
858 1181 1033 1223 occulta
1076 1185 1260 1236 propter
1299 1181 1547 1236 periculum
1588 1179 1790 1223 violandi
1835 1176 1958 1230 sigil-

84 1253 246 1308 lum‘0')1
281 1267 417 1308 quare
451 1254 589 1296 etiam
624 1254 720 1297 sine
752 1254 975 1297 facultate
1008 1255 1268 1297 cumulandi
1304 1254 1555 1310 dispensari
1589 1258 1755 1309 potest,
1798 1252 1834 1294 si
1877 1254 1957 1294 aut

85 1329 217 1383 plura
248 1329 579 1383 impedimenta
611 1329 787 1371 occulta
820 1334 901 1371 aut
951 1342 1089 1371 unum
1126 1329 1356 1384 publicum
1402 1340 1447 1373 et
1491 1331 1685 1372 alterum
1732 1327 1955 1370 occultum

83 1408 369 1446 concurrunt.

236 1499 273 1529 o.
317 1479 627 1548 Episcopus
688 1479 745 1529 in
806 1477 1314 1547 dispensationibus
1375 1478 1744 1530 concedendis
1804 1478 1955 1546 sequi

88 1566 251 1618 debet
292 1568 509 1636 praxim
553 1575 774 1618 sanctae
816 1567 960 1618 sedis
1003 1569 1150 1618 circa
1192 1586 1387 1619 causas
1415 1567 1955 1636 dispensationum4).

232 1731 360 1785 134.
404 1731 488 1783 De
530 1731 962 1798 impedimento
1004 1731 1244 1798 publico
1288 1734 1348 1785 et
1376 1732 1630 1785 occulto.
1665 1732 1956 1783 Distinctio

88 1822 145 1870 in
187 1821 584 1889 impedimenta
625 1819 848 1888 publica
891 1830 943 1870 et
1003 1820 1219 1872 occulta
1280 1822 1336 1872 in
1397 1823 1670 1890 praesenti
1730 1822 1960 1872 materia

91 1911 321 1961 maximi
365 1911 627 1960 momenti
671 1919 765 1961 est.

237 2019 284 2049 (ι.
346 1997 617 2049 Publicum
680 1998 882 2049 dicitur
951 1999 1429 2068 impedimentum7
1497 2000 1642 2069 quo'd
1710 2001 1818 2051 iam
1885 2002 1959 2050 ita

86 2089 341 2153 innotuit,
386 2096 445 2138 ut
485 2087 723 2156 amplius
768 2088 930 2139 celari
974 2107 1082 2138 non
1128 2090 1314 2157 possit.
1395 2088 1521 2140 Alia
1564 2089 1959 2158 impedimenta

86 2187 212 2228 sunt
270 2186 467 2228 natura
528 2197 623 2228 sua
674 2178 897 2246 publica
953 2186 1011 2228 ut
1070 2180 1534 2247 consanguinitas,
1596 2179 1835 2230 affinitas
1892 2197 1959 2229 ex

88 2266 284 2335 copula
325 2266 491 2333 licita,
548 2265 773 2335 publica
814 2266 1086 2333 honestaS‚
1149 2269 1401 2336 cognatio
1446 2268 1760 2337 spiritualis,
1820 2287 1959 2338 quae

87 2355 311 2424 quidem
354 2357 406 2406 in
453 2355 645 2407 ordine
687 2356 756 2407 ad
801 2358 1212 2408 matrimonium
1256 2357 1694 2409 contrahendum
1737 2358 1960 2427 publica

87 2444 377 2511 habentur7
422 2446 521 2495 etsi
566 2445 632 2496 de
660 2445 804 2496 facto
833 2445 1047 2496 occulta
1089 2447 1211 2497 sint.
1294 2446 1422 2497 Alia
1463 2457 1590 2498 sunt
1628 2456 1825 2498 natura
1865 2467 1960 2498 sua

88 2532 306 2596 occulta,
350 2535 478 2602 quia
513 2536 762 2585 oriuntur
804 2554 873 2585 ex
902 2536 1119 2586 actione
1147 2535 1492 2605 (plerumque
1535 2536 1956 2606 peccaminosa),

89 2641 229 2691 quae
260 2621 399 2673 clam
425 2622 543 2673 fieri
585 2623 719 2676 solet
748 2636 807 2674 ut
849 2624 1089 2675 affinitas
1133 2642 1201 2674 ex
1244 2624 1439 2693 copula
1480 2624 1686 2691 illicita,
1732 2627 1957 2690 crimen,

88 2710 312 2780 publica
368 2711 624 2763 honestas
665 2731 734 2763 ex
791 2713 1138 2782 sponsalibus
1194 2715 1427 2783 privatis
1470 2725 1521 2765 et
1547 2715 1690 2783 flunt
1723 2714 1957 2785 publica,

88 2802 131 2851 si
173 2809 251 2851 tot
290 2802 537 2869 personis
578 2803 688 2853 iam
730 2803 1103 2869 innotuerunt⁷
1148 2814 1207 2854 ut
1250 2803 1414 2855 celari
1456 2822 1565 2855 non
1610 2806 1834 2873 possint.

238 2890 281 2942 b.
334 2889 600 2941 Occultum
649 2890 850 2942 dicitur
898 2892 1375 2961 impedimentum,
1432 2893 1577 2962 quod
1620 2901 1820 2944 natura
1863 2912 1960 2944 sua

89 2988 141 3030 et
193 2979 336 3030 facto
393 2979 669 3030 occultum
712 2988 806 3032 est.
888 2981 1201 3050 Dupliciter
1254 2990 1430 3050 potest
1483 3000 1598 3033 esse
1651 2982 1958 3034 occultum:

88 3069 294 3118 omnino
326 3067 593 3134 occultum,
619 3069 764 3138 quod
791 3070 1026 3138 (praeter
1055 3072 1436 3138 nupturientes
1463 3080 1515 3122 et
1544 3072 1959 3140 confessarium)

247 3247 273 3299 ¹)
306 3245 352 3288 S.
393 3246 599 3302 Officium
636 3247 702 3289 18.
738 3247 846 3289 maii
882 3248 1020 3300 1869;
1055 3248 1094 3290 2.
1129 3248 1208 3291 iul.
1245 3249 1372 3291 1884.

243 3317 273 3375 2)
309 3319 354 3364 S.
394 3320 601 3376 Offieimn
636 3321 703 3363 18.
739 3334 843 3375 aug.
879 3321 1006 3364 1897.

241 3393 273 3447 ³>
306 3393 352 3437 S.
393 3394 600 3450 Officium
635 3395 702 3437 18.
738 3408 842 3450 aug.
880 3397 1005 3439 1897.

243 3465 276 3519 ⁴)
312 3467 358 3510 S.
397 3467 440 3509 C.
474 3467 529 3509 de
552 3481 686 3524 prop.
712 3469 808 3524 fide
840 3469 879 3511 9.
914 3470 1022 3513 maii
1058 3471 1186 3513 1877.
