2269 3898
311 145 397 188 322
1035 141 1112 182 VI.
1148 143 1214 185 De
1246 141 1459 197 peccatis.

311 279 549 332 malitias
591 278 841 345 includit,
886 296 1026 347 quae
1067 279 1126 328 in
1154 278 1275 346 ipsa
1314 295 1373 328 re
1415 278 1618 341 insunt,
1663 276 1963 328 dummodo
1993 296 2186 347 appre-

311 370 641 422 hendantur.

455 473 566 515 Inde
599 477 682 527 est,
717 472 835 526 quod
869 471 1078 515 Christus
1113 470 1258 513 dicat:
1299 470 1384 524 Qm'
1416 470 1583 513 viderit
1609 470 1846 513 mulierem
1871 471 1931 513 ad
1961 471 2186 526 concupis—

308 548 492 591 cendum
528 561 642 598 eam,
674 547 765 588 iam
798 546 1059 589 moechatus
1092 547 1162 587 est
1193 558 1292 587 eam
1326 545 1370 587 in
1405 544 1540 587 eorde
1573 545 1708 596 3110').
1771 544 1878 588 Ideo
1914 544 2187 587 desiderium

307 622 493 666 furandi
523 622 706 664 calicem
737 626 1049 663 consecratum
1075 619 1302 673 duplicem
1338 618 1565 662 malitiam
1600 618 1717 661 furti
1751 623 1798 661 et
1830 619 2059 673 sacrilegii
2093 632 2190 661 con·

307 698 440 741 tinet.
506 695 793 739 Desiderium
836 694 1051 749 peccandi
1094 707 1194 736 cum
1239 694 1579 748 consanguinea
1613 693 1685 736 vel
1720 693 1813 736 Deo
1858 707 1983 736 sacra
2023 697 2094 736 est
2124 692 2191 736 in-

307 777 456 816 cestus
498 770 746 824 (mentalis)
788 770 859 812 vel
908 767 1198 822 sacrilegium
1241 768 1486 821 (mentale).
1567 767 1713 820 Quare
1757 767 1920 822 gravia
1964 767 2190 810 desideria

306 850 404 890 tum
439 842 659 890 01ίῖθῇῑῖ
662 836 777 888 'tum
818 843 1076 887 inefficacia
1118 843 1165 885 in
1205 843 1486 886 confessione
1531 842 1600 885 ita
1647 843 1865 886 declarari
1911 843 2089 898 debent,
2135 848 2190 885 ut

306 921 445 964 etiam
482 919 854 964 circumstantiae
889 918 1081 973 speciem
1116 921 1349 961 mutantes
1384 922 1653 973 appareant.

457 1027 505 1078 2.
552 1025 900 1076 Desiderium
944 1023 1205 1073 inefficax
1235 1031 1522 1091 peccatum
1555 1042 1664 1074 non
1707 1032 1803 1088 est,
1847 1024 1889 1073 si
1930 1022 2184 1073 condicio

307 1118 557 1184 apposita
598 1114 776 1164 aufert
819 1113 1087 1164 malitiam
1129 1122 1310 1164 actus:
1359 1131 1487 1163 nam
1535 1114 1589 1163 in
1635 1112 1739 1163 hoc
1768 1131 1896 1163 casu
1929 1110 2184 1162 voluntas

307 1206 477 1256 fertur
518 1206 573 1255 in
618 1205 913 1263 obiectum,
959 1202 1105 1271 quod
1137 1201 1345 1253 nullam
1377 1202 1643 1253 malitiam
1676 1203 1936 1267 continet,
1982 1203 2187 1271 quippe

309 1313 473 1364 quam
518 1294 769 1344 condicio
813 1294 1065 1362 apposita
1107 1291 1382 1343 excludat.

459 1413 499 1441 a.
545 1398 757 1442 Condicio
800 1398 1012 1453 apposita
1054 1411 1088 1443 e.
1124 1411 1167 1453 g.
1203 1398 1246 1440 si
1280 1398 1454 1451 liceret,
1494 1397 1538 1440 si
1564 1399 1798 1453 peceatum
1841 1409 1927 1439 non
1973 1398 2107 1449 esset,
2150 1395 2196 1438 si

307 1475 436 1517 Dens·
458 1475 752 1530 permitteret
782 1473 1007 1516 malitiam
1039 1473 1094 1516 ab
1119 1472 1292 1516 obiecto
1327 1473 1565 1516 excludere
1602 1475 1777 1527 potest:
1815 1486 1853 1514 α.
1889 1471 1938 1514 111
1969 1470 2042 1525 iis,
2077 1482 2189 1524 quae

307 1550 450 1592 solnm
486 1549 586 1603 lege
621 1548 821 1603 positiva
864 1548 1184 1602 prohibentur:
1232 1548 1394 1590 vellem
1441 1561 1596 1591 carnes
1646 1547 1891 1601 comedere,
1935 1545 2026 1589 nisi
2070 1548 2189 1588 esset

310 1623 403 1667 dies
437 1623 766 1673 abstinentia&
807 1636 992 1665 uxorem
1029 1623 1251 1677 ducerem,
1296 1622 1333 1664 si
1375 1623 1581 1665 sacerdos
1615 1636 1705 1664 non
1739 1635 1906 1675 essem3
1953 1622 1990 1671 β.
2033 1620 2081 1664 111
2115 1620 2231 1675 iis‚··

309 1711 422 1753 quae
468 1698 568 1752 lege
611 1702 803 1740 naturae
847 1697 1146 1751 prohibentur
1187 1701 1230 1740 et
1279 1697 1579 1740 nihilominus
1625 1697 1871 1751 aliquando
1916 1695 2044 1739 licite
2089 1694 2188 1738 fieri

307 1780 515 1827 possunt:
550 1771 787 1814 inimicum
824 1771 1086 1826 occiderem,
1122 1774 1309 1826 furarer,
1345 1772 1382 1815 si
1420 1760 1541 1815 Deus
1578 1771 1881 1826 permitteret.
1947 1769 2187 1813 Eiusmodi

306 1851 462 1889 tamen
506 1846 729 1889 desideria
771 1860 860 1889 non
905 1848 1048 1889 solum
1095 1847 1255 1902 otiosa,
1306 1848 1383 1890 sed
1430 1849 1694 1901 frequenter
1743 1847 1883 1890 etiam
1934 1845 2189 1900 periculosa

305 1927 424 1964 sunt.
471 1922 555 1965 Sed
590 1921 790 1964 condicio
824 1922 1036 1976 apposita
1068 1922 1297 1965 malitiam
1332 1922 1388 1965 ab
1422 1922 1597 1965 obiecto
1631 1922 1809 1964 auferre
1840 1919 2002 1975 nequit
2038 1919 2086 1962 111
2118 1919 2190 1972 iis,

301 1995 350 2038 in
383 1995 546 2050 quibus
578 1997 780 2041 condicio
815 2002 882 2040 est
915 1997 1228 2053 impossibilis,
1263 1998 1371 2052 quia
1405 1998 1473 2040 ita
1507 2001 1616 2040 sunt
1648 1997 1925 2040 intrinsecus
1959 1995 2096 2050 mala,
2134 1998 2188 2037 ut

306 2084 449 2124 neque
483 2085 560 2126 per
592 2072 738 2114 Deum
784 2072 955 2115 mutari
1001 2073 1177 2128 possint
1225 2086 1260 2116 e.
1295 2086 1338 2128 g.
1385 2073 1766 2129 blasphemarem,
1805 2071 2096 2128 fornicarer,
2150 2069 2194 2113 si

304 2158 390 2187 non
427 2149 548 2188 esses
565 2150 814 2200 peccatum.

453 2235 489 2276 b.
524 2235 644 2290 Ergo
680 2240 866 2290 peccata
899 2242 1007 2279 sunt
1042 2238 1151 2281 haec
1185 2237 1433 2281 desideria:
1480 2237 1645 2280 vellem
1681 2236 1855 2292 ulcisci,
1902 2236 1939 2279 si
1983 2235 2190 2279 sacerdos
2239 2294 2242 2296 ι

303 2323 392 2352 11011
432 2323 597 2356 essem:
646 2310 911 2365 fornicarer,
960 2312 995 2354 si
1039 2326 1130 2355 non
1174 2317 1292 2356 esset
1337 2313 1568 2367 infernus3
1616 2313 1806 2367 furarer,
1849 2311 1886 2354 si
1928 2296 2043 2355 clam
2085 2309 2186 2353 fieri

303 2390 469 2439 posset,
501 2385 608 2439 quia
640 2386 841 2429 condicio
874 2387 1100 2442 apposita,
1135 2401 1249 2442 quae
1283 2388 1341 2431 ad
1365 2388 1491 2431 aliud
1519 2389 1729 2442 refertur,
1757 2400 1847 2430 non
1871 2387 1928 2430 ad
1952 2385 2181 2429 malitiam

303 2464 447 2514 actUS,
479 2459 534 2502 ab
568 2460 741 2503 obiecto
776 2461 988 2505 desiderii
1023 2463 1251 2506 malitiam
1285 2477 1375 2506 non
1409 2463 1627 2506 excludit,

452 2562 484 2590 c.
522 2547 690 2601 Quodsi
724 2550 1092 2594 condicionatum
1118 2551 1393 2595 desiderium
1428 2551 1493 2594 rei
1526 2551 1805 2594 intrinsecus
1838 2551 1986 2594 malae
2018 2549 2188 2606 (forn-i-

302 2637 453 2673 carer,
485 2622 761 2676 vindlaearer,
793 2625 838 2667 si
867 2624 1046 2682 liceret)
1077 2640 1168 2669 non
1201 2631 1271 2669 est
1305 2640 1460 2670 verum
1489 2640 1540 2669 ac
1566 2626 1867 2670 deliberatum
1895 2625 2188 2680 desiderium,

303 2698 379 2740 sed
412 2697 561 2753 magis
594 2698 875 2753 significatio
909 2700 1136 2743 naturalis
1178 2701 1503 2756 propensionis,
1549 2715 1638 2756 qua
1683 2701 1899 2744 voluntas
1943 2700 2015 2743 vel
2057 2713 2189 2755 appe-

302 2771 419 2814 titus
451 2772 699 2816 sensitivus
731 2773 780 2816 in
811 2787 906 2817 rem
942 2776 1108 2818 malam
1152 2777 1314 2829 fertur,
1359 2776 1478 2819 illud
1531 2780 1768 2832 peccatum
1813 2789 1904 2819 non
1949 2781 2033 2830 est,
2083 2774 2190 2830 quia

302 2846 384 2889 hoc
418 2847 691 2890 desiderium
724 2848 794 2891 ita
827 2849 1105 2904 explicatur:
1152 2857 1321 2894 natura
1354 2851 1538 2906 quidem
1583 2852 1632 2895 in
1675 2865 1770 2895 rem
1813 2851 1982 2894 malam
2024 2850 2190 2906 trahit,

303 2921 380 2964 sed
414 2934 510 2964 eam
542 2924 661 2978 nolo,
694 2923 802 2977 quia
833 2924 1064 2979 prohibita
1098 2931 1179 2969 est.

451 3067 582 3124 296.
630 3073 773 3123 Num
807 3072 1008 3125 licitum
1047 3077 1118 3126 sit
1159 3085 1345 3146 optare
1365 3078 1617 3147 proximo
1658 3075 1855 3127 malum
1896 3076 1970 3127 ad
1997 3075 2183 3127 bonum

299 3161 471 3230 finem.
517 3161 758 3214 Licitum
801 3173 883 3215 est
923 3177 1140 3216 servato
1182 3165 1376 3217 ordine
1418 3167 1678 3229 caritatis,
1722 3168 1754 3219 i.
1799 3184 1843 3220 θ.
1887 3166 2187 3230 sibonum,

308 3264 531 3320 propter
571 3251 718 3320 quod
761 3255 1012 3320 proximo
1055 3266 1277 3322 optatur
1317 3256 1523 3307 malum
1566 3255 1919 3326 (physicum),
1964 3243 2190 3324 superat

307 3339 394 3390 vel
436 3339 628 3390 saltem
670 3340 948 3411 adaequat
989 3343 1211 3408 malum,
1258 3344 1404 3413 quod
1447 3346 1497 3395 ei
1539 3352 1774 3413 optatur.

464 3518 489 3563 ¹)
522 3519 689 3562 Matth.
723 3519 765 3574 5,
799 3520 868 3562 28.
