2269 3898
879 139 1021 182 Index
1052 152 1214 183 rerum.
1889 141 1972 183 351

110 363 366 418 scrupulus,
398 361 712 417 scrzqmlosus:
746 360 853 414 quid
888 360 947 402 sit
979 361 1214 415 scrupulus
1249 361 1353 410 189;
1404 362 1640 415 scrupulus
1687 375 1776 404 non
1823 364 1975 405 aufert

231 436 551 479 conscientiam
570 434 767 489 practice
785 439 952 476 certam
966 433 1071 484 189;
1093 447 1251 477 causae
1270 435 1579 487 scrupulorum
1594 435 1701 484 19ος
1719 434 1851 489 signa
1866 435 1947 477 191
1967 450 1973 478 :

234 510 433 553 remedia
466 509 577 559 192;
612 508 901 563 potissimum
936 507 1159 550 obiectum
1195 507 1303 556 193;
1339 508 1497 550 modus
1530 508 1695 562 agendi
1729 522 1827 551 cum
1852 523 1975 552 scru-

222 584 402 640 pulosis
434 583 532 625 193.

117 657 548 702 Semivoluntarium:
585 655 693 710 quid
726 655 788 698 sit
819 655 895 708 293
930 655 1106 698 veniale
1138 659 1372 709 peccatum
1405 669 1493 698 non
1528 656 1702 699 excedit
1736 657 1805 698 29.

118 731 356 786 Superbia:
390 730 499 784 quid
532 730 593 772 sit
625 729 730 780 302;
767 730 990 783 completa
1013 733 1058 773 et
1081 730 1354 784 incompleta
1378 731 1507 784 quale
1530 737 1762 784 peccatum
1787 731 1847 773 sit
1870 731 1974 780 302;

232 804 327 847 eius
359 804 483 847 filiae
515 804 614 847 302.

115 880 380 935 Superiores
415 879 670 933 regulares:
702 879 826 932 leges
859 879 1046 921 condere
1078 882 1266 932 possunt
1303 878 1410 931 1093
1443 877 1490 920 in
1525 878 1686 932 quibus
1719 878 1977 932 dispensare

232 952 409 1008 possint
443 953 542 995 156.

117 1028 450 1083 Superiorissae
484 1026 747 1070 monialium:
793 1027 916 1080 leges
948 1027 1064 1068 ferre
1096 1039 1185 1068 non
1218 1030 1408 1080 possunt
1450 1039 1531 1069 nec
1579 1026 1853 1081 dispensare,
1902 1027 1978 1069 sed

233 1103 378 1145 solum
411 1101 457 1143 vi
490 1100 734 1155 potestatis
770 1100 1078 1143 dominativae
1100 1101 1373 1156 praecipere
1408 1100 1503 1143 109.

117 1177 397 1232 Syn'teresis:
434 1175 541 1230 quid
575 1175 650 1229 sit,
684 1175 904 1228 quomodo
939 1174 1124 1217 differat
1156 1189 1182 1217 a
1215 1174 1489 1218 conscientia
1524 1180 1570 1218 et
1602 1189 1627 1218 a
1668 1176 1859 1219 scientia
1891 1190 1982 1219 mo·

234 1251 319 1294 rali
355 1250 452 1293 182.

117 1324 328 1380 systema
362 1326 554 1369 morale:
588 1325 645 1368 ad
679 1323 787 1377 quid
819 1323 945 1366 iuvet
980 1323 1088 1369 202:
1124 1323 1231 1377 quid
1256 1323 1317 1366 sit
1341 1323 1447 1373 203;
1483 1326 1592 1377 quot
1616 1323 1707 1366 sint
1732 1327 1981 1376 systemata

236 1399 426 1442 moralia
458 1399 568 1454 ‘2043
603 1402 854 1453 systemata
897 1397 1239 1452 probabilistica
1286 1403 1332 1440 et
1380 1397 1823 1452 antiprobabilistica
1870 1398 1978 1446 204;

235 1474 377 1529 licita,
409 1473 575 1517 illicita
606 1473 712 1526 5204;
747 1477 1011 1526 conspectus
1043 1471 1285 1514 historicus
1318 1471 1423 1523 213:
1459 1486 1490 1513 s.
1524 1471 1744 1525 Alphonsi
1779 1471 1875 1514 226.

1008 1614 1092 1654 Τ.

122 1704 448 1749 Taciturnitas:
498 1703 607 1757 quid
655 1702 886 1757 significet
929 1702 1013 1752 30;
1064 1714 1219 1744 sensus
1268 1700 1537 1745 axiomatisz
1587 1702 1663 1756 qui
1708 1705 1839 1754 tacet,
1888 1715 1983 1744 con-

236 1779 407 1821 sentire
439 1778 616 1821 ridetur
647 1777 718 1822 30.

121 1853 454 1908 Temperantia:
498 1852 606 1907 quid
651 1852 713 1894 sit
755 1851 865 1902 257;
916 1851 1012 1894 eius
1057 1850 1281 1894 obiectum
1326 1851 1433 1901 252
1487 1850 1603 1893 vitia
1653 1851 1983 1905 temperantiae

239 1926 448 1982 opposita
469 1926 580 1980 2583
615 1927 710 1970 eius
734 1930 886 1981 partes
909 1926 1173 1980 integrales,
1208 1925 1485 1969 subiectivae
1507 1929 1553 1967 et
1576 1925 1850 1979 potentiales
1874 1926 1980 1975 259;

240 2002 461 2056 quomodo
494 2002 715 2044 servanda
748 2000 809 2044 sit
841 2001 942 2043 306.

120 2077 326 2122 Tentatio
359 2076 606 2132 peccandi:
646 2075 755 2130 quid
788 2075 851 2118 sit
882 2076 963 2125 47;
1007 2088 1119 2129 quae
1152 2074 1415 2117 resistentia
1448 2073 1486 2116 ei
1521 2074 1786 2128 opponenda
1820 2074 1879 2116 sit
1912 2075 1984 2116 47.

123 2151 353 2206 Theoloqi:
387 2164 537 2193 eorum
571 2150 822 2193 auctoritas
852 2150 900 2192 in
933 2149 1166 2204 theologia
1198 2148 1357 2192 morali
1390 2149 1430 2191 9.

119 2225 357 2280 ‘theologia
389 2225 593 2269 moralis:
626 2224 721 2268 eius
754 2229 921 2267 natura
955 2225 993 2266 1.
1027 2224 1076 2273 2;
1112 2229 1181 2266 est
1206 2222 1396 2266 scientia
1420 2222 1688 2276 theologica,
1712 2221 1912 2276 practica
1934 2222 1983 2272 2;

241 2299 336 2342 eius
368 2299 530 2342 relatio
553 2299 609 2342 ad
633 2299 844 2352 ethicam,
880 2298 1186 2352 dogmaticam
1219 2298 1270 2350 4?
1306 2297 1546 2339 methodus
1579 2297 1619 2338 ἵ).
1652 2297 1700 2347 ὃς
1738 2296 1900 2339 divisio
1936 2297 1983 2347 7;

238 2378 393 2416 utrum
427 2374 488 2416 sit
522 2373 728 2416 doctrina
762 2374 816 2416 de
848 2372 1101 2415 virtutibus
1134 2387 1191 2415 an
1226 2372 1279 2415 de
1312 2371 1477 2414 officiis
1501 2372 1549 2421 (ἐς
1586 2371 1680 2414 eius
1702 2372 1852 2414 fontes
1876 2371 1901 2413 8
1927 2385 1980 2419 s.;

240 2448 335 2492 eius
366 2448 627 2504 princl‘ffl'a:
661 2448 768 2502 quid
814 2447 908 2490 sint
943 2448 1009 2490 10.
1047 2448 1121 2496 11;
1169 2447 1264 2490 eius
1313 2459 1572 2500 supremum
1606 2445 1879 2500 principium
1913 2444 1984 2489 23.

240 2537 281 2568 v.
319 2522 547 2577 Principia.

125 2597 294 2643 'theses
327 2597 560 2641 damnatae
593 2611 634 2639 v.
670 2596 998 2651 propositiones
1031 2596 1279 2640 damnatae.

127 2671 328 2716 Tristitia
359 2672 413 2713 de
447 2672 582 2713 bono:
615 2672 746 2725 quale
778 2675 1012 2726 peceatum
1046 2670 1107 2713 sit
1141 2670 1239 2713 298.

127 2747 415 2791 Tutiorismus
447 2746 704 2788 absolutus:
738 2745 846 2800 quid
881 2746 1052 2799 doceat,
1086 2744 1162 2798 qui
1196 2757 1297 2787 eum
1323 2744 1584 2798 defendant,
1619 2744 1838 2797 quomodo
1872 2745 1985 2787 refu—

245 2824 370 2863 tetur
403 2820 511 2871 2053
555 2820 816 2874 mitiyatus:
860 2819 969 2874 quid
1004 2819 1175 2873 doceat,
1219 2818 1294 2873 qui
1328 2831 1427 2860 eum
1463 2818 1725 2872 defendant,
1766 2819 1985 2872 quomodo

246 2896 473 2938 refutetur
505 2894 613 2945 206;
638 2907 759 2949 pars
791 2894 932 2936 tutior
965 2894 1142 2948 quando
1177 2893 1401 2947 sequenda
1435 2893 1534 2934 210.

1011 3035 1096 3076 V.

131 3124 368 3170 violentia:
415 3124 524 3178 quid
568 3124 629 3166 sit
670 3124 752 3176 513
795 3124 1043 3178 quotuplex
1084 3124 1145 3166 sit
1178 3122 1257 3173 51;
1303 3122 1397 3165 eius
1431 3122 1633 3165 influxus
1665 3122 1713 3164 in
1746 3128 1874 3165 actus
1907 3123 1987 3164 hu-

247 3212 402 3242 manos
435 3198 514 3249 52;
559 3211 668 3241 num
702 3198 848 3253 possit
881 3199 1036 3241 cadere
1068 3197 1114 3240 in
1149 3198 1434 3240 voluntatem
1469 3197 1546 3247 51,·
1582 3209 1693 3249 quae
1726 3196 1987 3239 resistentia

246 3273 285 3316 ei
319 3272 583 3326 opponenda
616 3273 685 3314 52.

128 3348 201 3391 Vis
232 3361 273 3390 v.
307 3347 525 3390 violentia.

131 3422 304 3466 Virtus:
338 3420 445 3474 quid
479 3420 539 3462 sit
573 3419 681 3471 2293
714 3419 963 3474 quotuplex
996 3419 1058 3462 sit
1090 3418 1199 3472 2303
1235 3418 1329 3461 eius
1363 3418 1614 3461 subiectum
1649 3417 1750 3469 229:
1791 3417 1885 3460 eius
1919 3417 1988 3459 ob-

252 3495 419 3539 iectum
452 3494 641 3537 formale
674 3497 719 3536 et
751 3493 987 3537 materiale
1019 3493 1126 3545 2293
1160 3492 1352 3535 medium
1387 3492 1592 3534 virtutis:
1627 3491 1734 3545 quid
1768 3490 1852 3544 sit:
1888 3504 1986 3545 quo-
