2269 3898
245 124 302 167 40
983 121 1048 163 De
1081 119 1389 163 matrimonio.

247 276 498 329 eoepressa
538 256 724 326 fictu-ri
778 254 1106 306 matrimonii
1156 255 1295 305 inter
1337 273 1603 324 personas
1650 254 1852 307 habiles
1901 256 1973 306 ad
2014 274 2110 309 con

248 347 569 399 trahendum.

399 438 445 488 1.
500 435 653 502 Vera,
698 433 730 484 i.
763 451 807 484 e.
850 433 1069 483 interna
1105 439 1158 483 et
1196 433 1338 484 seria
1377 450 1504 484 cum
1540 434 1726 484 animo
1758 451 1814 485 se
1843 432 2131 502 obligandi

250 533 301 576 et
342 524 738 592 obligationem
780 521 1066 590 implendi,
1098 539 1221 572 non
1264 529 1493 573 externa
1535 533 1588 574 et
1629 522 1756 574 ficta
1799 530 2030 575 tantum.

397 628 517 671 Num
554 630 766 670 teneatur
798 629 927 669 stare
949 625 1218 682 promissis,
1261 626 1340 681 qui
1364 628 1472 683 ficte
1514 627 1855 670 matrimonium
1886 627 2131 683 promitti&

395 717 436 745 a.
470 703 523 745 In
561 704 670 759 foro
714 703 904 745 externo
946 700 1185 756 promissio
1219 701 1413 744 habetur
1445 715 1552 745 vera
1584 706 1631 745 et
1693 702 1862 757 valida,
1905 702 1994 745 nisi
2038 715 2132 757 pro-

247 776 377 822 betur
409 779 538 828 ficta;
573 777 621 820 in
646 778 759 833 foro
791 776 970 819 interno
1004 779 1159 819 autem
1191 775 1246 829 is,
1279 775 1355 830 qui
1389 776 1731 819 matrimonium
1767 776 2003 832 promittit
2036 789 2131 819 cum

246 854 396 896 animo
428 866 479 895 se
512 851 745 908 oblt'gsamli
775 850 974 905 quidem,
1008 851 1085 893 sed
1118 864 1208 894 non
1232 864 1330 893 cum
1351 852 1503 894 animo
1526 851 1748 906 implendi
1772 851 2133 906 promissionem,

244 942 352 972 vera
385 926 616 982 sponsalia
647 926 777 981 facit,
810 926 1001 980 ideoque
1035 925 1323 980 promissioni
1358 939 1465 970 suae
1498 931 1620 969 stare
1655 930 1850 969 tenetur.

397 1003 433 1046 h.
469 1001 555 1055 Qui
589 1001 739 1044 verbis
772 1000 973 1044 exterius
1008 1000 1189 1055 quidem
1225 1000 1476 1056 promittit,
1519 1004 1567 1043 at
1597 1001 1697 1043 sine
1742 1001 1893 1043 animo
1935 1014 1985 1043 se
2028 1000 2133 1043 obli-

242 1078 401 1134 qandi,
434 1090 540 1120 vera
574 1075 804 1131 sponsalia
836 1089 926 1118 non
959 1075 1088 1130 facit,
1123 1088 1259 1130 quare
1293 1075 1339 1118 ri
1373 1075 1654 1130 sponsalium
1688 1089 1778 1118 uon
1811 1078 1997 1118 tenetur
2018 1075 2134 1118 inire

247 1152 606 1206 matrimonium,
640 1149 727 1194 eisi
751 1152 886 1193 fictae
910 1149 1198 1205 promissioni
1233 1150 1543 1193 iuramentum
1566 1149 1841 1201 addidisset;
1898 1149 1935 1193 si
1978 1154 2134 1192 tamen

245 1242 299 1271 ex
331 1229 443 1271 ficta
474 1225 772 1282 promissione
804 1225 939 1269 alteri
973 1225 1095 1280 parti
1130 1229 1278 1268 ortum
1314 1229 1384 1268 est
1429 1224 1661 1279 damnum,
1706 1225 1814 1268 ficte
1857 1224 2133 1280 promittens

246 1304 325 1346 hoc
359 1314 569 1357 reparare
601 1305 806 1354 tenetur;
850 1299 1010 1355 quodsi
1056 1299 1146 1343 alio
1180 1300 1313 1343 modo
1346 1298 1545 1354 reparari
1580 1312 1670 1342 non
1704 1302 1872 1354 potest,
1915 1298 2013 1354 ipse
2055 1310 2135 1354 per

246 1391 291 1421 se
324 1391 377 1421 ex
410 1376 593 1420 iustitia
627 1374 741 1419 inire
774 1380 958 1419 tenetur
1002 1374 1347 1418 matrimonium
1393 1374 1680 1429 promissum,
1727 1387 1818 1418 non
1860 1373 2041 1428 quidem
2088 1373 2133 1416 vi

245 1456 520 1507 contractus,
545 1452 618 1507 qui
643 1451 797 1495 nullus
821 1455 904 1504 est,
939 1451 1014 1493 sed
1039 1450 1095 1493 ad
1119 1450 1421 1505 reparandum
1449 1449 1665 1492 damnum
1690 1448 1861 1492 iniuste
1893 1449 2075 1492 illatum
2088 1446 2137 1503 ¹).

397 1602 490 1656 38.
558 1603 606 1654 2.
662 1600 997 1664 Deliberccta,
1057 1604 1089 1652 i.
1135 1619 1177 1653 e.
1239 1618 1365 1650 cum
1417 1599 1580 1668 plena
1629 1600 1944 1667 cognitione
2001 1598 2130 1650 obli-

246 1693 500 1761 gationiS,
546 1710 686 1761 quae
729 1710 797 1742 ex
841 1698 1129 1742 contractu
1171 1688 1513 1759 sponsalium
1559 1690 1748 1756 oritur,
1780 1701 1833 1740 et
1861 1707 1986 1740 cum
2018 1707 2133 1758 per·

246 1783 388 1834 fecta
429 1782 717 1833 voluntate
761 1800 815 1832 se
871 1780 1159 1849 obligandi
1218 1781 1384 1831 inita:
1442 1797 1671 1848 gravem
1726 1779 1874 1830 enim
1929 1777 2134 1847 obliga-

247 1873 452 1924 tionem
493 1890 653 1923 nemo
700 1870 807 1923 sibi
850 1873 1133 1940 imponere
1177 1878 1433 1921 censetur
1474 1870 1580 1920 nisi
1624 1887 1692 1919 ex
1735 1868 1978 1938 perfecta
2014 1886 2135 1936 cog-

246 1963 455 2013 nitione
498 1971 549 2012 ct
592 1961 752 2031 pleno
798 1979 1083 2013 consensu.

396 2066 437 2094 a.
473 2051 583 2095 Cum
618 2051 675 2094 ad
711 2050 941 2106 sponsalia
989 2049 1298 2093 contrahenda
1337 2061 1445 2092 usus
1489 2048 1682 2092 rationis
1724 2048 1852 2103 isque
1895 2046 2136 2103 expeditus

245 2127 519 2182 requiratur,
553 2132 690 2182 prout
724 2127 927 2182 perfecta
962 2124 1229 2168 deliberatio
1279 2137 1380 2167 eum
1425 2123 1642 2178 exposcit,
1688 2122 1966 2179 sponsalium
2017 2122 2136 2165 inca-

241 2217 384 2259 paces
417 2206 525 2246 sunt
557 2202 775 2256 infanteS,
809 2201 935 2255 ebrii,
979 2206 1199 2255 amentes,
1248 2199 1358 2254 quin
1406 2199 1545 2242 etiam
1595 2198 1846 2254 semifatui,
1895 2196 2139 2252 semiebrii,

243 2277 636 2321 semidormientes
670 2283 752 2319 etc.

398 2354 434 2396 b.
469 2353 539 2395 Ad
574 2352 727 2395 valide
760 2351 906 2406 igitur
939 2351 1250 2394 contrahenda
1297 2348 1527 2405 sponsalia
1576 2362 1655 2404 per
1699 2362 1744 2392 se
1787 2347 1963 2391 sufficit
2007 2349 2138 2390 aetas

248 2432 415 2486 septem
451 2440 688 2479 annornm,
727 2426 867 2469 immo
900 2425 990 2469 iam
1027 2430 1134 2468 ante
1169 2425 1457 2480 septennium
1493 2424 1646 2467 valide
1680 2423 1886 2467 contrahi
1931 2429 2137 2478 possunt,

249 2504 286 2547 si
320 2503 501 2547 malitia
534 2502 746 2557 suppleat
781 2504 996 2555 aetatem,
1031 2500 1060 2543 i.
1096 2513 1131 2545 e.
1167 2499 1204 2543 si
1239 2499 1364 2543 adsit
1399 2498 1634 2542 sufficiens
1665 2511 1775 2541 usus
1808 2497 2015 2541 rationis.

397 2593 430 2622 c.
467 2577 705 2622 Ordinarie
738 2576 894 2620 valida
929 2580 1036 2619 sunt
1070 2575 1316 2630 sponsalia,
1351 2587 1465 2629 quae
1498 2574 1542 2616 in
1579 2576 1707 2617 aestu
1730 2573 1971 2629 passionis
2014 2586 2050 2616 e.
2092 2586 2137 2628 g.

249 2654 317 2697 ira
350 2654 421 2697 vel
455 2652 712 2696 vehementi
747 2664 898 2695 amore
938 2650 1206 2706 impellente
1247 2649 1596 2704 contrahuntur,
1646 2649 1753 2703 quia
1801 2648 1907 2691 hinc
1953 2646 2136 2702 quidem

250 2733 403 2773 aestus
437 2728 661 2784 passionis
694 2741 794 2771 raro
829 2727 980 2770 aufert
1015 2725 1403 2779 deliberationem,
1453 2738 1567 2779 quae
1610 2724 1668 2767 ad
1713 2723 1919 2779 graviter
1959 2736 2139 2778 peccan-

249 2805 356 2847 dum
392 2810 530 2858 atque
562 2803 662 2846 ideo
695 2803 753 2846 ad
798 2801 1108 2845 contrahenda
1149 2800 1380 2855 sponsalia
1423 2799 1687 2854 requiritur,
1730 2799 1836 2842 inde
1881 2811 1986 2842 vero
2030 2797 2138 2853 quia

251 2878 481 2934 sponsalia
515 2891 569 2921 ex
602 2877 861 2921 vehementi
896 2876 1105 2932 passione
1137 2875 1258 2919 inita
1289 2875 1415 2918 nullo
1449 2875 1547 2919 iure
1582 2875 1872 2918 declarantur
1914 2873 2137 2917 invalida.

407 3056 437 3111 1)
468 3058 568 3099 Duo
603 3057 657 3099 de
707 3057 818 3098 ficta
859 3054 1141 3098 matrimonii
1186 3053 1483 3109 promissione
1530 3053 1735 3097 notanda
1783 3056 1912 3096 sunt:
1961 3066 2001 3094 a.
2052 3051 2138 3105 Qui

253 3134 361 3176 ficte
393 3131 737 3175 matrimonium
771 3130 997 3185 promisit,
1030 3130 1078 3173 in
1122 3131 1220 3173 foro
1271 3133 1457 3172 externo
1507 3129 1565 3172 ad
1613 3128 1731 3171 illud
1778 3127 2135 3170 contrahendum

253 3206 565 3262 compellitur:
601 3205 770 3250 etenim
804 3205 852 3248 in
885 3206 968 3248 hoc
999 3207 1098 3248 :toro
1132 3204 1442 3260 praesumitur
1475 3203 1655 3247 animus
1695 3206 1910 3246 externae
1953 3201 2138 3257 promis-

251 3282 367 3325 sioni
401 3280 644 3324 conformis
677 3280 866 3334 ideoque
917 3280 1057 3324 etiam
1107 3279 1330 3335 obligatio
1364 3279 1421 3322 ad
1453 3279 1517 3335 id,
1550 3278 1669 3333 quod
1702 3277 2007 3333 promittitur,
2048 3275 2138 3319 nisi

254 3357 458 3400 defectus
491 3356 633 3399 seriae
666 3354 922 3398 voluntatis
947 3355 1174 3410 probetur.
1210 3355 1247 3397 b.
1273 3354 1359 3408 Qui
1384 3355 1490 3397 ficte
1512 3352 1857 3396 matrimonium
1887 3350 2139 3407 promittit,

255 3431 481 3475 ordinarie
514 3430 721 3486 graviter
755 3434 911 3485 peccat
945 3435 1103 3473 contra
1134 3429 1381 3484 iustitiam,
1416 3429 1523 3484 quia
1555 3429 1748 3472 altera-m
1782 3430 1959 3482 partem
2000 3426 2048 3469 in
2092 3439 2140 3470 re

255 3506 384 3561 gravi
422 3505 606 3560 decipit,
640 3504 808 3560 quippe
843 3518 955 3559 quae
975 3504 1231 3548 iushabeat
1250 3504 1479 3559 exigendi,
1512 3507 1567 3546 ut
1583 3502 1859 3557 promittens
1877 3501 1992 3545 serio
2009 3506 2137 3556 agat.
