2269 3898
266 103 353 147 166
1005 100 1090 143 ΠΙ.
1124 102 1192 144 De
1223 100 1416 157 legibus.

417 251 457 280 a.
492 236 631 280 Ratio
653 235 804 292 primi
833 238 917 291 est,
951 234 1059 290 quia
1090 234 1140 278 in
1171 236 1255 279 hoc
1287 249 1408 292 casu,
1441 250 1543 280 cum
1588 237 1869 293 praesumtio
1912 239 2031 283 falsa
2075 240 2161 296 sit,

269 312 397 356 deest
429 312 783 355 fundamentum
818 309 936 365 legis
981 323 1060 353 seu
1107 310 1340 366 praecepti
1385 314 1432 354 et
1480 311 1670 367 proinde
1717 312 1858 356 etiam
1907 312 2151 368 obligatio;

269 387 376 430 inde
409 386 615 429 axioma:
656 385 949 442 praesumtio
982 384 1101 428 cedit
1131 385 1328 431 veritati.
1392 385 1513 429 Hinc
1532 386 1583 439 >si
1632 387 1732 442 quis
1765 400 1845 442 per
1876 388 2153 432 sententiam

264 460 430 504 iudicis
463 461 793 504 condemnatur
826 460 1000 504 solvere
1033 461 1253 504 mulctam
1288 466 1475 516 propter
1508 462 1725 505 damnum
1759 462 1816 506 ab
1849 462 2039 506 animali
2073 477 2161 508 suo

264 536 465 590 illatum,
498 549 588 578 non
621 539 806 579 tenetur
839 548 937 579 eam
972 536 1160 591 solvere,
1195 535 1232 579 si
1268 536 1485 579 damnum
1518 551 1610 580 non
1641 537 1737 580 fuit
1768 537 1978 589 illatum;
2030 542 2077 581 et
2112 537 2150 581 si

265 611 322 654 ad
357 611 625 655 solvendum
660 610 857 666 cogitur,
891 610 963 654 uti
996 614 1151 666 potest
1185 612 1363 655 occulta
1396 611 1778 668 compensatione.

414 702 451 747 b.
485 700 624 745 Ratio
657 701 848 745 secundi
878 706 962 756 est,
997 701 1105 756 quia
1136 702 1211 745 lex
1242 715 1333 746 non
1367 708 1529 759 cessat,
1576 703 1667 746 nisi
1709 703 1818 746 finis
1859 703 1978 759 legis
2025 704 2155 748 adae-

259 780 401 832 quate
436 776 700 820 cessaverit:
748 776 864 820 alias
898 776 1018 820 enim
1052 777 1188 832 mala,
1222 791 1337 832 quae
1368 778 1443 821 lex
1485 778 1691 822 intendit
1732 791 2015 834 praecavere,
2058 779 2154 822 effi-

266 851 435 895 caciter
466 865 557 895 non
589 851 941 908 impedirentur,
983 851 1090 907 quia
1122 852 1259 895 multi
1295 852 1382 896 sibi
1431 854 1548 897 falso
1597 854 1925 909 persuaderent
1972 854 2152 897 nullum

264 927 427 973 adesse,
454 926 721 982 periculum.
784 927 905 970 Hinc
938 941 965 971 a
996 927 1192 971 lectione
1225 927 1330 971 libri
1364 927 1586 983 prohibiti
1621 928 1760 972 etiam
1801 929 1881 972 ille
1924 928 2160 972 abstinere

269 1002 416 1058 debet,
451 1003 522 1046 cui
557 1016 611 1047 ex
643 1002 837 1046 lectione
870 1004 1048 1046 nullum
1084 1003 1338 1060 periculum
1370 1003 1597 1047 imminet.
1661 1003 1841 1047 Pariter
1874 1016 1954 1058 per
1979 1006 2154 1047 senten·

261 1077 377 1121 tiam
410 1077 576 1121 iudicis
609 1078 938 1122 condemnatus
970 1081 1156 1122 tenetur
1187 1091 1398 1134 reparare
1448 1078 1664 1121 damnum
1715 1078 1771 1121 ab
1819 1078 2010 1121 animali
2059 1091 2159 1139 suo,

265 1152 351 1196 etsi
387 1152 484 1197 sine
517 1153 651 1209 culpa
684 1167 766 1197 sua
799 1157 1055 1208 causatum,
1088 1153 1196 1209 quia
1227 1154 1302 1197 lex
1334 1167 1425 1197 non
1460 1153 1607 1196 solum
1643 1154 1823 1210 culpam
1857 1153 2034 1209 punire,
2075 1154 2158 1197 sed

261 1228 402 1272 etiam
435 1228 641 1272 homines
675 1229 862 1272 reddere
894 1228 1120 1272 cautiores
1150 1228 1370 1272 intendit.

917 1481 1214 1540 Articulus
1255 1483 1487 1540 tertius,

713 1608 791 1646 De
825 1605 980 1646 modo
1015 1605 1398 1655 obligationem
1431 1606 1709 1657 implendi.

418 1753 546 1810 146.
600 1753 932 1822 Principia.
1019 1756 1063 1806 1.
1122 1754 1262 1823 Legi
1303 1758 1580 1824 negativae
1621 1755 1819 1807 satisfit
1858 1774 1957 1826 per
1998 1756 2161 1807 omis—

260 1845 472 1896 sionem
514 1853 670 1896 actus
712 1844 980 1913 prohibiti
1025 1847 1143 1896 sine
1187 1847 1467 1896 contraria
1511 1845 1826 1897 voluntate:
1868 1845 1961 1897 lex
2003 1846 2152 1897 enim

258 1935 524 2003 negativa
580 1933 658 1985 nil
712 1934 862 1987 aliud
920 1936 1194 2004 praecipit
1234 1937 1341 1987 nisi
1385 1937 1741 1988 omissionem
1784 1945 1956 1989 actus,
2042 1936 2151 2002 Qui

262 2042 390 2094 ergo
435 2023 524 2076 die
566 2026 735 2076 vetito
779 2043 891 2076 non
934 2025 1177 2077 comedit
1219 2044 1429 2094 0011100,
1490 2028 1621 2097 quia
1663 2045 1774 2079 non
1818 2026 2003 2095 habet,
2055 2027 2150 2078 im-

261 2113 376 2184 plet
417 2123 778 2185 praeceptum
808 2115 1199 2183 abstinentiae,
1242 2117 1372 2169 licet
1402 2117 1469 2169 de
1512 2125 1807 2187 praecepto
1851 2136 1919 2169 ne
1950 2118 2159 2186 cogitet

260 2204 506 2274 quidem,
551 2205 714 2257 modo
758 2225 869 2258 non
912 2206 1057 2258 adsit
1098 2208 1333 2259 intentio
1377 2209 1674 2264 contraria.

408 2311 457 2363 2.
502 2310 593 2362 Ad
648 2312 1104 2364 satisfaciendum
1158 2312 1268 2381 legi
1324 2313 1685 2384 affirmat-ivae
1741 2314 2040 2383 requiritur
2100 2322 2158 2363 et

260 2400 482 2468 sufficit,
527 2409 587 2453 ut
628 2420 766 2472 opus
807 2404 1212 2472 praescriptum
1256 2405 1503 2456 humano
1546 2403 1710 2455 modo
1749 2405 1783 2457 i.
1815 2421 1859 2455 e.
1904 2421 2029 2454 cum
2073 2403 2153 2453 in-

258 2493 507 2544 tentione
549 2492 687 2545 illud
729 2493 976 2546 faciendi
1015 2502 1282 2564 ponatur:
1325 2494 1416 2546 lex
1455 2495 1604 2546 enim
1634 2494 1972 2546 affirmativa
1998 2492 2151 2544 aliud

259 2601 374 2635 non
436 2586 711 2654 praecipit
771 2586 877 2637 nisi
939 2587 1122 2655 ipsum
1183 2603 1322 2656 opus
1382 2587 1816 2655 praescriptum3
1887 2585 2150 2655 quoniam

262 2681 448 2725 autem
478 2673 566 2726 lex
593 2674 919 2727 hominibus
944 2676 1204 2745 imposita
1234 2684 1331 2744 est,
1376 2685 1533 2728 actus
1574 2675 1848 2728 humanos
1889 2673 2153 2744 postulat,

258 2766 351 2832 qui
411 2763 622 2817 scilicet
676 2766 918 2817 scienter
971 2774 1024 2817 et
1079 2766 1392 2818 voluntarie
1443 2775 1738 2837 ponantur.
1820 2765 1996 2819 Aliud
2038 2783 2148 2817 non

255 2854 574 2923 requiritur,
619 2855 750 2925 quia
790 2852 918 2907 finis
960 2874 992 2907 a
1033 2855 1347 2925 legislatore
1389 2858 1636 2909 intentus
1692 2857 1794 2908 hoc
1838 2855 2000 2908 modo
2043 2854 2150 2907 suf-

257 2941 510 2995 ficienter
551 2944 789 2997 obtineri
830 2953 1024 3015 potest.

407 3062 447 3092 a.
485 3049 642 3103 Quoad
676 3049 1041 3095 observationem
1075 3052 1193 3107 legis
1225 3054 1481 3097 notandum
1517 3057 1586 3097 est
1620 3052 1824 3097 axioma:
1862 3065 2033 3108 parum
2054 3064 2152 3108 pro

256 3124 398 3168 nilzilo
431 3127 703 3180 reputatur:
736 3126 862 3181 leges
895 3127 1013 3170 enim
1049 3128 1249 3171 humano
1282 3128 1415 3172 modo
1448 3129 1699 3172 servandae
1732 3132 1866 3181 sunt3
1903 3127 1952 3170 in
1985 3126 2147 3170 morali

257 3204 412 3244 autem
457 3199 693 3243 hominum
728 3201 1053 3247 aestimatione
1084 3217 1174 3246 non
1208 3207 1419 3247 censetur
1461 3203 1637 3247 violata
1682 3204 1771 3259 lex,
1816 3215 1930 3257 quae
1972 3201 2152 3246 modice

261 3278 446 3318 tantum
480 3274 695 3318 laeditur.
760 3275 832 3320 Sic
865 3277 941 3331 qui
973 3277 1022 3321 in
1069 3278 1305 3322 recitando
1354 3278 1506 3322 officio
1554 3279 1628 3322 vel
1675 3278 1723 3322 in
1756 3277 1994 3322 auditione
2033 3277 2148 3321 sacri

257 3349 484 3393 modicum
520 3350 630 3406 quid
666 3350 864 3408 omittit,
897 3353 1046 3408 legem
1078 3367 1170 3397 non
1212 3353 1372 3398 violat.
1437 3355 1659 3398 Attamen
1703 3353 1998 3409 excipiendae
2038 3355 2147 3395 sunt

256 3424 394 3480 legeS‚
427 3425 477 3469 in
511 3426 675 3480 quibus
708 3427 870 3471 modus
903 3441 978 3471 eas
1012 3428 1282 3473 observandi
1316 3429 1531 3485 physicus
1565 3444 1591 3473 a
1631 3433 1801 3474 natura
1847 3433 1930 3473 aut
1979 3442 2006 3472 a
2048 3427 2150 3471 iure

255 3503 337 3543 aut
371 3514 397 3543 a
430 3501 673 3546 voluntate
707 3504 909 3547 humana
943 3503 1279 3547 determinatur
1310 3509 1364 3548 ut
1396 3504 1444 3548 in
1477 3504 1648 3549 ieiunio
1671 3503 1876 3549 naturali
1899 3507 2007 3548 ante
2033 3516 2148 3547 com-

2172 3680 2190 3726 ¹⁸&

2206 3658 2213 3663 .
