2269 3898
660 155 724 197 De
758 155 1055 198 celebratione
1088 155 1382 198 matrimonii.
1872 157 1954 199 155

241 287 683 356 7.Dispe11satio
744 307 839 356 pro
900 288 1015 339 foro
1076 289 1289 339 interno
1348 307 1460 339 voce
1518 289 1837 341 conceditur
1896 292 1950 341 in

89 375 429 427 confessione
471 384 591 444 post
630 375 1028 427 absolutionem
1072 376 1540 430 sacramentalem.

237 479 554 522 Determinata
585 480 783 522 formula
817 479 1169 534 dispensationis
1202 493 1291 522 non
1325 481 1671 534 praescribitur;
1715 482 1816 524 ideo
1861 495 1955 524 con-

87 565 208 595 cessa
242 552 525 595 absolutione
558 554 876 596 sacramentali
911 553 1210 596 confessarius
1243 553 1313 596 uti
1348 554 1517 608 poterit
1542 555 1611 597 his
1635 555 1707 598 vel
1730 554 1955 598 similibus

86 625 255 669 verbis:
291 625 489 681 Insuper
522 627 792 669 (tzlctorz'tate
835 628 1077 683 apostolica
1122 627 1236 669 milti
1277 628 1513 670 conmissa
1558 629 1766 684 dispenso
1816 636 1954 672 tecum

85 713 222 755 snper
254 700 566 755 impedimento
596 703 647 754 (e.
683 714 727 755 g.
761 701 1009 744 affinitatis
1043 715 1095 744 ex
1140 702 1299 756 copula
1340 701 1534 755 illicita),
1577 705 1626 744 nt
1667 714 1716 743 eo
1762 715 1847 744 non
1891 703 1957 744 ob-

88 777 236 816 stante
267 775 602 816 matrimonimn
638 775 757 817 inire
791 775 845 818 (si
877 775 968 818 iam
1003 780 1283 818 contractum
1321 776 1404 817 sit:
1440 775 1583 817 denno
1617 775 1751 831 inire,
1790 776 1956 818 valeas.

85 847 139 889 In
173 849 349 890 nomine
382 849 546 890 Patris·
579 851 654 891 ete.

704 1366 1047 1459 Quaestio
1099 1372 1329 1434 sexta.

466 1534 556 1586 De
601 1533 1064 1586 celebratione
1107 1532 1572 1586 matrimonii.

236 1707 531 1775 Agendum
575 1716 653 1759 est
694 1706 761 1758 de
803 1709 887 1769 iis,
940 1727 1079 1777 quae
1130 1716 1250 1758 ante
1301 1707 1745 1773 celebrationem,
1797 1717 1848 1759 et
1890 1709 1956 1759 de

84 1797 167 1863 iis,
212 1815 351 1866 quae
392 1798 445 1847 ιή
489 1798 608 1866 ipsa
648 1799 986 1848 matrimonii
1030 1796 1398 1848 celebratione
1440 1797 1770 1866 praestanda
1812 1806 1954 1851 sunt.

735 2048 1027 2106 Articulus
1068 2049 1302 2122 primus.

520 2186 597 2224 De
630 2185 1141 2234 proclamationibus
1174 2186 1516 2226 matrimonii.

231 2346 358 2400 148.
412 2347 496 2399 De
544 2346 675 2413 lege
724 2347 1287 2414 proclamationum.
1365 2347 1487 2398 Lex
1537 2346 1801 2398 ecclesiae
1851 2348 1953 2399 sub

82 2437 240 2505 gravi
283 2434 533 2504 obligans
575 2437 860 2505 praecipit,
913 2444 971 2486 ut
1019 2438 1449 2501 matrimonium,
1493 2447 1790 2506 antequam
1833 2455 1953 2489 con—

83 2524 347 2589 trahatur,
405 2533 482 2575 ter
536 2545 569 2575 α
616 2526 842 2595 proprio
897 2526 1309 2576 contrahentium
1353 2527 1585 2594 parocho
1637 2527 1803 2577 tribus
1843 2545 1955 2578 con-

82 2614 244 2664 tinuis
296 2613 478 2664 (liebus
525 2614 744 2684 festivis
800 2615 857 2665 in
913 2613 1130 2665 ccclesia
1184 2615 1321 2665 inter
1363 2616 1639 2666 misserrima
1679 2615 1955 2666 sollemnia

72 2702 287 2773 publice
329 2702 731 2766 (lenzmtietzw').

232 2820 273 2847 a.
305 2805 690 2849 Denuntiationes
722 2806 928 2860 publicae
961 2806 1243 2849 matrimonii
1268 2807 1416 2848 banna
1455 2807 1607 2850 vocari
1647 2808 1808 2862 solent,
1841 2821 1954 2862 quae

82 2894 170 2923 vox
203 2880 464 2935 germanica
496 2893 590 2923 esse
624 2885 669 2922 et
712 2880 938 2935 publicam
989 2880 1389 2935 proclamationem
1441 2881 1701 2936 significare
1749 2882 1952 2933 videtur;

84 2954 171 2997 etsi
204 2955 286 2997 hoc
320 2968 452 2997 sensu
483 2968 604 2997 nunc
634 2968 724 2997 non
757 2955 955 3009 amplius
987 2954 1270 2998 adhibeatur.

232 3044 266 3086 b.
302 3043 470 3098 Legem
503 3043 752 3086 bannorum
785 3044 834 3086 in
868 3043 1018 3087 Gallia
1050 3043 1266 3099 primitus
1308 3044 1578 3088 existentem
1625 3046 1863 3089 concilium
1896 3047 1956 3089 la-

81 3123 318 3160 teranense
350 3117 421 3159 IV.
457 3117 539 3160 sub
571 3117 830 3160 Innocentio
863 3117 947 3160 ΠΙ.
994 3118 1051 3160 ad
1099 3118 1357 3162 universam
1406 3119 1635 3163 ecclesiam
1685 3121 1952 3172 extendit‘²);

82 3205 108 3234 a
141 3191 328 3234 concilio
361 3204 465 3234 vero
498 3190 751 3234 tridentino
784 3191 939 3234 eadem
973 3192 1046 3234 lex
1077 3191 1298 3236 innovata
1330 3198 1375 3236 et
1398 3193 1604 3248 pluribus
1637 3195 1810 3238 additis
1833 3208 1954 3249 prae-

82 3264 403 3319 scriptionibus
437 3264 692 3307 accuratius
727 3265 1032 3308 determinata
1063 3266 1171 3308 fuit.

238 3442 265 3494 ι)
301 3442 541 3485 Concilium
574 3442 680 3484 trid.
716 3455 819 3485 sess.
855 3443 925 3485 24.
959 3457 994 3486 c.
1029 3445 1067 3486 1.
1102 3445 1168 3487 De
1200 3447 1379 3488 reform.
1416 3452 1548 3488 matr.

236 3513 266 3560 ²)
302 3515 346 3558 C.
383 3514 529 3568 Quum
563 3515 777 3559 inhibitio
809 3517 836 3559 3
872 3518 943 3560 De
976 3518 1239 3561 clamlestiu.
1274 3519 1477 3575 clespons.
1514 3519 1606 3574 th.
1640 3521 1695 3572 3).
