2269 3898
269 159 354 202 116
1005 150 1072 192 De
1104 146 1411 190 matrimonio.

269 292 457 356 oritur,
514 288 661 358 quod
704 304 847 338 unus
890 285 1190 351 coniugum
1244 279 1501 349 copulam
1543 278 1716 331 habet
1757 297 1884 330 eum
1927 297 2155 330 consan-

270 383 469 449 guineo
514 378 738 429 alterius
779 376 950 444 partis
993 375 1050 424 in
1091 373 1270 441 primo
1313 369 1402 420 vel
1444 369 1687 420 secundo
1729 368 1922 437 gradu,
1990 388 2010 391 ..

415 542 536 597 114.
579 540 830 594 Nomina
868 550 1270 606 personarum
1311 533 1607 586 affinium.

419 650 467 698 I.
511 647 575 696 In
617 643 759 695 linea
801 651 942 694 recta
984 640 1293 692 aseendente
1334 639 1392 689 in
1424 639 1603 707 primo
1645 637 1835 707 yrczclu..

420 750 460 778 a.
495 735 638 785 Socer,
674 733 1084 787 Schwiege1·vate1·;
1121 742 1286 782 socrus,
1321 726 1771 782 Sohwiegermutter.

424 811 458 853 h.
494 809 714 852 Vitricus,
748 807 1019 850 Stiefvater:
1053 817 1261 857 noverca,
1296 802 1605 846 Stiefmutter.

421 903 469 954 2.
513 900 577 950 In
619 897 761 948 linea
804 905 947 947 recta
989 894 1330 945 descendente
1371 895 1429 944 in
1464 893 1640 962 primo
1681 893 1871 960 qraclu.

422 1004 462 1031 a.
498 988 658 1042 Gener,
693 985 1084 1040 Sehwiegersohn:
1118 996 1276 1037 nurus,
1311 982 1763 1038 Sehwiegertochter.

423 1065 457 1106 b.
492 1063 757 1117 Privignus,
792 1060 1050 1111 Stiefsohn;
1085 1057 1317 1113 privigna,
1352 1056 1666 1101 Stieftochter.

421 1157 468 1206 3.
512 1154 576 1204 In
618 1152 761 1203 linea
802 1149 1106 1201 collaterali
1141 1149 1308 1217 primi
1346 1147 1562 1217 qraclns

424 1258 462 1286 α.
496 1242 646 1296 Levir,
683 1241 759 1284 des
791 1241 982 1282 Mannes
1015 1237 1213 1288 Bruder;
1250 1237 1365 1292 glos,
1400 1237 1477 1280 des
1509 1238 1699 1280 Mannes
1733 1236 1998 1280 Sohwester.

425 1319 459 1361 h.
495 1316 713 1370 Sororius‚
749 1315 826 1358 der
860 1315 1113 1358 Schwester
1146 1313 1301 1367 Manu,
1336 1312 1608 1367 Schwager:
1642 1312 1824 1366 fratria,
1859 1311 1936 1355 des
1958 1311 2164 1354 Bruders

541 1390 690 1444 Weib,
726 1389 1033 1444 Schwagerin.

420 1543 543 1599 115.
603 1540 933 1608 Principia.
1019 1541 1066 1590 1.
1111 1538 1375 1590 Affinitas
1430 1557 1494 1589 eoe
1543 1537 1734 1608 copula
1787 1538 1938 1590 licita
1979 1540 2159 1590 matri-

274 1636 522 1687 monium
580 1632 791 1684 dirimit
843 1648 1016 1699 usque
1059 1628 1130 1680 ad
1172 1639 1418 1698 quartum
1456 1629 1681 1698 gyraldum
1730 1628 2002 1681 inclusive
2044 1637 2161 1680 tum
2227 1661 2232 1665 -

273 1725 453 1777 lineae
495 1730 676 1774 rectae
717 1729 834 1772 tum
873 1719 1056 1771 lineae
1100 1717 1494 1786 collateralis1).

426 1829 472 1882 2.
532 1827 789 1880 Affinitas
849 1844 912 1876 eoe
967 1824 1159 1894 copula
1223 1823 1419 1875 illicita
1475 1824 1892 1875 matrimonium
1954 1823 2169 1875 dirimit

275 1937 446 1990 usque
487 1918 558 1970 ad
601 1915 881 1969 seeundum
920 1914 1146 1986 yradum
1194 1913 1470 1966 inclusive
1512 1915 1569 1965 in
1620 1922 1852 1984 utraque
1908 1914 2056 1966 linea
2112 1921 2169 1966 et

276 2028 385 2061 non
426 2008 569 2060 ultra
579 2008 633 2075 2).

427 2113 467 2141 [ι.
503 2097 589 2151 Qui
622 2097 876 2140 fornicatus
910 2100 981 2139 est
1013 2109 1115 2138 euni
1150 2108 1299 2139 sorore
1326 2107 1518 2150 sponsae
1541 2107 1663 2149 suae,
1698 2107 1799 2136 cum
1823 2098 1988 2137 neutra
2010 2097 2167 2149 potest

276 2174 428 2218 valide
462 2173 749 2216 contrahere:
785 2185 874 2214 non
909 2184 1010 2214 eum
1045 2184 1211 2225 sponsa
1243 2177 1434 2226 propter
1466 2170 1851 2225 impedimentum
1885 2168 2164 2220 affinitatis;

278 2264 366 2293 non
400 2263 500 2293 oum
536 2262 685 2292 sorore
718 2248 814 2291 eius
847 2252 1034 2302 propter
1066 2245 1449 2301 impedimentum
1485 2244 1695 2301 publicae
1739 2243 2008 2287 honestatis.
2077 2242 2164 2297 Qui

277 2324 531 2368 fornicatus
566 2331 635 2367 est
669 2337 768 2366 eum
804 2321 1144 2376 consanguinea
1177 2335 1369 2377 sponsae
1403 2335 1510 2365 suae
1543 2321 1592 2363 in
1625 2321 1822 2364 seeundo
1856 2320 2020 2375 gradu,
2063 2333 2165 2363 eum

278 2402 361 2444 hae
393 2400 545 2444 valide
579 2399 844 2442 contrahere
878 2402 1045 2452 potest,
1089 2397 1196 2452 quia
1237 2397 1621 2452 impedimentum
1665 2394 1874 2451 publicae
1907 2393 2166 2437 honestatis

278 2489 367 2519 non
401 2488 447 2518 se
480 2473 690 2518 extendit
722 2473 780 2516 ad
814 2473 1061 2516 seeundum
1095 2473 1313 2527 graduum
1362 2476 1412 2516 at
1445 2485 1659 2527 sponsam
1695 2471 1857 2514 ducere
1888 2484 1979 2514 non
2013 2472 2167 2526 potest

280 2535 463 2606 propter
494 2549 877 2604 impedimentum
912 2547 1179 2591 affinitatis.

430 2626 466 2668 b.
501 2625 611 2668 Cum
647 2624 809 2679 copula
842 2624 885 2666 in
920 2624 1214 2666 matrimonio
1249 2623 1371 2666 cicili
1400 2623 1561 2666 habita
1602 2621 1664 2665 sit
1709 2620 1981 2676 simpliciter
2027 2621 2169 2664 forni-

281 2700 415 2755 caria,
460 2699 670 2742 affinitas
715 2712 769 2741 ex
814 2712 866 2742 ea
910 2702 1012 2741 orta
1057 2697 1405 2741 matrimonium
1441 2697 1621 2741 dirimit
1656 2697 1802 2740 solum
1836 2709 1980 2751 usque
2013 2695 2072 2739 ad
2106 2708 2169 2739 se-

282 2776 476 2818 cundum
511 2766 764 2829 gradumss).

431 2864 464 2892 c.
499 2850 664 2892 Utrum
700 2849 910 2892 affinitas
944 2861 998 2891 ex
1031 2848 1194 2903 copula
1217 2848 1261 2890 ιή
1285 2848 1577 2890 matrimonio
1605 2846 1803 2890 invalido
1827 2846 1988 2890 habita
2012 2846 2167 2889 matri-

284 2924 485 2967 monium
521 2924 709 2966 dirimat
741 2936 883 2978 usque
917 2923 974 2971 ad
1008 2923 1272 2977 secundum,
1315 2937 1373 2966 an
1415 2935 1558 2977 usque
1603 2922 1661 2965 ad
1706 2925 1921 2976 quartum
1956 2921 2168 2976 gradum,

285 2999 548 3054 disputant;
592 3011 727 3052 quare
760 2999 807 3041 in
841 3011 948 3041 casu
981 2997 1175 3041 habetur
1207 2997 1589 3052 impedimentum
1626 2996 1830 3040 dubium.
1894 2995 1940 3039 Si
1973 3008 2080 3050 ergo
2115 2995 2172 3038 de

285 3072 575 3116 matrimonio
609 3073 700 3115 iam
735 3076 967 3116 contracto
1001 3072 1174 3128 agitur,
1208 3072 1425 3115 standum
1460 3077 1528 3115 est
1562 3086 1642 3127 pro
1672 3071 1769 3115 eius
1792 3071 1967 3121 valore;
2003 3069 2042 3113 si
2063 3082 2171 3113 vero

287 3149 340 3192 ale
372 3146 665 3192 matrimonio
700 3148 1006 3191 contrahendo
1040 3147 1212 3203 agitur,
1257 3157 1340 3190 aut
1382 3147 1766 3202 impedimentum
1806 3146 2065 3190 habendum
2099 3147 2170 3188 est

287 3229 520 3278 tamquam
554 3222 747 3276 nullum,
782 3228 862 3265 aut
898 3223 1175 3266 consulenda
1208 3236 1241 3265 s.
1277 3223 1417 3266 sedes.

444 3386 472 3439 Ξ>
504 3385 549 3428 C.
584 3385 681 3428 Non
717 3385 849 3429 debet
883 3387 909 3428 S
942 3387 1014 3429 De
1047 3400 1258 3443 consangs.
1294 3391 1339 3430 et
1369 3388 1499 3444 affin.
1533 3387 1626 3440 (IV.
1665 3387 1754 3442 14).

439 3459 470 3513 2)
505 3460 746 3503 Concilium
781 3460 964 3503 trident.
999 3474 1104 3505 sess.
1139 3461 1209 3504 24.
1245 3475 1278 3505 e.
1314 3462 1353 3505 4.
1389 3463 1456 3505 De
1488 3463 1668 3505 reform.
1704 3467 1838 3505 matr.

441 3536 473 3587 ³]
505 3535 546 3577 S.
581 3534 625 3577 C.
661 3535 706 3577 C.
743 3535 810 3577 17.
846 3540 980 3579 mart.
1016 3537 1145 3579 1879.
