2269 3898
308 136 365 178 322
1044 134 1111 177 De
1144 133 1450 177 matrimonio.

307 269 458 313 monio
493 274 645 313 autem
682 269 819 312 semel
853 272 1166 311 consummato
1199 271 1363 310 neutra
1397 281 1502 322 pars
1525 267 1793 322 religionem
1817 268 1997 323 ingredi
2021 272 2191 324 potest,

306 343 395 387 nisi
430 345 575 386 altera
608 357 712 398 pars
746 342 1003 385 consentiat
1036 342 1107 384 vel
1153 345 1401 397 perpetuae
1444 342 1743 397 seperationis
1785 355 1967 386 causam
2013 342 2194 386 dederit

308 418 403 461 sive
437 431 514 472 per
547 416 826 460 adulterium
861 416 957 460 sive
990 429 1070 471 per
1101 416 1280 471 lapsum
1315 416 1363 459 in
1396 417 1632 460 haeresim.

457 521 490 549 c.
526 505 642 559 Quia
675 519 796 549 nunc
829 505 970 549 etiam
1005 506 1053 548 in
1088 505 1324 548 ordinibus
1357 505 1586 561 religiosis
1620 506 1780 550 stricte
1804 506 1939 549 dictis
1958 507 2194 551 sollemnis

306 580 524 636 professio
557 580 711 624 emitti
744 594 835 623 non
867 584 1021 635 potest
1052 579 1142 622 nisi
1188 580 1385 623 triennio
1427 584 1529 635 post
1572 580 1822 635 simplicem
1864 581 2188 636 professionem

308 656 475 710 elapso,
510 655 546 698 si
579 668 671 698 una
717 668 821 710 pars
864 659 971 698 ante
1013 658 1378 697 consummatum
1427 655 1771 698 matrimonium
1815 655 2083 710 religionem
2127 656 2190 699 in-

308 730 559 785 grediatur,
604 743 709 785 pars
750 729 799 772 in
841 729 1017 772 saeculo
1057 741 1294 772 remanens
1329 729 1480 784 elapso
1514 729 1760 784 compartis
1791 729 2024 773 novitiatu
2065 729 2195 773 adire

306 808 459 859 potest
491 817 524 846 s.
560 804 709 848 sedem
743 804 801 847 ad
849 803 1119 847 solutionem
1168 803 1452 847 matrimonii
1499 804 1590 847 rati
1637 804 1837 847 nondum
1889 804 2190 848 consummati

309 878 619 933 obtinendam,
652 891 708 922 ne
744 878 922 922 diutius
956 882 1196 933 expectare
1231 877 1404 922 debeat.
1472 878 1600 931 Quod
1624 879 1661 921 si
1684 892 1802 921 unus
1826 878 2069 933 coniugum
2096 892 2194 921 con-

306 954 622 1010 gregationem
656 954 917 1009 religiosam
952 953 1243 1008 ingrediatur
1275 957 1413 1007 atque
1444 953 1491 996 in
1527 967 1578 996 ea
1610 966 1896 1008 perseverare
1927 953 2056 1008 velit,
2101 966 2192 996 non

306 1032 434 1072 extat
469 1028 594 1072 aliud
629 1028 828 1072 medium
865 1027 1068 1071 solvendi
1103 1027 1387 1070 matrimonii
1420 1027 1509 1071 nisi
1555 1027 1835 1083 dispensatio
1878 1027 2044 1071 summi
2088 1042 2195 1083 pon·

306 1103 471 1157 tificis,
539 1116 639 1146 cum
695 1102 915 1158 professio
971 1102 1019 1145 in
1076 1101 1432 1157 congregatione
1485 1102 1650 1145 emissa
1704 1102 2049 1146 matrimonium
2101 1115 2191 1145 non

306 1179 467 1221 solvat.

458 1268 499 1310 d.
534 1268 702 1311 Utrum
738 1267 1050 1323 privilegium,
1085 1281 1171 1322 quo
1206 1267 1420 1323 coniuges
1454 1267 1599 1323 primo
1635 1266 1841 1311 bimestri
1864 1281 1954 1310 non
1977 1271 2197 1311 tenentur

307 1341 511 1386 debitum
545 1343 745 1398 reddere,
781 1342 887 1386 solis
919 1343 978 1385 iis
1011 1355 1268 1386 concessum
1304 1343 1379 1397 sit,
1414 1342 1491 1397 qui
1526 1342 1579 1385 de
1611 1341 1820 1397 ingressu
1850 1341 1898 1385 in
1922 1341 2190 1397 religionem

307 1417 555 1462 deliberare
587 1419 764 1473 volunt,
805 1432 863 1461 an
897 1417 1106 1461 omnibus
1140 1418 1426 1473 coniugibus,
1460 1417 1599 1461 etiam
1640 1417 1712 1472 iis,
1757 1416 1833 1472 qui
1876 1417 1931 1460 de
1971 1415 2195 1471 religione

307 1492 553 1537 deliberare
604 1494 783 1547 nolunt,
835 1506 926 1536 non
978 1497 1172 1536 constat.
1236 1492 1446 1547 Plerique
1498 1497 1680 1536 autores
1733 1505 1834 1535 cum
1886 1506 1922 1534 s.
1964 1491 2195 1548 Alphonso

305 1570 367 1623 (n.
401 1568 504 1623 958>
536 1567 751 1612 bimestre
785 1567 993 1611 omnibus
1026 1568 1292 1621 concedunt,
1327 1567 1406 1610 alii
1440 1572 1594 1611 autem
1639 1566 1900 1610 nolentibus
1946 1566 2196 1610 deliberare

303 1643 420 1686 illud
452 1643 678 1699 negant¹j.

514 1838 547 1892 ,ᾇ
580 1840 634 1883 2.
686 1841 770 1883 De
802 1840 1179 1883 matrimonio
1212 1843 1607 1882 consummato
1640 1839 1979 1891 infidelium.

455 1972 759 2046 Quomodo
804 1973 1094 2027 solvatur.
1146 1973 1568 2024 Matrimonium
1598 1974 1756 2024 etiam
1782 1982 2196 2025 consummatum

306 2062 596 2131 infidelium
638 2062 776 2114 solvi
819 2071 998 2131 potest
1039 2063 1153 2114 iure
1197 2062 1376 2113 divino
1420 2064 1476 2114 in
1515 2081 1645 2114 casu
1675 2062 1952 2134 privileyii
1974 2061 2194 2134 paulini

305 2171 399 2204 seu
453 2154 511 2204 in
566 2171 695 2204 casu
752 2151 982 2222 apostoli
1033 2159 1093 2202 ut
1149 2151 1410 2217 dicunt2),
1473 2159 1526 2203 et
1585 2170 1683 2221 per
1743 2152 2195 2222 dispensationem

303 2244 489 2294 summi
527 2242 809 2312 pontificis.

453 2347 549 2390 Hoc
582 2346 877 2402 privilegium
913 2346 1083 2389 dicitur
1110 2347 1364 2402 paulinum„
1398 2346 1506 2401 quia
1538 2360 1564 2390 a
1597 2360 1629 2389 s.
1665 2346 1806 2389 Paulo
1838 2345 1967 2389 nobis
1996 2346 2193 2401 promul-

309 2431 470 2477 gatum
507 2426 604 2472 est;
642 2421 811 2465 dicitur
845 2421 985 2465 etiam
1019 2421 1315 2477 privilegium
1342 2421 1473 2478 fidei,
1507 2420 1614 2476 quia
1645 2421 1693 2465 in
1724 2422 1927 2464 favorem
1961 2420 2070 2464 fidei
2112 2433 2194 2464 seu

304 2496 523 2551 baptismi
559 2496 786 2540 divinitus
820 2510 1078 2540 concessum
1125 2501 1209 2543 est.
1274 2496 1327 2538 In
1370 2495 1731 2550 interpretandis
1778 2509 1815 2539 s.
1859 2495 2004 2538 Pauli
2039 2494 2193 2538 verbis

306 2580 494 2615 eatenus
531 2571 813 2615 dissentiunt
846 2570 1065 2626 theologi,
1100 2571 1218 2626 quod
1252 2570 1332 2614 alii
1366 2571 1604 2614 affirment
1635 2570 1730 2614 illis
1763 2570 2047 2626 promulgari
2069 2575 2189 2626 pote-

305 2650 473 2690 statem
506 2646 773 2690 immediate
807 2645 1027 2700 divinam,
1075 2645 1155 2689 alii
1188 2658 1293 2688 vero
1342 2649 1509 2700 putent
1556 2659 1608 2689 ea
1655 2645 1865 2689 exhibere
1911 2648 2190 2701 potestatem

306 2721 451 2764 solum
485 2721 686 2765 mediate
738 2721 957 2776 divinam,
1005 2720 1273 2764 immediate
1316 2733 1420 2763 vero
1468 2720 1689 2776 apostolis
1738 2724 1783 2764 et
1831 2721 2043 2764 ecclesiae
2090 2734 2188 2763 con-

306 2809 489 2839 cessam.
555 2796 719 2840 Verum
754 2796 1051 2852 praeferenda
1085 2799 1153 2839 est
1186 2795 1309 2850 prior
1349 2795 1602 2850 sententia,
1643 2809 1744 2838 cum
1785 2809 1821 2838 s.
1871 2795 2079 2852 Officium
2120 2808 2194 2839 ex-

462 2991 490 3045 1>
525 2991 592 3034 Cf.
627 2991 739 3047 Fej’e
771 3005 813 3034 n.
849 2991 949 3034 517.
989 2991 1173 3034 Ge'nicot
1202 2990 1447 3033 11.11.c313‚
1484 2990 1716 3046 [iasparri
1734 2990 1771 3032 Ι.
1801 3004 1845 3033 n.
1867 2990 1969 3033 437.
2003 2989 2195 3042 Noldin,

306 3065 372 3109 De
408 3068 535 3109 sexto
569 3070 809 3121 praecepto
843 3072 927 3110 etc.
960 3080 1004 3111 n.
1038 3065 1108 3108 81.

462 3139 494 3195 Ξ)
531 3140 604 3197 „Si
641 3141 740 3195 quis
773 3143 917 3184 frater
949 3154 1135 3184 uxorem
1168 3139 1307 3184 habet
1339 3140 1574 3184 infidelem
1608 3144 1655 3184 et
1684 3140 1793 3183 haec
1816 3138 2044 3182 consentit
2067 3137 2191 3181 habi·

304 3224 402 3259 tare
436 3230 536 3260 cum
569 3216 665 3271 illo,
699 3229 788 3259 non
838 3216 1050 3259 dimittat
1099 3215 1242 3260 illam.
1307 3215 1368 3258 Et
1417 3215 1454 3258 si
1503 3229 1592 3270 qua
1640 3214 1804 3258 mulier
1851 3213 2003 3257 fidelis
2050 3212 2193 3256 habet

302 3292 451 3334 virum
484 3291 719 3334 infidelem
753 3294 799 3333 et
831 3291 905 3333 1110
937 3290 1166 3334 consentit
1194 3289 1403 3333 habitare
1426 3304 1526 3333 cum
1550 3289 1646 3344 illa,
1678 3303 1768 3333 non
1788 3288 2000 3332 dimittat
2021 3287 2185 3332 virum.

305 3364 474 3419 Quodsi
507 3365 710 3410 infidelis
745 3364 953 3420 discedit,
989 3365 1220 3409 discedat:
1261 3378 1352 3408 non
1392 3364 1512 3408 enim
1554 3363 1769 3408 servituti
1805 3362 2107 3418 (matrimonii
2139 3362 2191 3405 in

302 3439 584 3483 infidelitate
618 3440 859 3495 contracti)
903 3440 1132 3484 subiectus
1166 3447 1235 3484 est
1282 3442 1427 3483 frater
1459 3443 1541 3483 aut
1574 3452 1697 3482 soror
1728 3438 1776 3482 in
1809 3437 2093 3489 huiusmodi3
2138 3435 2189 3479 in

305 3528 413 3569 pace
447 3518 601 3558 autem
636 3515 820 3559 vocavit
852 3529 933 3559 nos
966 3516 1130 3559 Deus.“
1199 3516 1237 3558 1.
1272 3515 1370 3559 Cor.
1407 3516 1445 3569 7,
1481 3514 1536 3557 12
1569 3527 1626 3558 ss.
