2269 3898
710 118 776 160 De
809 116 1060 160 virtutibus
1094 117 1411 160 cardinalibus.
1907 120 1992 162 ‘281

271 249 315 302 b.
359 249 612 301 Praemio
654 250 930 301 essentiali
965 249 1327 302 beatitudinis
1366 258 1621 302 aeternae
1665 253 1991 320 martyrium

116 337 278 389 addit
337 340 643 407 praemium
706 338 1047 389 accidentale
1107 339 1316 390 scilicet
1376 339 1645 391 aureolam
1705 350 1994 411 martyrum

120 435 342 495 propter
383 429 656 496 insignem
699 428 990 478 victoriam
1036 429 1100 479 de
1143 429 1348 479 mundo
1391 429 1634 482 relatam.

269 516 471 557 Aureola
514 515 776 558 conceditur
819 515 873 558 ob
917 517 1209 559 excellentem
1256 516 1495 560 victoriam
1539 519 1592 561 de
1639 519 1767 561 hoste
1814 518 1861 561 in
1911 519 1994 561 hac

118 589 218 632 vita
264 594 568 644 reportatam:
623 590 700 632 sed
733 589 902 644 triplex
935 595 1003 632 est
1046 590 1212 633 hostis:
1259 591 1469 643 mundns,
1516 605 1622 634 caro
1667 596 1712 634 et
1754 592 1994 639 diabolus:

116 676 225 718 ergo
274 663 442 717 triplex
488 667 558 706 est
601 664 823 707 excellens
863 664 1070 718 victoria,
1118 664 1186 707 cui
1238 665 1420 708 aureola
1459 665 1699 708 tribuitur:
1749 669 1994 721 matyrum,

114 738 195 792 qui
244 738 479 792 mundum,
531 738 771 793 viminum,
819 752 931 792 quae
981 752 1174 791 carnem,
1234 744 1279 782 et
1333 739 1579 781 doctorum.
1632 739 1707 793 qui
1763 739 1991 782 diabolum

116 811 323 854 vicerunt
333 810 374 865 ι).

754 1047 1049 1105 Articulus
1093 1050 1350 1121 quartus

793 1167 886 1209 De>
904 1171 1276 1219 temperantia.

262 1316 391 1370 257.
433 1315 580 1369 Eius
621 1318 860 1370 natura.
945 1319 990 1371 ,1.
1042 1319 1433 1386 Temperantia,
1487 1326 1647 1386 prout
1702 1327 1781 1369 est
1819 1321 1987 1370 virtus

110 1405 426 1472 cardinalis,
471 1414 552 1456 est
593 1407 784 1467 virtus,
828 1424 968 1475 quae
1011 1406 1327 1457 moderatur
1363 1408 1669 1475 appetitum
1712 1409 1767 1458 in
1812 1408 1989 1459 delec-

112 1495 416 1547 tationibus
455 1504 648 1562 gustus
690 1505 742 1545 et
782 1504 978 1548 tactus.

262 1598 303 1629 α.
347 1584 672 1639 Temperantia
714 1583 762 1626 in
807 1597 970 1638 genere
1016 1597 1092 1627 seu
1134 1584 1297 1626 latiore
1346 1597 1479 1627 sensu
1512 1588 1696 1639 accepta
1730 1585 1988 1639 appetitum

108 1659 491 1715 concupiscibilem
525 1658 682 1711 (etiam
707 1657 1016 1714 spiritualem)
1051 1661 1251 1701 refrenat
1285 1663 1331 1701 et
1364 1659 1627 1701 moderatur
1655 1659 1703 1702 in
1727 1672 1991 1713 quacunque

107 1747 157 1776 re
189 1737 347 1776 contra
379 1733 660 1788 praescripta
692 1732 885 1775 rationis
919 1733 1163 1787 alliciente,
1206 1733 1474 1788 praesertim
1516 1734 1662 1788 qIJQd
1708 1734 1901 1777 honores
1922 1738 1988 1778 et

110 1809 403 1876 thes;
433 1807 741 1862 temperantia
774 1807 982 1862 specialis
1015 1808 1274 1863 appetitum
1299 1807 1691 1862 concupiscibilem
1717 1807 1987 1851 sensitivum

110 1883 260 1937 quoad
293 1883 556 1936 voluptates
590 1881 824 1925 sensibiles
857 1887 1022 1936 gustus
1066 1888 1109 1925 et
1152 1886 1305 1925 tactus
1337 1884 1552 1936 refrenat,
1594 1895 1720 1936 quae,
1761 1896 1858 1924 cum
1896 1882 1989 1924 sint

111 1956 553 2010 vehementissimae,
587 1956 800 2011 indigent
834 1956 1016 2011 speciali
1052 1957 1226 2000 virtute
1259 1965 1338 2000 eas
1367 1958 1644 1999 moderante.

262 2031 298 2073 h.
332 2031 454 2086 Ergo
488 2031 627 2074 etiam
662 2031 969 2086 temperantia
1003 2032 1230 2074 hominem
1265 2032 1653 2096 Qfid...a.l.tsstum
1678 2031 1874 2086 ordinat,
1910 2031 1987 2089 sed

108 2105 395 2170 adse—metir)
401 2119 496 2148 sum
506 2139 514 2147 .
1915 2089 2001 2109 N*

260 2181 308 2232 12.
364 2178 658 2231 Obiectum
716 2180 992 2231 materiale
1053 2181 1359 2250 proacimwn
1413 2188 1539 2231 sunt
1593 2179 1988 2231 delectationes

107 2279 300 2337 gustus
342 2279 395 2320 et
435 2280 642 2335 tactus,
687 2271 966 2321 obiectum
1011 2269 1295 2322 materiale
1321 2278 1572 2320 remotum
1614 2277 1740 2320 sunt
1783 2269 1892 2320 cibi
1936 2277 1990 2319 et

109 2368 269 2428 potus
312 2366 364 2409 et
404 2366 559 2409 actus
614 2361 856 2424 venerei,
910 2359 979 2410 ad
1039 2378 1174 2428 quos
1229 2358 1353 2409 illae
1407 2358 1800 2409 delectationes
1854 2368 1985 2409 tam-

109 2467 275 2518 quam
318 2448 387 2499 ad
432 2467 622 2499 earum
667 2448 944 2500 obiectum
997 2449 1310 2499 referuntur
1409 2446 1704 2499 Obiectum
1762 2447 1987 2508 formale

106 2546 188 2588 est
229 2536 495 2589 naturalis
541 2538 814 2603 honestas,
864 2555 1004 2606 quae
1046 2539 1102 2587 in
1146 2556 1206 2588 eo
1251 2538 1516 2602 consistit,
1561 2536 1706 2605 quod
1734 2536 1859 2587 illae
1902 2556 1986 2587 ae-

107 2628 284 2677 tiones
326 2644 389 2677 ea
433 2627 809 2678 moderatione
852 2634 1231 2693 exerceantur,
1276 2645 1416 2695 quae
1458 2626 1713 2693 dignitati
1758 2634 1986 2677 naturae

110 2715 395 2766 rationalis
437 2717 749 2768 conveniat.

258 2804 583 2859 Temperantia
616 2817 723 2859 ergo
758 2804 967 2859 specialis
1000 2809 1210 2848 versatur
1242 2805 1359 2847 circa
1385 2803 1723 2858 delectationes,
1758 2818 1871 2858 quae
1894 2818 1986 2859 per-

105 2878 344 2933 cipiuntur
387 2878 435 2920 in
481 2877 575 2920 illis
621 2878 893 2932 actionibus,
937 2892 1050 2933 quae
1082 2883 1251 2922 natura
1284 2892 1364 2921 sua
1404 2878 1675 2921 ordinantur
1717 2879 1775 2921 ad
1819 2892 1987 2921 conser-

106 2953 339 2996 vationem
384 2952 615 2995 individui
658 2959 704 2995 et
748 2953 925 3008 speciei.
992 2953 1222 3008 Siquidem
1256 2954 1377 2996 Deus
1420 2952 1676 2995 actionibus
1708 2953 1987 3008 necessariis,

109 3026 271 3081 quibus
304 3039 448 3081 genus
471 3027 720 3070 humanum
745 3031 1038 3071 conservatur
1073 3033 1119 3071 et
1141 3031 1437 3083 propagatur,
1470 3027 1639 3070 adiecit
1663 3027 1987 3071 delectationes

106 3102 410 3155 vehementes,
436 3101 598 3155 quibus
620 3101 825 3144 homines
848 3103 905 3144 ad
928 3102 1032 3145 illas
1055 3102 1256 3145 actiones
1277 3101 1590 3145 invitarentur
1612 3106 1658 3144 et
1680 3102 1982 3145 allicerentur.

106 3176 176 3218 Ex
219 3175 478 3218 intentione
517 3175 666 3229 igitur
708 3176 906 3218 auctoris
950 3180 1143 3219 naturae
1175 3175 1293 3218 nihil
1325 3175 1536 3230 impedit,
1580 3176 1819 3230 quominus
1853 3177 1986 3219 homo

105 3249 154 3292 in
186 3250 282 3293 illis
315 3249 570 3293 actionibus
603 3250 824 3304 ponendis
857 3264 884 3293 a
919 3251 1219 3294 delectatione
1263 3255 1502 3294 moveatur
1544 3263 1730 3305 eamque
1772 3251 1986 3293 intendat

106 3324 238 3366 modo
272 3325 410 3367 finem
445 3323 730 3378 primarium,
771 3324 847 3378 qui
881 3328 950 3368 est·
984 3325 1266 3369 conservatio
1300 3329 1347 3368 et·
1379 3324 1650 3380 propagatio
1685 3324 1862 3380 speciei,
1905 3339 1986 3369 nec

263 3471 290 3524 ¹)
322 3471 368 3517 S.
409 3471 615 3514 Thomas.
649 3472 803 3526 Suppl.
840 3486 879 3526 q.
914 3473 984 3515 96.
1019 3487 1058 3515 a.
1095 3475 1132 3515 l.
1168 3488 1203 3515 (¹.

537 3632 578 3640 «fr
899 3617 904 3624 '
924 3608 934 3625 s
1115 3630 1122 3638 a
1180 3634 1184 3637 ,
1256 3624 1263 3630 ⁷
1446 3616 1449 3617 ⁷

19 3606 147 3722 a»
209 3663 231 3679 .
279 3674 292 3686 ,-
837 3632 1036 3669 a
1337 3659 1377 3685 .,,.

101 3689 109 3697 .
215 3675 273 3697 no
334 3689 354 3701 2.
374 3688 423 3706 ,ψῃ
444 3687 519 3708 (ΔΙ
560 3670 608 3703 ἵν,>
729 3679 762 3708 ι’,
903 3680 919 3694 υ
960 3684 970 3691 ν
1015 3694 1031 3699 Ἠ
1108 3686 1153 3702 «ψ
1183 3685 1185 3688 -
1216 3687 1257 3746 ί.
1280 3677 1302 3688 ν
1462 3676 1501 3690 ⁹⁴*
