2269 3898
264 163 319 204 72
1006 155 1072 196 De
1105 151 1411 196 matrimonio.

265 296 351 342 sed
386 293 602 340 debitum
646 304 741 336 non
782 288 936 334 solum
981 286 1210 342 reddere,
1261 285 1348 331 sed
1395 285 1547 331 etiam
1591 289 1765 343 petere
1809 288 1988 342 potest,
2039 284 2155 341 quia

266 369 552 416 castitatem
599 365 791 410 directe
837 375 928 407 non
974 361 1126 417 vovit,
1178 360 1424 418 susceptio
1472 359 1697 405 ordinum
1741 372 1859 405 vero
1903 356 2043 404 facta
2077 365 2154 404 est

264 440 598 500 impossibilis.
663 453 695 482 c.
731 438 1059 495 Recuperata
1107 435 1349 481 libertate
1382 434 1504 486 ⁷sive
1557 447 1648 493 per
1699 432 1999 478 adulterium
2049 432 2154 479 sive

262 530 353 575 per
385 519 593 560 mortem
636 512 845 559 alterius
879 511 1055 570 partis,
1096 514 1243 567 urget
1277 508 1518 566 obligatio
1552 508 1672 564 voti,
1719 507 1816 553 nisi
1849 507 2055 553 obtenta
2089 507 2156 553 sit

266 588 570 648 dispensatio
607 593 692 632 aut
727 586 830 632 eius
866 585 1151 632 observatio
1183 582 1326 630 facta
1361 584 1429 629 sit
1463 583 1723 629 moraliter
1757 581 2093 641 impossibilis.

411 662 593 709 Posset
627 661 823 720 quidem
857 674 1043 707 vovens
1074 664 1185 718 post
1219 663 1544 714 contractum,
1579 658 1667 703 sed
1700 658 1911 703 nondum
1938 671 2156 703 consum-

264 744 446 785 matum
481 737 850 783 matrimonium
895 735 1106 793 implere
1140 738 1307 780 votum
1352 732 1656 791 suscipiendi
1690 733 1888 779 ordines
1924 747 1994 790 eo,
2029 732 2157 790 quod

262 813 554 871 religionem
589 810 897 868 ingreditur3
949 809 1013 854 ad
1062 809 1112 854 id
1160 813 1330 853 tamen
1379 821 1472 853 non
1522 812 1738 859 tenetur,
1787 812 1892 853 tum
1937 807 2053 864 quia
2086 807 2156 852 in-

262 901 485 946 gressum
509 887 560 932 in
591 885 882 944 religionem
909 898 1003 930 non
1027 882 1268 942 promisit,
1302 889 1407 928 tum
1431 882 1545 940 quia
1569 897 1661 928 non
1687 886 1891 928 tenetur
1916 881 2156 927 adhibere

264 962 476 1009 medium
510 967 611 1007 tam
650 961 856 1006 arduum
893 964 942 1005 et
977 957 1202 1015 difficile,
1235 963 1292 1003 ut
1325 962 1439 1003 voto
1475 957 1652 1003 emisso
1688 955 1990 1002 satisfaciat.

883 1109 916 1164 ἕ
948 1111 1001 1154 5.
1035 1109 1229 1153 Mixta
1261 1106 1522 1163 reliyiffi).

415 1216 508 1269 72.
584 1216 806 1268 Natura
881 1213 1322 1282 impedimenti.
1422 1212 1889 1281 Impedimentum
1957 1214 2156 1262 mixtae

261 1306 537 1376 reliqiom's
589 1307 776 1357 existit
834 1306 976 1356 inter
1027 1303 1166 1355 duos
1220 1303 1546 1372 baptizatos,
1604 1320 1839 1372 quorum
1892 1320 2036 1353 unus
2079 1311 2161 1353 est

265 1396 585 1461 catholicus7
645 1394 783 1447 alter
825 1393 1166 1446 acatholicus
1209 1393 1544 1464 (haereticus
1588 1392 1676 1444 vel
1727 1392 2155 1455 schismaticus).

266 1487 687 1539 Matrimonium
718 1487 860 1536 inter
887 1503 977 1536 eos
1007 1485 1205 1535 initum
1236 1484 1630 1535 matrimonium
1672 1484 1896 1534 mixtum,
1936 1480 2158 1552 (Miseh-

266 1576 387 1642 ehe)
432 1584 677 1628 vocatur.

420 1668 463 1719 1.
504 1666 863 1717 Matrimonia
906 1666 1082 1716 mixta
1124 1664 1232 1733 Zeyc
1272 1663 1517 1715 natarali
1559 1672 1607 1714 et
1649 1663 1835 1714 (licina
1877 1660 2158 1732 prohibita

265 1764 392 1807 sunt
434 1774 502 1806 ex
545 1754 748 1823 triplici
794 1755 1141 1823 potissimum
1183 1755 1424 1805 ratione:

416 1859 456 1887 a.
491 1845 748 1888 Periculum
785 1844 1103 1899 perversionis,
1138 1844 1256 1898 quod
1292 1843 1417 1886 subit
1451 1857 1555 1898 pars
1585 1842 1832 1886 catholica:
1869 1848 1915 1885 et
1937 1841 2045 1884 licet
2068 1855 2159 1884 non

266 1920 388 1963 adsit
421 1919 672 1975 periculum
708 1919 992 1962 amittendae
1035 1918 1157 1971 fidei,
1204 1925 1360 1962 tamen
1400 1918 1531 1961 adest
1577 1918 1741 1961 saltem
1787 1917 2039 1972 periculum
2084 1916 2160 1959 fri-

266 1994 477 2050 gescendi
510 1994 558 2037 in
591 1994 683 2037 fide
715 2007 767 2037 ac
798 1993 1187 2036 indifferentismi.

418 2069 455 2112 b,
490 2068 748 2113 Periculum
782 2068 1100 2124 perversionis,
1134 2069 1251 2123 quod
1286 2067 1410 2112 subit
1444 2069 1591 2123 proles
1621 2081 1675 2111 ex
1699 2065 1992 2110 matrimonio
2016 2066 2162 2109 mixto

264 2144 522 2188 nascitura:
569 2149 615 2187 et
656 2144 765 2187 licet
808 2158 898 2187 non
941 2144 1159 2188 educetur
1202 2143 1250 2186 in
1282 2143 1384 2198 ipsa
1417 2143 1606 2197 haeresi,
1640 2147 1797 2185 tamen
1831 2142 1963 2185 adest
1996 2141 2161 2185 saltem

267 2219 518 2274 periculum
551 2220 788 2274 neglectae
820 2219 1105 2262 educationis
1139 2232 1241 2262 vere
1275 2219 1540 2262 catholicae.

417 2308 449 2337 c.
486 2294 848 2338 Communicatio
882 2294 930 2337 in
965 2294 1118 2349 sacris,
1163 2308 1299 2349 quam
1333 2294 1635 2337 committunt
1668 2292 2006 2347 contrahentes,
2053 2292 2159 2335 dum

269 2383 373 2424 pars
407 2369 632 2413 catholica
665 2374 1000 2413 sacramentum
1035 2369 1335 2413 administrat
1380 2369 1608 2413 haeretico
1654 2372 1701 2412 et
1734 2367 1938 2411 vicissim
1972 2367 2028 2410 ab
2062 2368 2161 2411 hae-

266 2444 406 2487 retico
441 2454 776 2488 sacramentum
812 2445 988 2500 recipit.
1054 2445 1137 2488 Cui
1180 2445 1368 2500 insuper
1401 2444 1591 2498 accedit,
1636 2443 1755 2498 quod
1797 2456 1903 2498 pars
1937 2442 2162 2486 catholic-a

267 2523 601 2562 sacramentum
636 2519 931 2563 administret
962 2519 1154 2575 indigno
1189 2524 1235 2563 et
1269 2519 1332 2562 sic
1363 2519 1422 2562 ad
1445 2518 1541 2562 eius
1565 2517 1857 2573 sacrilegium
1882 2523 2164 2572 cooperetur.

417 2594 466 2648 2.
503 2595 861 2646 Matrimonia
904 2596 1079 2646 mixta
1121 2597 1288 2646 etiam
1331 2592 1439 2665 lege
1481 2592 1839 2645 ecclesiastica
1881 2593 2161 2662 prohibita

270 2692 410 2736 sunt.
455 2683 708 2736 Ecclesia
749 2686 860 2736 iam
891 2686 1293 2754 antiquissimis
1321 2684 1664 2753 temporibus
1694 2701 1760 2734 ea
1789 2682 2156 2754 prohibuit2);

269 2782 322 2824 et
379 2792 504 2825 cum
556 2776 763 2826 recenti
821 2783 1068 2845 tempore
1125 2775 1263 2826 haec
1320 2775 1676 2825 matrimonia
1735 2772 2158 2840 invalescerent,

272 2864 529 2933 antiquas
572 2864 976 2933 prohibitiones
1033 2866 1343 2931 innovavit,
1403 2872 1463 2915 ut
1503 2863 1694 2915 fideles
1737 2883 1769 2914 a
1810 2871 1961 2915 tanto
2017 2863 2161 2915 malo

270 2944 627 3021 averteretss).

458 3087 551 3141 73.
606 3088 992 3156 Dispensatio
1046 3088 1486 3158 impedimenti.
1574 3091 1618 3140 1.
1678 3087 1809 3147 Quis
1850 3088 2164 3158 dispensare

269 3177 454 3246 possit.
536 3175 675 3228 Cum
718 3179 1180 3248 impedimentum
1224 3179 1431 3229 mixtae
1473 3178 1759 3247 religionis
1802 3179 1872 3229 sit
1910 3176 2002 3229 lex
2043 3177 2160 3228 uni-

427 3311 455 3364 1)
477 3312 535 3354 H.
550 3312 739 3355 δείἰίιις.
755 3312 868 3356 Eine
879 3313 1485 3368 verboteneFruchtOEssen.
1503 3313 1808 3356 Fredebeulu.
1824 3313 1999 3355 Konen.
2015 3311 2161 3364 1904).

426 3384 462 3439 2)
495 3387 539 3430 C
574 3387 788 3430 Decrevit-
824 3388 879 3429 14
914 3388 984 3430 De
1016 3388 1265 3432 haereti'czs
1298 3388 1368 3443 (V.
1405 3388 1452 3443 2)
1485 3388 1534 3431 in
1567 3385 1630 3431 6⁰.

425 3460 460 3516 3)
495 3461 562 3504 Cf.
600 3461 870 3505 constitutio
904 3462 1141 3506 Benedicti
1164 3463 1285 3509 XIV
1321 3464 1520 3519 llafflme
1553 3462 1682 3505 110sz
1714 3462 1785 3505 29.
1820 3462 1912 3505 iun.
1950 3460 2082 3512 1748.
2116 3466 2163 3504 et

272 3534 515 3578 instructio
548 3536 631 3578 Pii
660 3536 745 3579 IX.
781 3537 848 3581 15.
882 3550 985 3580 nov.
1020 3537 1137 3581 1858
1171 3538 1229 3581 ad
1263 3537 1494 3593 episcopos
1527 3537 1813 3581 transmissa.
