2269 3898
784 165 850 208 De
882 165 982 219 lege
1016 164 1186 208 divina.
1831 165 1912 206 107

513 400 960 492 Quaestio
1034 400 1470 466 secunda.

708 551 796 604 De
825 551 966 615 lege
997 549 1266 603 divina.

648 694 1000 752 Articulus
1042 695 1318 768 primus.

734 818 812 856 De
844 817 958 865 lege
991 816 1243 855 naturali.

198 951 291 1003 91.
336 950 645 1003 Definitio.
700 950 810 999 Lex
848 947 1116 999 *naturalis
1159 956 1239 998 est
1279 947 1367 998 lex
1406 948 1582 1038 &4930
1613 950 1918 999 necessario

48 1038 158 1090 lata
200 1047 253 1090 et
293 1039 774 1110 lumine-rationis
819 1037 1076 1089 omnibus
1119 1037 1482 1108 promulgata}

201 1142 242 1171 a.
275 1128 536 1182 Actionum,
579 1141 692 1183 quae
728 1131 921 1171 naturae
952 1126 1169 1170 rationali
1203 1110 1493 1181 conveniunt,
1521 1127 1638 1170 aliae
1670 1130 1779 1170 sunt
1811 1127 1921 1170 eius-

51 1202 187 1258 modi,
219 1207 274 1246 ut
306 1203 363 1246 ad
385 1204 523 1246 finem
547 1203 640 1246 sint
662 1202 869 1245 absolute
891 1201 1182 1256 necessariae,
1217 1201 1334 1245 aliae
1361 1215 1451 1244 non
1485 1206 1592 1244 sunt
1623 1201 1918 1252 necessariae;

50 1276 154 1320 illas
178 1277 298 1320 Deus
322 1277 559 1332 praecipit,
591 1277 672 1319 has
700 1275 933 1331 permittit
957 1280 1002 1319 et
1025 1276 1261 1331 approbat.
1325 1276 1553 1331 Actiones,
1587 1290 1700 1330 quae
1730 1281 1923 1319 naturae
1999 1335 2005 1340 ὁ

49 1351 265 1394 rationali
299 1351 662 1406 disconveniunt,
694 1352 816 1394 Deus
849 1350 1069 1405 prohibet.
1131 1351 1378 1392 Materiam
1411 1364 1516 1405 ergo
1550 1350 1665 1405 legis
1697 1351 1923 1393 naturalis
1954 1348 1993 1374 ³⁷²²·
2031 1366 2033 1368 “
2076 1355 2121 1405 ‘j

1779 608 1783 614 .
2001 616 2005 618 ,
2174 608 2198 620 η,
2237 613 2245 616 ,
2261 608 2265 619 2

1775 633 1779 636 ”
1886 636 1923 661 »ξι
1930 636 1962 695 ”sl
1973 636 2017 659 ’.Μ’
2052 619 2117 654 5¹*AE
2134 610 2152 646 εἴ
2164 627 2186 642 ”-’
2204 617 2234 634 ’γ
2251 619 2269 629 Β·

51 1425 340 1469 constituunt
373 1439 424 1468 ea
457 1425 621 1480 omnia,
654 1438 768 1480 quae
798 1428 966 1467 natura
997 1438 1079 1467 sua
1111 1425 1301 1467 honesta
1334 1428 1380 1467 et
1412 1425 1470 1467 ad
1493 1426 1629 1467 finem
1658 1424 1924 1479 necessaria,
1958 1422 1962 1473 ζ
1992 1430 1994 1432 ’
2044 1431 2174 1466 κ...»

51 1504 98 1544 et
131 1513 244 1555 quae
274 1503 442 1543 natura
474 1513 555 1542 sua
587 1499 707 1542 mala
740 1505 860 1541 sunt.
918 1499 978 1540 Et
1002 1498 1224 1552 squoniam
1248 1511 1314 1553 ea,
1347 1511 1460 1552 quae
1492 1502 1659 1541 natura
1691 1512 1772 1541 sua
1804 1499 1925 1542 mala
1965 1502 1968 1503 ’
2032 1481 2082 1525 »s
2108 1496 2114 1503 ‘
2143 1510 2151 1512 ⁷·

53 1578 174 1630 sunt,
208 1574 408 1618 ordinem
446 1578 640 1617 naturae
672 1573 958 1628 perturbant,
1002 1586 1053 1616 ea
1085 1586 1204 1627 verO,
1248 1586 1362 1627 quae
1400 1578 1567 1616 natura
1609 1586 1691 1616 sua
1736 1573 1927 1616 honesta

52 1653 174 1704 sunt,
224 1649 282 1691 ad
323 1647 526 1691 ordinem
575 1651 767 1691 naturae
814 1648 1085 1691 servandum
1131 1647 1404 1701 conducunt,
1452 1647 1525 1690 lex
1576 1650 1770 1689 naturae
1822 1660 1922 1690 cum

51 1737 88 1768 s.
123 1723 375 1779 Azzqustino
406 1727 527 1766 recte
560 1722 741 1766 definiri
779 1725 953 1777 potest:
1000 1722 1121 1764 ratio
1167 1724 1211 1764 et
1252 1722 1457 1764 voluntas
1490 1721 1582 1764 Dei
1612 1721 1815 1764 ordinem
1849 1735 1924 1763 na·

52 1798 247 1840 turalem
281 1797 546 1840 conservari
575 1797 745 1850 iubens,
775 1796 1049 1852 perturbari
1080 1795 1274 1850 vetans&
1304 1795 1364 1848 (n.
1399 1795 1483 1848 55).

46 1880 154 1942 2⁶2¹*
204 1873 241 1915 b.
290 1872 533 1935 Supposito
576 1872 752 1915 decreto
796 1870 1016 1914 condendi
1065 1875 1318 1914 creaturam
1359 1870 1629 1913 rationalem
1671 1870 1792 1912 Deus
1838 1883 1928 1912 non

0 1933 467 2002 ‘''potest‘'non‘-}*}lle
499 1960 564 2001 ea,
598 1959 712 2001 quae
743 1945 860 1988 bona
893 1949 939 1988 et
971 1945 1029 1988 ad
1062 1946 1198 1988 finem
1233 1958 1311 1988 seu
1344 1945 1401 1988 ad
1429 1944 1700 1988 servandum
1724 1944 1926 1987 ordinem

53 2021 305 2065 necessaria
322 2026 444 2077 sunt,
468 2025 514 2065 et
535 2034 625 2064 non
642 2023 796 2075 potest
817 2034 905 2063 non
924 2020 1044 2062 nolle
1062 2033 1127 2072 ea,
1152 2033 1265 2073 quae
1283 2020 1404 2062 mala
1422 2022 1544 2073 sunt,
1567 2032 1673 2073 ergo
1692 2017 1929 2073 supposita

54 2095 302 2139 existentia
334 2099 566 2138 creaturae
598 2094 840 2139 rationalis
863 2095 985 2137 Deus
1008 2093 1268 2137 necessario
1291 2092 1513 2149 praecipit
1546 2096 1592 2136 et
1625 2092 1833 2147 prohibet
1863 2105 1928 2146 ea,

55 2183 168 2224 quae
199 2169 316 2224 legis
347 2169 572 2212 naturalis
605 2173 726 2212 sunt.

117 2241 173 2303 -ὶζὲ
205 2259 238 2288 c.
286 2244 500 2287 Rationis
531 2244 703 2287 lumine
743 2243 1055 2299 cognoscimus
1098 2242 1212 2286 alias
1253 2241 1453 2285 actiones
1497 2255 1592 2285 esse
1625 2241 1777 2296 bonas,
1810 2240 1957 2284 alias

58 2331 152 2362 esse
185 2319 344 2373 malas,
377 2331 620 2373 earumque
653 2318 903 2373 complures
937 2318 994 2361 ad
1027 2318 1300 2361 servandum
1335 2316 1536 2360 ordinem
1571 2321 1708 2371 atque
1738 2316 1839 2359 ideo
1873 2316 1955 2366 311,
1978 2317 2091 2383 A}

55 2394 194 2436 finem
228 2405 323 2436 esse
354 2392 641 2436 necessarias.
681 2393 850 2435 Eodem
884 2391 1076 2435 rationis
1108 2392 1280 2434 lumine
1313 2391 1624 2446 cognoscimus
1647 2391 1791 2434 Deum
1817 2390 1930 2433 serio
1950 2386 1979 2453 ζ’
2044 2380 2056 2389 “
2076 2385 2083 2392 ”

56 2468 187 2523 velle,
220 2471 273 2511 ut
305 2469 449 2511 malas
481 2467 682 2511 actiones
726 2467 941 2522 vitemus,
986 2467 1123 2510 bonas
1165 2479 1269 2509 vero
1312 2478 1474 2520 easque
1507 2464 1780 2508 necessarias
1814 2477 1930 2508 exer·

57 2556 249 2586 ceamus.
303 2543 424 2597 Ergo
457 2542 629 2585 lumine
659 2541 851 2585 rationis
883 2541 1012 2584 nobis
1045 2540 1343 2583 manifestata
1375 2543 1420 2582 et
1452 2540 1745 2594 promulgata
1767 2543 1837 2581 est
1858 2538 1932 2580 lex

56 2616 295 2660 naturalis.
364 2617 470 2660 Cum
512 2616 629 2659 enim
667 2619 842 2672 qentes,
891 2629 1006 2671 qnae
1047 2616 1188 2671 leyem
1221 2628 1307 2657 non
1340 2614 1520 2663 habent,
1551 2613 1830 2656 naturaliter
1863 2625 1932 2664 ea,

59 2705 174 2747 qaae
213 2692 328 2748 leyl's
367 2694 485 2748 sunt,
522 2691 720 2747 faciunt,
763 2691 985 2734 eiusmodi
1033 2691 1174 2746 leqem
1223 2702 1310 2731 non
1342 2688 1559 2731 hahentes
1591 2688 1681 2743 ipsi
1710 2687 1799 2731 sibi
1828 2688 1936 2730 sant

58 2767 147 2810 lex.
214 2766 301 2820 Qui
331 2765 571 2809 ostendunt
600 2779 709 2821 opus
740 2766 855 2821 legis
885 2765 1102 2821 seriptum
1135 2765 1181 2807 in
1214 2763 1425 2807 cordibus
1455 2761 1604 2811 sui-3²).

209 2839 465 2895 Suppositis
507 2839 580 2894 iis,
621 2853 734 2894 quae
777 2840 831 2882 de
861 2840 963 2893 lege
1003 2838 1206 2882 naturali
1248 2838 1296 2881 in
1340 2836 1627 2892 philosophia
1669 2836 1932 2890 traduntur,

59 2914 287 2970 triplicem
320 2917 503 2977 tantum
549 2914 858 2969 quaestionem
901 2914 985 2956 hoc
1023 2914 1118 2956 loco
1164 2911 1571 2955 considerabimus:
1623 2911 1680 2954 de
1719 2909 1934 2961 materia,

62 2991 116 3033 de
147 2989 396 3046 coqnitione
427 2993 474 3032 et
507 2989 561 3035 de
591 2989 892 3032 nmtabilitate
923 2988 1040 3043 legis
1071 2987 1311 3031 naturalis.

210 3123 303 3177 92.
359 3123 442 3176 De
494 3124 834 3191 praeceptis
894 3123 1048 3189 legis
1104 3120 1421 3174 naturalis.
1519 3120 1566 3172 1.
1627 3118 1932 3184 Praecepta

60 3213 199 3282 legis
259 3212 547 3278 naturalis,
607 3212 954 3263 considerato
1011 3230 1152 3262 nexu
1208 3228 1384 3260 eoram
1440 3207 1632 3277 loy-eico,
1700 3204 1934 3273 triplicis

62 3304 283 3371 generis
325 3311 479 3354 sunt:

153 3461 160 3466 ·
221 3451 250 3505 ¹)
279 3450 328 3493 S.
361 3449 644 3506 Auqzzstinus
675 3453 832 3493 contra
862 3449 1084 3491 Faustum
1118 3447 1145 3490 1.
1182 3446 1254 3490 22.
1288 3459 1323 3489 6.
1358 3445 1428 3487 27.

216 3524 249 3578 2)
279 3525 409 3567 Rom.
443 3525 484 3579 2,
518 3524 587 3566 14.
618 3523 688 3566 15.
