2269 3898
234 123 291 165 14
970 119 1037 162 De
1069 118 1373 162 matrimonio.

236 255 460 301 monium.
526 255 711 301 Verum
747 266 854 298 cum
898 252 1127 298 doctrina
1161 251 1405 298 ecclesiae
1448 251 1727 298 catholicae
1759 251 1886 297 haec
1918 251 2114 298 theoria

235 327 672 388 (Kopulatheorie)
706 341 800 373 non
834 326 1117 373 concordat.

387 433 427 461 α.
461 418 541 464 Ex
585 416 811 463 doctrina
856 415 1101 462 ecclesiae
1149 420 1346 462 constat
1388 416 1728 459 matrimonium
1770 416 1864 458 solo
1897 428 2116 460 consensu

235 491 484 546 contrahz‘1)
521 495 573 537 et
608 505 631 536 6
659 489 911 536 contrario
937 489 1162 548 copulam
1191 489 1444 535 carnalem
1470 489 1575 534 sine
1598 489 1854 546 utriusque
1880 501 2119 534 consensu

238 579 330 611 non
367 565 671 611 constituere
706 563 1132 620 matrimonium2).

389 641 426 686 b.
452 639 505 686 Si
528 644 736 698 praeter
756 652 1044 684 consensum
1063 638 1312 684 internum
1337 638 1511 697 copula
1531 638 1750 684 carnalis
1771 637 1835 682 ad
1854 636 2120 683 ineundum

240 714 606 760 matrimonium
657 714 998 761 essentialiter
1050 713 1408 771 requireretur,
1462 713 1708 760 rationem
1753 712 1882 771 signi
1927 711 2122 758 externi

239 790 465 846 haberet,
517 803 607 847 quo
643 803 905 835 consensus
941 789 1160 834 exterius
1207 786 1560 835 manifestetur
1602 794 1706 834 tum
1741 787 1892 833 alteri
1926 793 2119 833 contra-

237 864 377 910 henti
406 869 509 910 tum
537 864 876 910 communitati
909 862 1225 919 (ecclesiae);
1264 863 1402 920 atqui
1434 863 1539 908 tale
1576 863 1765 921 signum
1803 862 1977 920 copula
2013 875 2120 907 esse

241 939 425 997 nequit,
460 953 549 985 nec
586 939 737 985 alteri
772 937 1101 994 contrahenti,
1137 950 1245 983 cum
1278 951 1374 983 non
1407 936 1472 984 sit
1506 938 1697 995 signum
1731 937 1999 994 indubium,
2034 950 2123 982 nec

240 1014 500 1071 ecclesiae,
536 1014 648 1071 quia
684 1027 778 1060 non
813 1012 1035 1058 admittit
1068 1017 1239 1058 testes.

863 1252 1160 1310 Articulus
1202 1250 1499 1309 secundus

632 1376 710 1414 De
743 1375 1083 1415 matrimonio
1117 1379 1179 1414 ut
1211 1377 1609 1414 sacramentum
1643 1376 1736 1414 est.

394 1524 484 1577 14.
554 1522 860 1576 Definitio.
955 1522 1399 1589 Matrimonium,
1467 1530 1527 1574 ut
1596 1531 1981 1574 sacramentum
2035 1529 2129 1586 est,

245 1612 466 1665 definiri
521 1620 729 1682 potest:
787 1619 1104 1663 contractus
1154 1611 1577 1664 matrimonialis
1629 1614 1773 1663 inter
1822 1611 2132 1681 baptizatos

246 1702 315 1754 de
357 1704 474 1753 iure
516 1701 732 1753 habiles
775 1703 960 1765 initus,
1005 1720 1111 1772 quo
1155 1702 1502 1770 significatur
1542 1711 1594 1753 et
1635 1702 1912 1754 confertur
1953 1702 2131 1770 gratia

246 1811 317 1843 ex
366 1810 529 1861 opere
579 1799 820 1861 operato,
901 1791 1006 1843 Vel
1055 1791 1125 1843 ad
1175 1791 1490 1861 analogiam
1539 1791 1773 1844 aliorum
1824 1809 2132 1843 sacramen-

248 1891 456 1934 torum:
513 1883 928 1933 matrimonium
979 1891 1059 1933 est
1109 1891 1534 1950 sacramentum,
1587 1901 1694 1952 quo
1743 1900 1841 1952 per
1882 1890 2133 1933 mutuam

251 1973 359 2023 viri
417 1980 470 2023 et
530 1970 779 2023 mulieris
836 1972 1191 2023 traditionem
1245 1982 1299 2024 et
1353 1974 1794 2042 acceptationem
1850 1973 2136 2042 potestatis

251 2063 309 2113 in
351 2079 548 2131 corpus
592 2061 872 2113 confertur
911 2063 1090 2130 gratia
1131 2062 1203 2114 ad
1241 2081 1429 2114 eorum
1461 2063 1909 2114 coniunctionem
1939 2063 2133 2114 sancti-

250 2151 546 2203 ficandam.

403 2255 443 2283 a.
478 2241 631 2284 Solum
664 2241 1005 2283 matrimonium
1039 2242 1083 2284 in
1113 2242 1225 2298 fieri
1257 2245 1325 2285 est
1361 2243 1550 2298 proprie
1591 2242 1756 2285 dictum
1799 2244 2135 2285 sacramentnm

253 2316 503 2371 producens
536 2316 735 2371 gratiam
771 2329 825 2359 ex
859 2330 991 2371 opere
1024 2321 1230 2372 operat0;
1279 2317 1624 2361 matrimonium
1658 2317 1707 2360 in
1746 2318 1869 2360 facto
1910 2330 2005 2360 esse
2048 2331 2138 2360 non

251 2396 324 2435 est
356 2391 537 2446 proprie
572 2391 744 2434 dictum
781 2398 1131 2447 sacramentum,
1165 2393 1243 2436 sed
1277 2396 1428 2436 status
1461 2392 1818 2436 matrimonialis
1841 2405 1895 2435 ex
1918 2405 2138 2435 consensu

251 2467 574 2510 sacramentali
608 2471 750 2521 ortus,
783 2467 859 2521 qui
895 2472 1082 2510 eatenus
1117 2467 1203 2510 dici
1239 2471 1392 2523 potest
1423 2467 1587 2510 latiore
1620 2480 1754 2510 sensu
1787 2470 2138 2521 sacramentum,

251 2546 479 2596 quatenus
513 2541 749 2597 significat
780 2542 993 2585 unionem
1029 2542 1201 2586 Christi
1234 2556 1334 2585 cum
1369 2542 1567 2586 ecclesia.

409 2617 446 2658 b.
488 2616 646 2660 Status
680 2617 1035 2660 matrimonialis
1067 2617 1281 2661 consistit
1311 2617 1360 2660 in
1393 2617 1565 2660 rz'ncnlo
1598 2617 1827 2672 conizzqall
1857 2629 1934 2659 seu
1966 2616 2014 2658 in
2048 2629 2142 2660 mu-

258 2691 351 2734 tuis
383 2691 559 2735 iuribus
593 2696 638 2736 et
671 2691 1046 2747 obligationibus,
1080 2692 1243 2747 quibus
1277 2692 1492 2748 coniuges
1524 2692 1720 2735 invicem
1769 2691 2140 2746 adstringuntiu‘.

257 2765 375 2808 Tum
410 2772 672 2810 contractus
704 2767 932 2811 naturalis
965 2771 1063 2810 tum
1099 2772 1362 2811 contractus
1403 2767 1748 2811 sacramentalis
1792 2765 2003 2821 producit
2047 2766 2140 2809 vin-

258 2840 411 2883 culum
444 2840 776 2895 indissolubile,
809 2842 892 2885 hoc
924 2846 1079 2886 tamen
1115 2842 1389 2898 discrimine,
1423 2842 1542 2896 quod
1565 2842 1799 2885 vinculum
1823 2855 1877 2885 ex
1903 2847 2141 2884 contractu

258 2916 580 2959 sacramentali
615 2925 766 2960 ortum
800 2917 862 2960 sit
895 2917 1076 2961 firmius
1110 2923 1156 2960 et
1188 2918 1338 2973 magis
1370 2917 1699 2961 indissolubile.

417 3066 507 3120 15.
578 3066 848 3121 Asserta.
945 3069 993 3119 1.
1066 3068 1470 3120 Matrimonium
1527 3067 1891 3119 christianum
1946 3084 2141 3118 verum

260 3163 344 3205 est
384 3173 563 3207 novae
604 3155 741 3225 legis
783 3167 1182 3210 sacramentum.

424 3349 452 3403 1>
484 3349 529 3392 C.
566 3349 713 3403 Quum
747 3351 895 3394 locum
932 3353 1001 3394 14.
1035 3353 1108 3395 De
1139 3352 1439 3408 sponsalibus.
1473 3351 1563 3406 (IV.
1598 3351 1649 3404 I).
1681 3351 1923 3395 Decretum
1947 3349 2145 3404 Eugenii

266 3422 341 3465 IV.
377 3437 457 3478 pro
490 3425 700 3468 Armenis
734 3425 1012 3481 (Denzinger
1043 3440 1086 3469 n.
1121 3426 1240 3480 597).

420 3499 453 3554 2)
488 3501 531 3544 C.
568 3501 667 3543 Tua
699 3513 779 3543 nos
812 3501 883 3543 26.
917 3501 990 3543 De
1021 3501 1308 3557 sponsalibus
1340 3502 1434 3556 (IV.
1473 3504 1531 3547 13.
