2269 3898
693 128 760 170 De
793 127 1042 171 cessatione
1076 128 1382 183 obligationis.
1881 132 1963 173 171

97 264 295 315 tenetur,
329 260 559 304 satisfacit
601 260 887 315 obligationi,
935 260 1041 315 quia
1085 261 1285 304 officium
1329 275 1377 304 eo
1424 262 1494 305 die
1527 262 1811 305 recitandum
1845 277 1964 317 prae-

97 334 277 389 cipitur.
330 334 448 377 Item
482 334 559 388 qui
591 334 775 377 missam
810 334 941 377 audit
973 334 1020 376 in
1053 334 1162 389 loco,
1194 335 1271 377 ubi
1295 336 1471 378 nullum
1506 336 1758 380 celebratur
1779 338 1964 391 festum,

95 414 142 453 et
174 414 332 464 postea
380 422 425 452 se
469 410 644 451 confert
688 409 746 451 ad
785 409 948 462 locum,
973 408 1036 450 rin
1077 422 1162 462 quo
1206 409 1457 452 celebratur
1498 412 1666 453 festum
1709 410 1964 454 universale

97 483 151 526 de
183 486 436 538 praecepto,
468 496 558 525 non
591 486 773 525 tenetur
803 482 867 524 ibi
901 482 1085 524 missam
1120 482 1290 536 audire,
1336 485 1441 537 quia
1484 484 1753 538 obligationi
1799 498 1848 528 eo
1893 485 1964 528 (lie

95 557 280 600 missam
314 556 530 600 audiendi
560 555 652 599 iam
688 555 968 611 satisfecit¹>.

685 1119 1028 1211 Quaestio
1081 1124 1365 1186 octava.

514 1272 602 1325 De
645 1271 1040 1324 cessatione
1083 1271 1548 1336 obligationis.

243 1431 522 1499 obligatio
564 1431 714 1499 legis,
759 1440 1016 1483 manente
1052 1432 1172 1500 ipsa
1209 1431 1329 1500 lege
1359 1432 1655 1497 communi,
1699 1432 1755 1482 in
1796 1434 1961 1500 parti-

93 1521 266 1574 culari
310 1540 440 1573 casu
482 1521 774 1590 tripliciter
816 1539 1028 1572 cessare
1069 1528 1276 1589 potest:
1322 1541 1368 1572 α.
1414 1539 1510 1590 per
1552 1539 1744 1572 causas
1778 1520 1960 1588 alege

93 1610 502 1679 deobligantes3
562 1610 606 1664 b.
650 1629 748 1678 per
790 1610 1285 1680 dispensationem3
1347 1630 1385 1662 ο.
1445 1629 1541 1679 per
1588 1610 1957 1679 privilegium.

737 1861 1030 1920 Articulus
1071 1862 1308 1936 primus,

534 2001 612 2039 De
645 1999 820 2039 causis
854 2009 884 2038 a
916 1999 1030 2047 lege
1064 1997 1510 2046 deobligantibus.

239 2146 367 2201 149.
411 2146 725 2200 Notiones.
779 2145 991 2197 Causae
1018 2144 1197 2213 alege
1228 2144 1607 2213 deobligantes
1649 2146 1791 2198 aliae
1832 2155 1958 2197 sunt

87 2237 408 2298 eximentes,
465 2236 606 2287 aliae
661 2243 989 2286 excusantes
1047 2253 1140 2286 seu
1190 2234 1572 2303 impedientes,
1654 2237 1958 2310 Efflnfflssgs

86 2324 211 2376 illae
267 2325 545 2391 dicuntur,
600 2344 698 2394 per
751 2343 887 2394 quas
943 2323 1144 2393 aliquis
1199 2324 1403 2375 desinit
1463 2342 1579 2374 esse
1647 2324 1957 2376 subiectum

85 2413 239 2482 legis,
300 2421 361 2465 ut
417 2415 461 2465 si
516 2415 638 2483 quis
694 2433 748 2464 se
805 2414 1003 2480 recipit
1059 2420 1212 2464 extra
1253 2414 1607 2477 territorium,
1652 2415 1796 2482 quod
1838 2414 1957 2484 lege

86 2503 343 2570 afficitur,
401 2503 489 2554 vel
543 2505 586 2555 si
641 2522 738 2572 per
787 2502 1141 2572 privilegium
1184 2521 1215 2553 a
1255 2502 1375 2570 lege
1417 2503 1706 2567 eximitur3
1759 2521 1954 2554 causae

85 2593 253 2661 igitur
293 2593 600 2644 eximentes
636 2612 667 2644 a
703 2592 840 2660 legis
870 2591 1206 2660 obligatione
1236 2610 1456 2660 prorsus
1487 2592 1790 2642 immunem
1833 2610 1954 2643 con·

87 2682 335 2734 stituunt.
419 2679 631 2732 Causae
674 2689 978 2732 eoecusantes
1022 2699 1116 2732 seu
1157 2680 1499 2750 impedientes
1541 2699 1636 2732 eae
1678 2679 1952 2746 dicuntur,

85 2778 307 2840 propter
361 2789 495 2840 quas
552 2769 768 2840 aliquis,
828 2771 927 2821 etsi
985 2779 1205 2822 maneat
1262 2770 1569 2821 subiectum
1622 2769 1773 2838 legis,
1834 2789 1954 2822 eam

85 2870 270 2910 tamen
313 2859 607 2911 observare
651 2878 758 2911 non
799 2868 1032 2924 tenetur,
1088 2868 1147 2911 ut
1200 2862 1243 2910 si
1299 2861 1419 2929 quis
1461 2867 1683 2929 propter
1725 2859 1950 2911 infirmi·

85 2958 255 3001 tatem
311 2949 399 3000 vel
452 2957 675 3019 propter
731 2950 964 3001 arduum
1023 2949 1267 3000 laborem
1322 2968 1352 3000 a
1394 2950 1598 3000 ieiunio
1642 2958 1950 3003 excusatur.

85 3038 311 3108 Duplex
353 3041 598 3108 quaestio
640 3040 731 3091 hic
772 3040 1061 3091 tractanda
1110 3047 1218 3091 est:
1281 3059 1329 3093 α.
1391 3039 1457 3090 de
1514 3041 1694 3091 causis
1750 3038 1780 3090 a
1835 3038 1954 3106 lege

87 3127 484 3180 excusantibus
539 3137 592 3179 et
644 3128 689 3181 b.
733 3129 799 3180 de
843 3130 1187 3198 appositione
1230 3146 1519 3180 causarum
1563 3149 1593 3180 a
1633 3129 1751 3197 lege
1796 3127 1952 3180 deob-

83 3216 394 3285 ligantium.

239 3407 272 3463 ¹)
305 3409 371 3451 Cf.
405 3409 551 3464 Lasso,
592 3410 658 3452 De
701 3410 878 3453 euchar.
924 3410 1039 3465 disp.
1082 3411 1149 3454 16.
1190 3413 1295 3454 sect.
1331 3410 1370 3452 2.
1404 3424 1447 3453 n.
1483 3410 1538 3452 39
1573 3422 1605 3452 s.
1674 3410 1954 3462 Tambnrim',

84 3482 151 3525 De
184 3482 496 3526 communione
530 3496 564 3527 c,
599 3483 637 3526 ὖ.
673 3483 701 3538 ἓ
736 3484 775 3525 2.
810 3497 853 3527 n.
887 3485 914 3526 4
947 3498 1003 3527 ss.
