<?xml version="1.0" encoding="UTF-8"?>
<!DOCTYPE html PUBLIC "-//W3C//DTD XHTML 1.0 Transitional//EN"
    "http://www.w3.org/TR/xhtml1/DTD/xhtml1-transitional.dtd">
<html xmlns="http://www.w3.org/1999/xhtml" xml:lang="en" lang="en">
 <head>
  <title>
</title>
<meta http-equiv="Content-Type" content="text/html;charset=utf-8" />
  <meta name='ocr-system' content='tesseract 3.04.00' />
  <meta name='ocr-capabilities' content='ocr_page ocr_carea ocr_par ocr_line ocrx_word'/>
</head>
<body>
  <div class='ocr_page' id='page_1' title='image "./summatheologiaem00nold_0487.png"; bbox 0 0 2269 3898; ppageno 0'>
   <div class='ocr_carea' id='block_1_1' title="bbox 644 140 1965 194">
    <p class='ocr_par' dir='ltr' id='par_1_1' title="bbox 644 140 1965 194">
     <span class='ocr_line' id='line_1_1' title="bbox 644 140 1965 194; baseline 0.002 -12"><span class='ocrx_word' id='word_1_1' title='bbox 644 140 709 183; x_wconf 90' lang='lat' dir='ltr'>De</span> <span class='ocrx_word' id='word_1_2' title='bbox 740 140 1081 194; x_wconf 75' lang='lat' dir='ltr'>impedimentis</span> <span class='ocrx_word' id='word_1_3' title='bbox 1114 140 1407 184; x_wconf 81' lang='lat' dir='ltr'>matrimonii.</span> <span class='ocrx_word' id='word_1_4' title='bbox 1880 145 1900 184; x_wconf 89' lang='lat'>1</span> <span class='ocrx_word' id='word_1_5' title='bbox 1910 143 1965 185; x_wconf 81' lang='lat'>19</span> 
     </span>
    </p>
   </div>
   <div class='ocr_carea' id='block_1_2' title="bbox 91 271 1964 607">
    <p class='ocr_par' dir='ltr' id='par_1_2' title="bbox 91 271 1964 607">
     <span class='ocr_line' id='line_1_2' title="bbox 242 271 1961 342; baseline -0.001 -14"><span class='ocrx_word' id='word_1_6' title='bbox 242 271 370 329; x_wconf 85' lang='grc'><strong>118.</strong></span> <span class='ocrx_word' id='word_1_7' title='bbox 414 273 745 339; x_wconf 81' lang='lat' dir='ltr'>Principia.</span> <span class='ocrx_word' id='word_1_8' title='bbox 831 276 877 325; x_wconf 83' lang='lat'>1.</span> <span class='ocrx_word' id='word_1_9' title='bbox 924 274 1009 323; x_wconf 81' lang='lat' dir='ltr'>Ex</span> <span class='ocrx_word' id='word_1_10' title='bbox 1050 274 1385 342; x_wconf 75' lang='lat' dir='ltr'>sponsalibus</span> <span class='ocrx_word' id='word_1_11' title='bbox 1413 274 1613 325; x_wconf 81' lang='lat' dir='ltr'>validis</span> <span class='ocrx_word' id='word_1_12' title='bbox 1655 276 1822 325; x_wconf 83' lang='lat' dir='ltr'>oritur</span> <span class='ocrx_word' id='word_1_13' title='bbox 1867 278 1961 326; x_wconf 91' lang='lat' dir='ltr'>im-</span> 
     </span>
     <span class='ocr_line' id='line_1_3' title="bbox 93 361 1964 433; baseline 0.001 -20"><span class='ocrx_word' id='word_1_14' title='bbox 93 362 470 431; x_wconf 89' lang='lat' dir='ltr'>pedimentum</span> <span class='ocrx_word' id='word_1_15' title='bbox 553 361 816 413; x_wconf 81' lang='lat' dir='ltr'>dirimens</span> <span class='ocrx_word' id='word_1_16' title='bbox 883 363 1294 413; x_wconf 85' lang='lat' dir='ltr'>matrimonium</span> <span class='ocrx_word' id='word_1_17' title='bbox 1364 382 1536 432; x_wconf 89' lang='lat' dir='ltr'>usque</span> <span class='ocrx_word' id='word_1_18' title='bbox 1603 363 1673 414; x_wconf 90' lang='lat' dir='ltr'>ad</span> <span class='ocrx_word' id='word_1_19' title='bbox 1732 366 1964 433; x_wconf 73' lang='lat' dir='ltr'>primum</span> 
     </span>
     <span class='ocr_line' id='line_1_4' title="bbox 91 450 1959 521; baseline 0.002 -20"><span class='ocrx_word' id='word_1_20' title='bbox 91 450 389 521; x_wconf 45' lang='lat' dir='ltr'>yradumffl</span> <span class='ocrx_word' id='word_1_21' title='bbox 448 469 678 518; x_wconf 88' lang='lat' dir='ltr'>sponsus</span> <span class='ocrx_word' id='word_1_22' title='bbox 722 468 846 517; x_wconf 80' lang='lat' dir='ltr'>ergo</span> <span class='ocrx_word' id='word_1_23' title='bbox 903 451 1149 502; x_wconf 82' lang='lat' dir='ltr'>invalide</span> <span class='ocrx_word' id='word_1_24' title='bbox 1203 451 1549 503; x_wconf 84' lang='lat' dir='ltr'>contraheret</span> <span class='ocrx_word' id='word_1_25' title='bbox 1602 471 1727 504; x_wconf 87' lang='lat' dir='ltr'>cum</span> <span class='ocrx_word' id='word_1_26' title='bbox 1771 463 1959 517; x_wconf 64' lang='lat' dir='ltr'>matre,</span> 
     </span>
     <span class='ocr_line' id='line_1_5' title="bbox 93 539 1018 607; baseline 0 -16"><span class='ocrx_word' id='word_1_27' title='bbox 93 558 273 591; x_wconf 88' lang='lat' dir='ltr'>sorore</span> <span class='ocrx_word' id='word_1_28' title='bbox 317 539 403 590; x_wconf 83' lang='lat' dir='ltr'>vel</span> <span class='ocrx_word' id='word_1_29' title='bbox 444 539 557 590; x_wconf 89' lang='lat' dir='ltr'>filia</span> <span class='ocrx_word' id='word_1_30' title='bbox 598 557 829 607; x_wconf 87' lang='lat' dir='ltr'>sponsae</span> <span class='ocrx_word' id='word_1_31' title='bbox 872 559 1018 591; x_wconf 86' lang='lat' dir='ltr'>suae.</span> 
     </span>
    </p>
   </div>
   <div class='ocr_carea' id='block_1_3' title="bbox 93 643 1959 801">
    <p class='ocr_par' dir='ltr' id='par_1_3' title="bbox 93 643 1959 801">
     <span class='ocr_line' id='line_1_6' title="bbox 243 643 1959 713; baseline 0.001 -19"><span class='ocrx_word' id='word_1_32' title='bbox 243 664 289 696; x_wconf 80' lang='grc' dir='ltr'>α.</span> <span class='ocrx_word' id='word_1_33' title='bbox 321 644 504 694; x_wconf 88' lang='lat' dir='ltr'>Etiam</span> <span class='ocrx_word' id='word_1_34' title='bbox 548 661 616 693; x_wconf 83' lang='lat' dir='ltr'>ex</span> <span class='ocrx_word' id='word_1_35' title='bbox 658 643 1006 711; x_wconf 83' lang='lat' dir='ltr'>sponsalibus</span> <span class='ocrx_word' id='word_1_36' title='bbox 1039 644 1251 694; x_wconf 71' lang='lat' dir='ltr'>occultis</span> <span class='ocrx_word' id='word_1_37' title='bbox 1294 647 1464 694; x_wconf 84' lang='lat' dir='ltr'>oritur</span> <span class='ocrx_word' id='word_1_38' title='bbox 1505 645 1959 713; x_wconf 86' lang='lat' dir='ltr'>impedimentum</span> 
     </span>
     <span class='ocr_line' id='line_1_7' title="bbox 93 732 1753 801; baseline 0.002 -19"><span class='ocrx_word' id='word_1_39' title='bbox 93 732 348 801; x_wconf 87' lang='lat' dir='ltr'>publicae</span> <span class='ocrx_word' id='word_1_40' title='bbox 392 732 709 798; x_wconf 74' lang='lat' dir='ltr'>honestatis,</span> <span class='ocrx_word' id='word_1_41' title='bbox 755 743 815 783; x_wconf 91' lang='lat' dir='ltr'>ut</span> <span class='ocrx_word' id='word_1_42' title='bbox 857 735 1072 800; x_wconf 89' lang='lat' dir='ltr'>saepius</span> <span class='ocrx_word' id='word_1_43' title='bbox 1115 732 1417 783; x_wconf 79' lang='lat' dir='ltr'>declaravit</span> <span class='ocrx_word' id='word_1_44' title='bbox 1459 733 1753 801; x_wconf 46' lang='lat' dir='ltr'>ecclesiass).</span> 
     </span>
    </p>
   </div>
   <div class='ocr_carea' id='block_1_4' title="bbox 90 835 1963 994">
    <p class='ocr_par' dir='ltr' id='par_1_4' title="bbox 90 835 1963 994">
     <span class='ocr_line' id='line_1_8' title="bbox 243 835 1963 906; baseline 0.002 -20"><span class='ocrx_word' id='word_1_45' title='bbox 243 836 286 888; x_wconf 74' lang='lat' dir='ltr'>b.</span> <span class='ocrx_word' id='word_1_46' title='bbox 330 837 418 887; x_wconf 76' lang='lat' dir='ltr'>Ex</span> <span class='ocrx_word' id='word_1_47' title='bbox 459 835 806 905; x_wconf 86' lang='lat' dir='ltr'>sponsalibus</span> <span class='ocrx_word' id='word_1_48' title='bbox 846 835 1101 888; x_wconf 70' lang='lat' dir='ltr'>invalidis</span> <span class='ocrx_word' id='word_1_49' title='bbox 1143 835 1354 887; x_wconf 91' lang='lat' dir='ltr'>nullum</span> <span class='ocrx_word' id='word_1_50' title='bbox 1392 839 1563 887; x_wconf 88' lang='lat' dir='ltr'>oritur</span> <span class='ocrx_word' id='word_1_51' title='bbox 1604 838 1963 906; x_wconf 87' lang='lat' dir='ltr'>impedimen-</span> 
     </span>
     <span class='ocr_line' id='line_1_9' title="bbox 90 925 1377 994; baseline 0.002 -18"><span class='ocrx_word' id='word_1_52' title='bbox 90 934 225 990; x_wconf 91' lang='lat' dir='ltr'>tum,</span> <span class='ocrx_word' id='word_1_53' title='bbox 269 943 634 994; x_wconf 86' lang='lat' dir='ltr'>quaecunque</span> <span class='ocrx_word' id='word_1_54' title='bbox 676 926 745 976; x_wconf 90' lang='lat' dir='ltr'>sit</span> <span class='ocrx_word' id='word_1_55' title='bbox 788 944 952 976; x_wconf 89' lang='lat' dir='ltr'>causa</span> <span class='ocrx_word' id='word_1_56' title='bbox 994 925 1377 978; x_wconf 84' lang='lat' dir='ltr'>invaliditatis.</span> 
     </span>
    </p>
   </div>
   <div class='ocr_carea' id='block_1_5' title="bbox 241 1028 1961 1085">
    <p class='ocr_par' dir='ltr' id='par_1_5' title="bbox 241 1028 1961 1085">
     <span class='ocr_line' id='line_1_10' title="bbox 241 1028 1961 1085; baseline 0.001 -13"><span class='ocrx_word' id='word_1_57' title='bbox 241 1029 489 1072; x_wconf 83' lang='lat' dir='ltr'>Concilium</span> <span class='ocrx_word' id='word_1_58' title='bbox 524 1028 865 1083; x_wconf 65' lang='lat' dir='ltr'>tridentinumss)</span> <span class='ocrx_word' id='word_1_59' title='bbox 897 1032 1048 1073; x_wconf 75' lang='lat' dir='ltr'>aufert</span> <span class='ocrx_word' id='word_1_60' title='bbox 1082 1030 1425 1085; x_wconf 86' lang='lat' dir='ltr'>dispositionem</span> <span class='ocrx_word' id='word_1_61' title='bbox 1458 1029 1622 1084; x_wconf 71' lang='lat' dir='ltr'>iuris⁴)‚</span> <span class='ocrx_word' id='word_1_62' title='bbox 1656 1030 1701 1072; x_wconf 74' lang='lat' dir='ltr'>vi</span> <span class='ocrx_word' id='word_1_63' title='bbox 1736 1031 1961 1074; x_wconf 89' lang='lat' dir='ltr'>cuiusim-</span> 
     </span>
    </p>
   </div>
   <div class='ocr_carea' id='block_1_6' title="bbox 89 1105 1965 1224">
    <p class='ocr_par' dir='ltr' id='par_1_6' title="bbox 89 1105 1965 1224">
     <span class='ocr_line' id='line_1_11' title="bbox 90 1105 1965 1160; baseline 0.001 -13"><span class='ocrx_word' id='word_1_64' title='bbox 90 1105 401 1160; x_wconf 89' lang='lat' dir='ltr'>pedimentum</span> <span class='ocrx_word' id='word_1_65' title='bbox 435 1106 516 1148; x_wconf 81' lang='lat' dir='ltr'>hoc</span> <span class='ocrx_word' id='word_1_66' title='bbox 550 1105 778 1148; x_wconf 84' lang='lat' dir='ltr'>oriebatur</span> <span class='ocrx_word' id='word_1_67' title='bbox 801 1105 936 1148; x_wconf 90' lang='lat' dir='ltr'>etiam</span> <span class='ocrx_word' id='word_1_68' title='bbox 965 1118 1018 1148; x_wconf 83' lang='lat' dir='ltr'>ex</span> <span class='ocrx_word' id='word_1_69' title='bbox 1041 1105 1325 1160; x_wconf 83' lang='lat' dir='ltr'>sponsalibus</span> <span class='ocrx_word' id='word_1_70' title='bbox 1349 1105 1580 1151; x_wconf 78' lang='lat' dir='ltr'>invalidis,</span> <span class='ocrx_word' id='word_1_71' title='bbox 1612 1105 1741 1148; x_wconf 89' lang='lat' dir='ltr'>modo</span> <span class='ocrx_word' id='word_1_72' title='bbox 1760 1105 1965 1148; x_wconf 85' lang='lat' dir='ltr'>invalida</span> 
     </span>
     <span class='ocr_line' id='line_1_12' title="bbox 89 1180 970 1224; baseline 0 -2"><span class='ocrx_word' id='word_1_73' title='bbox 89 1193 178 1222; x_wconf 94' lang='lat' dir='ltr'>non</span> <span class='ocrx_word' id='word_1_74' title='bbox 209 1180 384 1223; x_wconf 76' lang='lat' dir='ltr'>fuerint</span> <span class='ocrx_word' id='word_1_75' title='bbox 417 1193 471 1223; x_wconf 74' lang='lat' dir='ltr'>ex</span> <span class='ocrx_word' id='word_1_76' title='bbox 505 1180 684 1223; x_wconf 81' lang='lat' dir='ltr'>defectu</span> <span class='ocrx_word' id='word_1_77' title='bbox 717 1193 970 1224; x_wconf 84' lang='lat' dir='ltr'>consensus.</span> 
     </span>
    </p>
   </div>
   <div class='ocr_carea' id='block_1_7' title="bbox 89 1260 1964 1693">
    <p class='ocr_par' dir='ltr' id='par_1_7' title="bbox 89 1260 1964 1693">
     <span class='ocr_line' id='line_1_13' title="bbox 242 1260 1963 1339; baseline 0.001 -20"><span class='ocrx_word' id='word_1_78' title='bbox 242 1290 280 1322; x_wconf 82' lang='lat' dir='ltr'>c.</span> <span class='ocrx_word' id='word_1_79' title='bbox 323 1260 626 1339; x_wconf 62' lang='lat' dir='ltr'>Neque&#39;ex</span> <span class='ocrx_word' id='word_1_80' title='bbox 681 1270 1029 1339; x_wconf 90' lang='lat' dir='ltr'>sponsalibus</span> <span class='ocrx_word' id='word_1_81' title='bbox 1083 1270 1459 1321; x_wconf 70' lang='lat' dir='ltr'>conditionatis</span> <span class='ocrx_word' id='word_1_82' title='bbox 1513 1271 1686 1320; x_wconf 87' lang='lat' dir='ltr'>oritur</span> <span class='ocrx_word' id='word_1_83' title='bbox 1739 1269 1963 1339; x_wconf 91' lang='lat' dir='ltr'>impedi-</span> 
     </span>
     <span class='ocr_line' id='line_1_14' title="bbox 91 1359 1964 1428; baseline -0.001 -18"><span class='ocrx_word' id='word_1_84' title='bbox 91 1368 353 1425; x_wconf 86' lang='lat' dir='ltr'>mentum,</span> <span class='ocrx_word' id='word_1_85' title='bbox 415 1361 544 1428; x_wconf 89' lang='lat' dir='ltr'>quia</span> <span class='ocrx_word' id='word_1_86' title='bbox 586 1360 910 1410; x_wconf 87' lang='lat' dir='ltr'>condicione</span> <span class='ocrx_word' id='word_1_87' title='bbox 952 1359 1197 1410; x_wconf 90' lang='lat' dir='ltr'>nondum</span> <span class='ocrx_word' id='word_1_88' title='bbox 1240 1359 1465 1428; x_wconf 89' lang='lat' dir='ltr'>impleta</span> <span class='ocrx_word' id='word_1_89' title='bbox 1507 1377 1615 1409; x_wconf 91' lang='lat' dir='ltr'>non</span> <span class='ocrx_word' id='word_1_90' title='bbox 1671 1368 1797 1409; x_wconf 90' lang='lat' dir='ltr'>sunt</span> <span class='ocrx_word' id='word_1_91' title='bbox 1850 1377 1964 1427; x_wconf 84' lang='lat' dir='ltr'>per-</span> 
     </span>
     <span class='ocr_line' id='line_1_15' title="bbox 89 1447 1962 1517; baseline -0.001 -18"><span class='ocrx_word' id='word_1_92' title='bbox 89 1449 233 1500; x_wconf 86' lang='lat' dir='ltr'>fecta</span> <span class='ocrx_word' id='word_1_93' title='bbox 285 1448 592 1516; x_wconf 85' lang='lat' dir='ltr'>sponsalia;</span> <span class='ocrx_word' id='word_1_94' title='bbox 662 1448 989 1499; x_wconf 86' lang='lat' dir='ltr'>condicione</span> <span class='ocrx_word' id='word_1_95' title='bbox 1050 1456 1235 1499; x_wconf 88' lang='lat' dir='ltr'>autem</span> <span class='ocrx_word' id='word_1_96' title='bbox 1289 1447 1514 1517; x_wconf 84' lang='lat' dir='ltr'>impleta</span> <span class='ocrx_word' id='word_1_97' title='bbox 1567 1455 1855 1498; x_wconf 89' lang='lat' dir='ltr'>transeunt</span> <span class='ocrx_word' id='word_1_98' title='bbox 1906 1449 1962 1497; x_wconf 91' lang='lat' dir='ltr'>in</span> 
     </span>
     <span class='ocr_line' id='line_1_16' title="bbox 90 1535 1962 1607; baseline -0.001 -18"><span class='ocrx_word' id='word_1_99' title='bbox 90 1537 366 1607; x_wconf 89' lang='lat' dir='ltr'>sponsalia</span> <span class='ocrx_word' id='word_1_100' title='bbox 406 1536 675 1600; x_wconf 83' lang='lat' dir='ltr'>absoluta,</span> <span class='ocrx_word' id='word_1_101' title='bbox 722 1557 789 1587; x_wconf 79' lang='lat' dir='ltr'>ex</span> <span class='ocrx_word' id='word_1_102' title='bbox 832 1536 1034 1606; x_wconf 90' lang='lat' dir='ltr'>quibus</span> <span class='ocrx_word' id='word_1_103' title='bbox 1077 1555 1137 1587; x_wconf 94' lang='lat' dir='ltr'>eo</span> <span class='ocrx_word' id='word_1_104' title='bbox 1180 1539 1298 1605; x_wconf 89' lang='lat' dir='ltr'>ipso</span> <span class='ocrx_word' id='word_1_105' title='bbox 1342 1539 1513 1587; x_wconf 84' lang='lat' dir='ltr'>oritur</span> <span class='ocrx_word' id='word_1_106' title='bbox 1542 1539 1707 1587; x_wconf 85' lang='lat' dir='ltr'>etiam</span> <span class='ocrx_word' id='word_1_107' title='bbox 1738 1535 1962 1605; x_wconf 89' lang='lat' dir='ltr'>publica</span> 
     </span>
     <span class='ocr_line' id='line_1_17' title="bbox 92 1625 1961 1693; baseline -0.002 -14"><span class='ocrx_word' id='word_1_108' title='bbox 92 1629 361 1691; x_wconf 84' lang='lat' dir='ltr'>honestas,</span> <span class='ocrx_word' id='word_1_109' title='bbox 425 1628 528 1677; x_wconf 92' lang='lat' dir='ltr'>nisi</span> <span class='ocrx_word' id='word_1_110' title='bbox 594 1628 815 1677; x_wconf 88' lang='lat' dir='ltr'>interim</span> <span class='ocrx_word' id='word_1_111' title='bbox 884 1625 1145 1677; x_wconf 87' lang='lat' dir='ltr'>alterutra</span> <span class='ocrx_word' id='word_1_112' title='bbox 1217 1645 1341 1693; x_wconf 89' lang='lat' dir='ltr'>pars</span> <span class='ocrx_word' id='word_1_113' title='bbox 1397 1625 1737 1676; x_wconf 82' lang='lat' dir='ltr'>voluntatem</span> <span class='ocrx_word' id='word_1_114' title='bbox 1808 1644 1961 1677; x_wconf 89' lang='lat' dir='ltr'>suam</span> 
     </span>
    </p>
   </div>
   <div class='ocr_carea' id='block_1_8' title="bbox 89 1726 1966 2517">
    <p class='ocr_par' dir='ltr' id='par_1_8' title="bbox 90 1726 448 1767">
     <span class='ocr_line' id='line_1_18' title="bbox 90 1726 448 1767; baseline 0 0"><span class='ocrx_word' id='word_1_115' title='bbox 90 1726 448 1767; x_wconf 81' lang='lat' dir='ltr'>retractasset.</span> 
     </span>
    </p>

    <p class='ocr_par' dir='ltr' id='par_1_9' title="bbox 89 1805 1966 2234">
     <span class='ocr_line' id='line_1_19' title="bbox 237 1805 1964 1860; baseline -0.001 -12"><span class='ocrx_word' id='word_1_116' title='bbox 237 1806 373 1849; x_wconf 88' lang='lat' dir='ltr'>Patet</span> <span class='ocrx_word' id='word_1_117' title='bbox 417 1806 524 1849; x_wconf 82' lang='lat' dir='ltr'>haec</span> <span class='ocrx_word' id='word_1_118' title='bbox 572 1806 722 1848; x_wconf 64' lang='lat' dir='ltr'>valere</span> <span class='ocrx_word' id='word_1_119' title='bbox 771 1806 824 1848; x_wconf 91' lang='lat' dir='ltr'>de</span> <span class='ocrx_word' id='word_1_120' title='bbox 873 1805 1158 1860; x_wconf 87' lang='lat' dir='ltr'>sponsalibus</span> <span class='ocrx_word' id='word_1_121' title='bbox 1207 1805 1533 1848; x_wconf 82' lang='lat' dir='ltr'>condicionatis</span> <span class='ocrx_word' id='word_1_122' title='bbox 1575 1805 1656 1848; x_wconf 90' lang='lat' dir='ltr'>sub</span> <span class='ocrx_word' id='word_1_123' title='bbox 1705 1805 1964 1848; x_wconf 85' lang='lat' dir='ltr'>condicione</span> 
     </span>
     <span class='ocr_line' id='line_1_20' title="bbox 89 1879 1963 1936; baseline 0 -15"><span class='ocrx_word' id='word_1_124' title='bbox 89 1881 371 1936; x_wconf 73' lang='lat' dir='ltr'>snspensim,</span> <span class='ocrx_word' id='word_1_125' title='bbox 402 1894 491 1923; x_wconf 88' lang='lat' dir='ltr'>non</span> <span class='ocrx_word' id='word_1_126' title='bbox 524 1880 635 1923; x_wconf 87' lang='lat' dir='ltr'>item</span> <span class='ocrx_word' id='word_1_127' title='bbox 671 1880 724 1923; x_wconf 85' lang='lat' dir='ltr'>de</span> <span class='ocrx_word' id='word_1_128' title='bbox 759 1880 1043 1935; x_wconf 84' lang='lat' dir='ltr'>sponsalibus</span> <span class='ocrx_word' id='word_1_129' title='bbox 1077 1879 1404 1922; x_wconf 82' lang='lat' dir='ltr'>condicionatis</span> <span class='ocrx_word' id='word_1_130' title='bbox 1437 1879 1519 1921; x_wconf 90' lang='lat' dir='ltr'>sub</span> <span class='ocrx_word' id='word_1_131' title='bbox 1553 1879 1811 1922; x_wconf 82' lang='lat' dir='ltr'>condicione</span> <span class='ocrx_word' id='word_1_132' title='bbox 1843 1892 1963 1921; x_wconf 81' lang='lat' dir='ltr'>reso-</span> 
     </span>
     <span class='ocr_line' id='line_1_21' title="bbox 89 1953 1965 2009; baseline -0.002 -11"><span class='ocrx_word' id='word_1_133' title='bbox 89 1956 256 1998; x_wconf 64' lang='lat' dir='ltr'>latii-a:</span> <span class='ocrx_word' id='word_1_134' title='bbox 289 1955 397 1998; x_wconf 87' lang='lat' dir='ltr'>haec</span> <span class='ocrx_word' id='word_1_135' title='bbox 429 1954 548 1998; x_wconf 92' lang='lat' dir='ltr'>enim</span> <span class='ocrx_word' id='word_1_136' title='bbox 583 1956 786 2009; x_wconf 77' lang='lat' dir='ltr'>perfecta</span> <span class='ocrx_word' id='word_1_137' title='bbox 835 1964 941 1997; x_wconf 86' lang='lat' dir='ltr'>sunt</span> <span class='ocrx_word' id='word_1_138' title='bbox 990 1954 1232 2009; x_wconf 84' lang='lat' dir='ltr'>sponsalia,</span> <span class='ocrx_word' id='word_1_139' title='bbox 1280 1967 1333 1997; x_wconf 78' lang='lat' dir='ltr'>ex</span> <span class='ocrx_word' id='word_1_140' title='bbox 1382 1954 1544 2008; x_wconf 89' lang='lat' dir='ltr'>quibus</span> <span class='ocrx_word' id='word_1_141' title='bbox 1589 1954 1733 1996; x_wconf 86' lang='lat' dir='ltr'>oritur</span> <span class='ocrx_word' id='word_1_142' title='bbox 1779 1953 1965 2008; x_wconf 89' lang='lat' dir='ltr'>impedi-</span> 
     </span>
     <span class='ocr_line' id='line_1_22' title="bbox 91 2028 1965 2084; baseline -0.001 -12"><span class='ocrx_word' id='word_1_143' title='bbox 91 2037 293 2073; x_wconf 88' lang='lat' dir='ltr'>mentum</span> <span class='ocrx_word' id='word_1_144' title='bbox 327 2029 533 2084; x_wconf 80' lang='lat' dir='ltr'>publieae</span> <span class='ocrx_word' id='word_1_145' title='bbox 565 2029 834 2083; x_wconf 55' lang='lat' dir='ltr'>honestatis</span> <span class='ocrx_word' id='word_1_146' title='bbox 875 2036 927 2072; x_wconf 91' lang='lat' dir='ltr'>ut</span> <span class='ocrx_word' id='word_1_147' title='bbox 962 2029 998 2071; x_wconf 86' lang='lat' dir='ltr'>si</span> <span class='ocrx_word' id='word_1_148' title='bbox 1044 2030 1130 2072; x_wconf 89' lang='lat' dir='ltr'>duo</span> <span class='ocrx_word' id='word_1_149' title='bbox 1174 2028 1258 2072; x_wconf 90' lang='lat' dir='ltr'>sibi</span> <span class='ocrx_word' id='word_1_150' title='bbox 1299 2029 1641 2072; x_wconf 83' lang='lat' dir='ltr'>matrimonium</span> <span class='ocrx_word' id='word_1_151' title='bbox 1683 2028 1965 2082; x_wconf 88' lang='lat' dir='ltr'>promittunt</span> 
     </span>
     <span class='ocr_line' id='line_1_23' title="bbox 90 2103 1966 2158; baseline -0.002 -11"><span class='ocrx_word' id='word_1_152' title='bbox 90 2105 172 2147; x_wconf 87' lang='lat' dir='ltr'>hac</span> <span class='ocrx_word' id='word_1_153' title='bbox 205 2104 365 2147; x_wconf 84' lang='lat' dir='ltr'>addita</span> <span class='ocrx_word' id='word_1_154' title='bbox 397 2104 671 2158; x_wconf 82' lang='lat' dir='ltr'>condicione,</span> <span class='ocrx_word' id='word_1_155' title='bbox 703 2103 791 2146; x_wconf 91' lang='lat' dir='ltr'>nisi</span> <span class='ocrx_word' id='word_1_156' title='bbox 826 2111 933 2146; x_wconf 85' lang='lat' dir='ltr'>ante</span> <span class='ocrx_word' id='word_1_157' title='bbox 977 2103 1142 2146; x_wconf 89' lang='lat' dir='ltr'>initum</span> <span class='ocrx_word' id='word_1_158' title='bbox 1190 2103 1532 2146; x_wconf 83' lang='lat' dir='ltr'>matrimonium</span> <span class='ocrx_word' id='word_1_159' title='bbox 1574 2103 1796 2145; x_wconf 87' lang='lat' dir='ltr'>moriatur</span> <span class='ocrx_word' id='word_1_160' title='bbox 1835 2108 1966 2157; x_wconf 88' lang='lat' dir='ltr'>pater</span> 
     </span>
     <span class='ocr_line' id='line_1_24' title="bbox 89 2177 327 2234; baseline 0.004 -14"><span class='ocrx_word' id='word_1_161' title='bbox 89 2177 327 2234; x_wconf 60' lang='lat' dir='ltr'>sponsae53.</span> 
     </span>
    </p>

    <p class='ocr_par' dir='ltr' id='par_1_10' title="bbox 91 2267 1964 2517">
     <span class='ocr_line' id='line_1_25' title="bbox 242 2267 1964 2337; baseline -0.001 -18"><span class='ocrx_word' id='word_1_162' title='bbox 242 2271 291 2322; x_wconf 70' lang='lat' dir='ltr'>cl.</span> <span class='ocrx_word' id='word_1_163' title='bbox 334 2270 423 2320; x_wconf 80' lang='lat' dir='ltr'>Ex</span> <span class='ocrx_word' id='word_1_164' title='bbox 484 2268 832 2337; x_wconf 82' lang='lat' dir='ltr'>sponsalibus</span> <span class='ocrx_word' id='word_1_165' title='bbox 893 2269 1085 2336; x_wconf 65' lang='lat' dir='ltr'>dubiis,</span> <span class='ocrx_word' id='word_1_166' title='bbox 1148 2270 1181 2320; x_wconf 88' lang='lat' dir='ltr'>i.</span> <span class='ocrx_word' id='word_1_167' title='bbox 1245 2288 1287 2320; x_wconf 89' lang='lat' dir='ltr'>e.</span> <span class='ocrx_word' id='word_1_168' title='bbox 1346 2267 1703 2337; x_wconf 84' lang='lat' dir='ltr'>probabiliter</span> <span class='ocrx_word' id='word_1_169' title='bbox 1766 2267 1964 2318; x_wconf 88' lang='lat' dir='ltr'>validis</span> 
     </span>
     <span class='ocr_line' id='line_1_26' title="bbox 91 2356 1960 2427; baseline -0.002 -16"><span class='ocrx_word' id='word_1_170' title='bbox 91 2361 262 2411; x_wconf 88' lang='lat' dir='ltr'>oritur</span> <span class='ocrx_word' id='word_1_171' title='bbox 303 2358 762 2427; x_wconf 86' lang='lat' dir='ltr'>impedimentum</span> <span class='ocrx_word' id='word_1_172' title='bbox 807 2357 1037 2409; x_wconf 86' lang='lat' dir='ltr'>dubium</span> <span class='ocrx_word' id='word_1_173' title='bbox 1097 2356 1353 2427; x_wconf 87' lang='lat' dir='ltr'>publicae</span> <span class='ocrx_word' id='word_1_174' title='bbox 1407 2357 1734 2422; x_wconf 80' lang='lat' dir='ltr'>honestatis3</span> <span class='ocrx_word' id='word_1_175' title='bbox 1793 2375 1960 2426; x_wconf 86' lang='lat' dir='ltr'>quare</span> 
     </span>
     <span class='ocr_line' id='line_1_27' title="bbox 93 2445 1963 2517; baseline -0.002 -17"><span class='ocrx_word' id='word_1_176' title='bbox 93 2468 217 2500; x_wconf 87' lang='lat' dir='ltr'>cum</span> <span class='ocrx_word' id='word_1_177' title='bbox 260 2448 720 2517; x_wconf 84' lang='lat' dir='ltr'>impedimentum</span> <span class='ocrx_word' id='word_1_178' title='bbox 775 2449 843 2498; x_wconf 89' lang='lat' dir='ltr'>sit</span> <span class='ocrx_word' id='word_1_179' title='bbox 884 2448 1017 2498; x_wconf 87' lang='lat' dir='ltr'>iuris</span> <span class='ocrx_word' id='word_1_180' title='bbox 1059 2446 1430 2513; x_wconf 82' lang='lat' dir='ltr'>ecclesiastici,</span> <span class='ocrx_word' id='word_1_181' title='bbox 1472 2446 1602 2497; x_wconf 89' lang='lat' dir='ltr'>licet</span> <span class='ocrx_word' id='word_1_182' title='bbox 1643 2445 1963 2497; x_wconf 85' lang='lat' dir='ltr'>contrahere</span> 
     </span>
    </p>
   </div>
   <div class='ocr_carea' id='block_1_9' title="bbox 91 2538 1962 2801">
    <p class='ocr_par' dir='ltr' id='par_1_11' title="bbox 91 2538 1962 2801">
     <span class='ocr_line' id='line_1_28' title="bbox 91 2538 766 2607; baseline -0.003 -18"><span class='ocrx_word' id='word_1_183' title='bbox 91 2538 297 2607; x_wconf 89' lang='lat' dir='ltr'>absque</span> <span class='ocrx_word' id='word_1_184' title='bbox 341 2538 766 2607; x_wconf 86' lang='lat' dir='ltr'>dispensatione.</span> 
     </span>
     <span class='ocr_line' id='line_1_29' title="bbox 242 2640 1962 2711; baseline -0.002 -18"><span class='ocrx_word' id='word_1_185' title='bbox 242 2663 280 2695; x_wconf 71' lang='lat' dir='ltr'>e.</span> <span class='ocrx_word' id='word_1_186' title='bbox 327 2642 411 2693; x_wconf 86' lang='lat' dir='ltr'>Ex</span> <span class='ocrx_word' id='word_1_187' title='bbox 456 2642 801 2711; x_wconf 85' lang='lat' dir='ltr'>sponsalibus</span> <span class='ocrx_word' id='word_1_188' title='bbox 841 2643 1055 2692; x_wconf 71' lang='lat' dir='ltr'>incertis</span> <span class='ocrx_word' id='word_1_189' title='bbox 1113 2659 1222 2692; x_wconf 89' lang='lat' dir='ltr'>non</span> <span class='ocrx_word' id='word_1_190' title='bbox 1279 2643 1449 2691; x_wconf 87' lang='lat' dir='ltr'>oritur</span> <span class='ocrx_word' id='word_1_191' title='bbox 1505 2640 1962 2709; x_wconf 86' lang='lat' dir='ltr'>impedimentum</span> 
     </span>
     <span class='ocr_line' id='line_1_30' title="bbox 91 2729 1961 2801; baseline -0.002 -18"><span class='ocrx_word' id='word_1_192' title='bbox 91 2731 347 2801; x_wconf 88' lang='lat' dir='ltr'>publicae</span> <span class='ocrx_word' id='word_1_193' title='bbox 388 2731 713 2782; x_wconf 86' lang='lat' dir='ltr'>honestatis:</span> <span class='ocrx_word' id='word_1_194' title='bbox 760 2733 961 2782; x_wconf 89' lang='lat' dir='ltr'>etenim</span> <span class='ocrx_word' id='word_1_195' title='bbox 1006 2750 1114 2782; x_wconf 89' lang='lat' dir='ltr'>non</span> <span class='ocrx_word' id='word_1_196' title='bbox 1157 2740 1284 2782; x_wconf 89' lang='lat' dir='ltr'>sunt</span> <span class='ocrx_word' id='word_1_197' title='bbox 1325 2749 1456 2781; x_wconf 87' lang='lat' dir='ltr'>vera</span> <span class='ocrx_word' id='word_1_198' title='bbox 1500 2729 1790 2799; x_wconf 75' lang='lat' dir='ltr'>sponsalia,</span> <span class='ocrx_word' id='word_1_199' title='bbox 1834 2747 1961 2796; x_wconf 77' lang='lat' dir='ltr'>ergo</span> 
     </span>
    </p>
   </div>
   <div class='ocr_carea' id='block_1_10' title="bbox 91 2820 1550 2889">
    <p class='ocr_par' dir='ltr' id='par_1_12' title="bbox 91 2820 1550 2889">
     <span class='ocr_line' id='line_1_31' title="bbox 91 2820 1550 2889; baseline 0 -17"><span class='ocrx_word' id='word_1_200' title='bbox 91 2839 199 2873; x_wconf 90' lang='lat' dir='ltr'>non</span> <span class='ocrx_word' id='word_1_201' title='bbox 242 2820 556 2889; x_wconf 87' lang='lat' dir='ltr'>producunt</span> <span class='ocrx_word' id='word_1_202' title='bbox 596 2821 850 2871; x_wconf 85' lang='lat' dir='ltr'>effectum</span> <span class='ocrx_word' id='word_1_203' title='bbox 894 2838 1151 2871; x_wconf 84' lang='lat' dir='ltr'>verorum</span> <span class='ocrx_word' id='word_1_204' title='bbox 1195 2820 1550 2888; x_wconf 87' lang='lat' dir='ltr'>sponsalium.</span> 
     </span>
    </p>
   </div>
   <div class='ocr_carea' id='block_1_11' title="bbox 90 2907 1964 3113">
    <p class='ocr_par' dir='ltr' id='par_1_13' title="bbox 90 2907 1964 3113">
     <span class='ocr_line' id='line_1_32' title="bbox 236 2907 1963 2965; baseline -0.002 -12"><span class='ocrx_word' id='word_1_205' title='bbox 236 2911 416 2953; x_wconf 84' lang='lat' dir='ltr'>Incerta</span> <span class='ocrx_word' id='word_1_206' title='bbox 451 2910 665 2952; x_wconf 78' lang='lat' dir='ltr'>dicuntur</span> <span class='ocrx_word' id='word_1_207' title='bbox 700 2910 945 2965; x_wconf 24' lang='lat' dir='ltr'>spon-salia,</span> <span class='ocrx_word' id='word_1_208' title='bbox 979 2909 1139 2964; x_wconf 87' lang='lat' dir='ltr'>quibus</span> <span class='ocrx_word' id='word_1_209' title='bbox 1173 2909 1515 2952; x_wconf 87' lang='lat' dir='ltr'>matrimonium</span> <span class='ocrx_word' id='word_1_210' title='bbox 1550 2922 1640 2951; x_wconf 89' lang='lat' dir='ltr'>non</span> <span class='ocrx_word' id='word_1_211' title='bbox 1672 2907 1963 2963; x_wconf 86' lang='lat' dir='ltr'>promittitur</span> 
     </span>
     <span class='ocr_line' id='line_1_33' title="bbox 92 2984 1964 3038; baseline -0.002 -10"><span class='ocrx_word' id='word_1_212' title='bbox 92 2994 239 3028; x_wconf 84' lang='lat' dir='ltr'>certae</span> <span class='ocrx_word' id='word_1_213' title='bbox 273 2990 317 3028; x_wconf 87' lang='lat' dir='ltr'>et</span> <span class='ocrx_word' id='word_1_214' title='bbox 353 2984 683 3027; x_wconf 85' lang='lat' dir='ltr'>determinatae</span> <span class='ocrx_word' id='word_1_215' title='bbox 715 2997 944 3038; x_wconf 83' lang='lat' dir='ltr'>personae,</span> <span class='ocrx_word' id='word_1_216' title='bbox 975 2989 1028 3027; x_wconf 86' lang='lat' dir='ltr'>ut</span> <span class='ocrx_word' id='word_1_217' title='bbox 1062 2984 1099 3026; x_wconf 78' lang='lat' dir='ltr'>si</span> <span class='ocrx_word' id='word_1_218' title='bbox 1134 2984 1233 3038; x_wconf 89' lang='lat' dir='ltr'>quis</span> <span class='ocrx_word' id='word_1_219' title='bbox 1266 2984 1511 3038; x_wconf 87' lang='lat' dir='ltr'>promittat</span> <span class='ocrx_word' id='word_1_220' title='bbox 1534 2997 1579 3026; x_wconf 89' lang='lat' dir='ltr'>se</span> <span class='ocrx_word' id='word_1_221' title='bbox 1603 2984 1844 3026; x_wconf 86' lang='lat' dir='ltr'>ducturum</span> <span class='ocrx_word' id='word_1_222' title='bbox 1869 2995 1964 3025; x_wconf 87' lang='lat' dir='ltr'>esse</span> 
     </span>
     <span class='ocr_line' id='line_1_34' title="bbox 90 3056 1962 3113; baseline -0.001 -12"><span class='ocrx_word' id='word_1_223' title='bbox 90 3072 227 3102; x_wconf 87' lang='lat' dir='ltr'>unam</span> <span class='ocrx_word' id='word_1_224' title='bbox 262 3058 553 3113; x_wconf 77' lang='lat' dir='ltr'>expluribus</span> <span class='ocrx_word' id='word_1_225' title='bbox 587 3057 769 3100; x_wconf 87' lang='lat' dir='ltr'>filiabus</span> <span class='ocrx_word' id='word_1_226' title='bbox 817 3058 1008 3100; x_wconf 89' lang='lat' dir='ltr'>alicuius</span> <span class='ocrx_word' id='word_1_227' title='bbox 1057 3058 1201 3112; x_wconf 85' lang='lat' dir='ltr'>patris</span> <span class='ocrx_word' id='word_1_228' title='bbox 1250 3062 1295 3100; x_wconf 89' lang='lat' dir='ltr'>et</span> <span class='ocrx_word' id='word_1_229' title='bbox 1342 3058 1468 3112; x_wconf 89' lang='lat' dir='ltr'>ipsae</span> <span class='ocrx_word' id='word_1_230' title='bbox 1514 3057 1852 3112; x_wconf 88' lang='lat' dir='ltr'>repromittant.</span> <span class='ocrx_word' id='word_1_231' title='bbox 1917 3056 1962 3099; x_wconf 81' lang='lat' dir='ltr'>Si</span> 
     </span>
    </p>
   </div>
   <div class='ocr_carea' id='block_1_12' title="bbox 90 3159 210 3161">
    <p class='ocr_par' dir='ltr' id='par_1_14' title="bbox 90 3159 210 3161">
     <span class='ocr_line' id='line_1_35' title="bbox 90 3159 210 3161; baseline 0 0"><span class='ocrx_word' id='word_1_232' title='bbox 90 3159 210 3161; x_wconf 95' lang='lat' dir='ltr'> </span> 
     </span>
    </p>
   </div>
   <div class='ocr_carea' id='block_1_13' title="bbox 332 3159 444 3161">
    <p class='ocr_par' dir='ltr' id='par_1_15' title="bbox 332 3159 444 3161">
     <span class='ocr_line' id='line_1_36' title="bbox 332 3159 444 3161; baseline 0 0"><span class='ocrx_word' id='word_1_233' title='bbox 332 3159 444 3161; x_wconf 95' lang='lat' dir='ltr'> </span> 
     </span>
    </p>
   </div>
   <div class='ocr_carea' id='block_1_14' title="bbox 246 3206 1796 3559">
    <p class='ocr_par' dir='ltr' id='par_1_16' title="bbox 250 3206 1545 3260">
     <span class='ocr_line' id='line_1_37' title="bbox 250 3206 1545 3260; baseline -0.001 -11"><span class='ocrx_word' id='word_1_234' title='bbox 250 3206 278 3260; x_wconf 73' lang='lat'>¹&gt;</span> <span class='ocrx_word' id='word_1_235' title='bbox 313 3207 535 3250; x_wconf 80' lang='lat' dir='ltr'>Coneilzzm</span> <span class='ocrx_word' id='word_1_236' title='bbox 569 3206 675 3248; x_wconf 73' lang='lat' dir='ltr'>trid.</span> <span class='ocrx_word' id='word_1_237' title='bbox 711 3219 815 3249; x_wconf 88' lang='lat' dir='ltr'>sess.</span> <span class='ocrx_word' id='word_1_238' title='bbox 853 3207 920 3249; x_wconf 68' lang='lat'>24.</span> <span class='ocrx_word' id='word_1_239' title='bbox 957 3221 989 3249; x_wconf 86' lang='lat' dir='ltr'>c.</span> <span class='ocrx_word' id='word_1_240' title='bbox 1025 3208 1065 3249; x_wconf 76' lang='lat'>3.</span> <span class='ocrx_word' id='word_1_241' title='bbox 1101 3208 1166 3249; x_wconf 87' lang='lat' dir='ltr'>De</span> <span class='ocrx_word' id='word_1_242' title='bbox 1198 3209 1377 3249; x_wconf 73' lang='lat' dir='ltr'>reform.</span> <span class='ocrx_word' id='word_1_243' title='bbox 1412 3215 1545 3249; x_wconf 87' lang='lat' dir='ltr'>matr.</span> 
     </span>
    </p>

    <p class='ocr_par' dir='ltr' id='par_1_17' title="bbox 246 3271 1781 3409">
     <span class='ocr_line' id='line_1_38' title="bbox 247 3271 1781 3337; baseline -0.001 -13"><span class='ocrx_word' id='word_1_244' title='bbox 247 3280 275 3335; x_wconf 61' lang='lat'>⁴³}</span> <span class='ocrx_word' id='word_1_245' title='bbox 310 3281 355 3324; x_wconf 78' lang='lat' dir='ltr'>S.</span> <span class='ocrx_word' id='word_1_246' title='bbox 389 3271 623 3323; x_wconf 74' lang='lat' dir='ltr'>Poeniten.</span> <span class='ocrx_word' id='word_1_247' title='bbox 660 3281 728 3323; x_wconf 85' lang='lat'>10.</span> <span class='ocrx_word' id='word_1_248' title='bbox 765 3285 878 3335; x_wconf 84' lang='lat' dir='ltr'>sept.</span> <span class='ocrx_word' id='word_1_249' title='bbox 915 3281 1045 3326; x_wconf 74' lang='lat'>1834.</span> <span class='ocrx_word' id='word_1_250' title='bbox 1081 3281 1125 3323; x_wconf 81' lang='lat' dir='ltr'>S.</span> <span class='ocrx_word' id='word_1_251' title='bbox 1165 3281 1371 3337; x_wconf 75' lang='lat' dir='ltr'>Officium</span> <span class='ocrx_word' id='word_1_252' title='bbox 1406 3282 1474 3323; x_wconf 80' lang='lat'>11.</span> <span class='ocrx_word' id='word_1_253' title='bbox 1511 3293 1614 3335; x_wconf 78' lang='lat' dir='ltr'>aug.</span> <span class='ocrx_word' id='word_1_254' title='bbox 1654 3280 1781 3322; x_wconf 66' lang='lat'>1852.</span> 
     </span>
     <span class='ocr_line' id='line_1_39' title="bbox 246 3355 1239 3409; baseline 0 -12"><span class='ocrx_word' id='word_1_255' title='bbox 246 3355 275 3409; x_wconf 79' lang='lat'>³)</span> <span class='ocrx_word' id='word_1_256' title='bbox 308 3356 372 3398; x_wconf 72' lang='lat' dir='ltr'>Cf.</span> <span class='ocrx_word' id='word_1_257' title='bbox 409 3369 513 3398; x_wconf 85' lang='lat' dir='ltr'>sess.</span> <span class='ocrx_word' id='word_1_258' title='bbox 548 3355 617 3398; x_wconf 73' lang='lat'>24.</span> <span class='ocrx_word' id='word_1_259' title='bbox 653 3369 688 3398; x_wconf 92' lang='lat' dir='ltr'>c.</span> <span class='ocrx_word' id='word_1_260' title='bbox 721 3357 762 3400; x_wconf 84' lang='lat'>3.</span> <span class='ocrx_word' id='word_1_261' title='bbox 796 3356 862 3398; x_wconf 87' lang='lat' dir='ltr'>De</span> <span class='ocrx_word' id='word_1_262' title='bbox 893 3357 1072 3398; x_wconf 76' lang='lat' dir='ltr'>reform.</span> <span class='ocrx_word' id='word_1_263' title='bbox 1107 3361 1239 3398; x_wconf 88' lang='lat' dir='ltr'>matr.</span> 
     </span>
    </p>

    <p class='ocr_par' dir='ltr' id='par_1_18' title="bbox 246 3425 1796 3559">
     <span class='ocr_line' id='line_1_40' title="bbox 246 3425 1796 3485; baseline -0.002 -13"><span class='ocrx_word' id='word_1_264' title='bbox 246 3429 281 3485; x_wconf 60' lang='grc'>4)</span> <span class='ocrx_word' id='word_1_265' title='bbox 316 3430 383 3473; x_wconf 79' lang='lat' dir='ltr'>Cf.</span> <span class='ocrx_word' id='word_1_266' title='bbox 416 3429 460 3472; x_wconf 80' lang='lat' dir='ltr'>C.</span> <span class='ocrx_word' id='word_1_267' title='bbox 496 3430 564 3472; x_wconf 87' lang='lat' dir='ltr'>Ex</span> <span class='ocrx_word' id='word_1_268' title='bbox 598 3429 883 3484; x_wconf 87' lang='lat' dir='ltr'>sponsalibus</span> <span class='ocrx_word' id='word_1_269' title='bbox 915 3443 991 3473; x_wconf 90' lang='lat' dir='ltr'>un.</span> <span class='ocrx_word' id='word_1_270' title='bbox 1026 3430 1097 3472; x_wconf 81' lang='lat' dir='ltr'>De</span> <span class='ocrx_word' id='word_1_271' title='bbox 1129 3429 1416 3485; x_wconf 73' lang='lat' dir='ltr'>sponsalibus</span> <span class='ocrx_word' id='word_1_272' title='bbox 1446 3428 1537 3481; x_wconf 64' lang='lat' dir='ltr'>(IV.</span> <span class='ocrx_word' id='word_1_273' title='bbox 1576 3430 1618 3477; x_wconf 71' lang='grc'>1)</span> <span class='ocrx_word' id='word_1_274' title='bbox 1653 3427 1700 3470; x_wconf 92' lang='lat' dir='ltr'>in</span> <span class='ocrx_word' id='word_1_275' title='bbox 1733 3425 1796 3469; x_wconf 82' lang='lat'>6⁰.</span> 
     </span>
     <span class='ocr_line' id='line_1_41' title="bbox 247 3503 999 3559; baseline -0.003 -12"><span class='ocrx_word' id='word_1_276' title='bbox 247 3503 282 3559; x_wconf 80' lang='lat'>⁵)</span> <span class='ocrx_word' id='word_1_277' title='bbox 316 3504 382 3547; x_wconf 78' lang='lat' dir='ltr'>Cf.</span> <span class='ocrx_word' id='word_1_278' title='bbox 418 3504 489 3545; x_wconf 78' lang='lat' dir='ltr'>De</span> <span class='ocrx_word' id='word_1_279' title='bbox 521 3504 790 3559; x_wconf 74' lang='lat' dir='ltr'>Praeceptis</span> <span class='ocrx_word' id='word_1_280' title='bbox 822 3518 864 3546; x_wconf 92' lang='lat' dir='ltr'>n.</span> <span class='ocrx_word' id='word_1_281' title='bbox 900 3505 999 3547; x_wconf 77' lang='lat'>531.</span> 
     </span>
    </p>
   </div>
  </div>
 </body>
</html>
