2269 3898
284 121 342 166 48
1032 114 1098 157 De
1129 111 1434 156 matrimonio.

434 255 483 305 3.
530 249 821 321 Sponsalia
863 247 1226 299 conditionate
1267 248 1433 298 inita:

437 362 484 395 α.
529 340 688 392 Certe
730 337 918 389 valida
959 345 1101 402 sunt,
1146 337 1193 387 si
1234 334 1696 405 impedimentum
1739 342 1835 385 aut
1879 352 1948 384 ex
1991 352 2046 386 se
2075 342 2172 385 aut

287 452 354 483 ex
398 429 841 482 contrahentium
885 425 1169 477 voluntate
1211 432 1403 476 cessat.

435 534 475 562 α.
508 518 628 561 Hinc
674 516 827 560 valide
876 525 921 558 et
963 514 1091 558 licite
1139 513 1372 557 contrahit
1419 513 1650 569 sponsalia
1697 516 1902 556 cessante
1951 516 2058 555 voto
2091 511 2172 554 im-

285 594 463 650 plenda,
512 593 587 647 qui
635 598 923 646 temporaneo
972 595 1079 632 voto
1131 588 1365 631 castitatis
1413 587 1660 630 obstrictus
1709 593 1791 630 est.
1830 612 1881 616 —
1916 586 2081 630 Valide
2124 590 2170 629 et

284 669 408 711 licite
438 681 543 723 pars
577 666 801 710 catholica
834 679 933 708 cum
969 667 1101 719 parte
1133 662 1388 706 acatholica
1411 662 1641 705 contrahit
1675 661 1904 717 sponsalia
1937 663 2041 716 post
2074 674 2172 704 con-

284 743 532 786 versionem
581 740 728 796 partis
777 739 1057 783 acatholicae
1105 737 1351 792 implenda.
1416 736 1473 780 Vi
1525 737 1684 780 horum
1734 736 2015 792 sponsalium
2065 749 2174 791 pars>

283 817 535 861 acatholica
566 820 750 859 tenetur
795 814 853 858 ad
897 812 1249 867 conversionem,
1294 825 1429 866 quam
1464 825 1564 854 cum
1610 811 1903 854 matrimonio
1945 810 2175 866 implicite·

282 891 509 948 promisit.
1818 882 1820 884 ’

434 968 471 1016 13.
508 965 553 1009 Si
576 965 770 1008 maritus
793 963 979 1007 vivente
1001 974 1140 1005 uxore
1164 974 1245 1004 sua
1269 960 1373 1015 (etsi
1395 961 1595 1015 infirma,
1620 960 1760 1003 immo
1784 959 1922 1003 morti
1946 959 2175 1014 proxima)

283 1041 415 1085 alteri
467 1039 810 1083 matrimonium
866 1036 1102 1093 promittit
1151 1041 1333 1079 mort-ua
1380 1049 1521 1078 uxore
1568 1035 1834 1089 ineundum,
1885 1048 1975 1077 non
2023 1034 2168 1077 50111111

284 1116 491 1171 graviter
523 1120 693 1170 peccat,
738 1113 844 1167 quia
886 1111 1108 1155 eiusmodi
1154 1110 1392 1165 promissio
1438 1109 1535 1153 iure
1577 1109 1880 1153 ecclesiastico
1922 1108 2004 1152 sub
2037 1108 2170 1164 gravi

282 1190 561 1245 prohibetur,
600 1201 656 1231 ne
691 1188 823 1231 detur
856 1200 966 1230 ansa
1001 1185 1255 1240 captandae
1288 1183 1508 1240 mortis¹),
1550 1185 1627 1227 sed
1660 1197 1714 1227 ex
1748 1181 1997 1238 Sanelzeff)
2028 1183 2168 1227 etiam

281 1264 483 1308 invalide
515 1262 765 1319 promittit,
806 1262 913 1316 quia
945 1267 1131 1316 propter
1163 1259 1546 1315 impedimentum
1582 1258 1800 1302 dirimens
1831 1258 2052 1301 inhabilis
2085 1263 2172 1312 est,

282 1344 325 1383 et
369 1353 423 1383 ex
467 1337 731 1393 Lacroz'ffl),
782 1336 889 1392 quia
932 1336 1003 1379 1115
1045 1335 1267 1379 eiusmodi
1315 1334 1659 1390 promissionem
1704 1333 1875 1377 irritat.
1912 1359 1965 1363 —
2000 1332 2167 1376 Verum

282 1416 390 1458 haec
424 1413 654 1470 sponsalia
687 1412 869 1455 omnino
902 1410 1058 1454 valida
1090 1410 1322 1464 videntur,
1367 1413 1465 1452 tum
1501 1408 1607 1464 quia
1639 1407 1910 1451 inhabilitas
1945 1407 1999 1451 ob
2032 1407 2169 1462 impe-

284 1490 553 1544 dimentum,
597 1488 717 1543 quod
750 1487 846 1529 sine
889 1485 1230 1540 dispensatione
1274 1490 1435 1538 cessat,
1478 1497 1569 1527 non
1603 1483 1757 1527 obstat
1788 1482 1957 1526 validis
1990 1495 2167 1538 sponsa-

280 1564 414 1620 libus,
449 1569 548 1607 tum
583 1563 690 1618 quia
723 1563 794 1605 ius
827 1562 937 1604 haec
971 1560 1201 1616 sponsalia
1233 1559 1414 1614 illicita,
1448 1573 1537 1602 non
1571 1558 1778 1602 invalida
1812 1558 2027 1601 declarat.

435 1655 479 1707 b.
527 1654 585 1706 Si
627 1652 1086 1722 impedimentum
1130 1649 1305 1702 solum
1334 1668 1432 1720 per
1461 1649 1931 1719 dispensationem
1974 1657 2165 1713 cessat,

286 1754 338 1797 et
391 1743 670 1815 sponsalia
722 1743 864 1794 fiunt
915 1740 1016 1792 sub
1074 1739 1406 1791 condicione
1464 1757 1727 1809 expressa
1783 1737 1872 1790 vel
1915 1738 2082 1790 tacita
2121 1738 2171 1788 si

276 1854 428 1905 papa
482 1833 805 1903 (episcopus)
861 1830 1279 1900 dispensaverit,
1341 1830 1461 1898 ipsa
1515 1830 1721 1898 pariter
1773 1825 1961 1879 valida
2012 1835 2163 1878 sunt:

281 1925 484 1975 etenim
541 1931 669 1975 sunt
723 1928 1038 1973 contractus
1094 1921 1263 1971 initus
1306 1918 1407 1970 sub
1451 1918 1780 1969 condicione
1820 1915 2071 1987 possibili
2115 1925 2171 1969 et

280 2014 537 2080 honesta3
580 2015 638 2064 in
667 2014 785 2064 iure
814 2019 1000 2064 autem
1030 2029 1140 2062 non
1172 2011 1474 2076 irritantur,
1519 2008 1616 2060 sed
1659 2009 1842 2078 potius
1881 2014 1942 2059 ut
1981 2006 2170 2059 valida

280 2112 671 2172 agnoscuntur,
716 2103 845 2173 quia
887 2102 1051 2153 etiam
1094 2100 1393 2168 resignatio
1436 2097 1696 2151 beneficii
1738 2116 1862 2149 cum
1899 2098 2167 2168 pensione

279 2193 379 2245 sub
424 2192 749 2245 condicione
789 2192 952 2258 facta,
997 2192 1043 2243 si
1073 2210 1230 2261 papa
1270 2190 1608 2256 consenserit,
1639 2187 1828 2240 valida
1856 2187 2166 2257 habetur4).

430 2298 470 2325 α.
505 2283 621 2326 Sunt
654 2281 836 2337 quidem
870 2280 1020 2337 (Feje,
1053 2281 1125 2323 De
1158 2278 1379 2336 Becher),
1423 2278 1500 2333 qui
1535 2277 1756 2322 eiusmodi
1801 2277 2032 2333 sponsalia
2065 2277 2166 2320 sim·

279 2359 461 2414 pliciter
490 2357 697 2401 invalida
721 2357 890 2411 dicant,
925 2365 1023 2399 tum
1058 2355 1164 2410 quia
1196 2355 1423 2398 inhabiles
1455 2354 1514 2397 ad
1547 2353 1892 2397 matrimonium
1915 2352 2165 2396 ineundum

283 2434 421 2477 etiam
455 2432 680 2477 inhabiles
724 2438 964 2476 censentur
997 2432 1055 2474 ad
1090 2430 1321 2486 sponsalia
1355 2430 1449 2473 sive
1483 2429 1690 2472 absolute
1723 2428 1819 2472 sive
1853 2427 2169 2484 condicionate

281 2508 601 2562 contrahenda,
645 2512 742 2550 tum
787 2507 896 2562 quia
938 2506 1093 2550 variae
1127 2505 1375 2550 decisiones
1421 2502 1830 2560 congregationum
1875 2488 2165 2546 romanarum

279 2597 329 2626 ea
361 2582 568 2625 invalida
612 2581 912 2637 declarantf').>
959 2581 1126 2625 Verum
1174 2580 1371 2636 primum
1420 2581 1743 2635 argumentum
1789 2578 2024 2621 infirmum
2071 2590 2167 2621 esse

279 2671 332 2701 ex
366 2671 413 2700 eo
447 2662 592 2712 patet,
628 2657 745 2711 quod
776 2656 1006 2712 sponsalia
1038 2655 1358 2699 condicionata
1381 2654 1500 2697 inita
1534 2667 1633 2696 cum
1667 2653 2012 2708 impedimento,
2046 2652 2165 2707 quod

280 2733 375 2775 sine
409 2732 749 2788 dispensatione
781 2735 942 2786 cessat,
975 2730 1131 2774 valida
1167 2730 1394 2774 dicuntur.
1459 2729 1706 2784 Pleraeque
1738 2734 1892 2771 autem
1918 2726 2166 2771 decisiones

279 2820 491 2850 romanae
537 2807 595 2850 ad
638 2807 870 2862 sponsalia
912 2807 1188 2860 referuntur,
1234 2818 1347 2860 quae
1379 2819 1470 2848 non
1514 2802 1814 2848 subsistentia
1860 2803 2166 2857 declarantur,

281 2882 387 2936 quia
420 2885 527 2925 ante
558 2881 797 2937 impletam
832 2881 1140 2925 condicionem
1175 2894 1201 2924 a
1234 2880 1411 2936 sponsis
1445 2880 1596 2924 soluta
1629 2875 1791 2934 51111156).
1855 2876 2166 2920 Nihilominus

437 3046 464 3099 ¹)
496 3045 540 3089 C.
577 3045 622 3088 Si
656 3045 755 3100 quis
789 3047 866 3088 fin.
903 3046 958 3089 18
991 3047 1064 3088 De
1097 3058 1163 3099 eo,
1197 3045 1275 3100 qui
1307 3044 1441 3088 duxit
1471 3043 1564 3089 (IV.
1601 3044 1661 3100 7).

434 3117 464 3174 ἦ)
498 3120 566 3163 Cf.
599 3120 628 3162 1.
665 3121 702 3162 7.
739 3121 852 3176 disp.
890 3121 958 3164 79.
992 3136 1035 3164 n.
1069 3121 1141 3164 40.

433 3192 464 3248 3>
495 3194 561 3239 Cf.
596 3194 626 3237 l.
661 3195 701 3237 6.
735 3208 801 3251 pr.
835 3196 874 3237 3.
910 3210 953 3240 11.
988 3195 1058 3238 55.

432 3268 465 3323 ⁴)
498 3268 564 3312 Cf.
600 3267 1026 3325 Sclzmaleyrzzeher.
1075 3270 1204 3313 Inter
1235 3268 1506 3312 recentiores
1539 3269 1655 3312 hanc
1690 3267 1968 3311 sententiam
2003 3269 2164 3310 tuetur

279 3343 764 3386 Ballerini-Palmieri
792 3344 869 3386 VI.
903 3358 944 3387 11.
981 3345 1051 3388 57.

429 3416 467 3472 5)
500 3418 567 3461 Cf.
602 3418 674 3460 De
706 3418 889 3461 Becher
919 3432 960 3473 p.
999 3419 1066 3460 14.

429 3492 465 3546 ὅ)
499 3492 565 3536 Cf.
601 3492 1086 3536 BuHerz'ni-Palmierz·
1114 3492 1193 3535 VI.
1225 3506 1268 3536 n.
1303 3493 1359 3535 57
1394 3506 1426 3535 s.
