2269 3898
225 101 310 146 186
956 99 1040 142 ΠΙ.
1075 99 1143 142 De
1174 97 1368 154 legibus,

377 240 424 291 1.
481 235 538 288 Si
580 253 747 287 causa
793 235 1005 286 motiva
1059 241 1229 285 cessat
1269 231 1507 285 totaliter
1556 242 1679 285 ante
1730 235 2110 286 concessionem

225 327 661 397 dispensationiS,
704 341 816 375 non
858 322 1008 375 valet
1049 322 1409 391 dispensatio,

374 432 423 483 2.
468 430 526 483 Si
556 448 724 481 causa
754 429 963 480 motiva
988 436 1166 480 cessat
1188 427 1430 480 totaliter
1448 436 1574 497 post
1598 429 1980 480 concessionem
2017 427 2110 480 sed

224 530 344 573 ante
385 538 535 571 usum
574 517 763 571 saltem
803 517 1112 589 completum
1156 518 1590 588 dispensationis,
1649 517 2107 586 distinguendum

225 619 318 665 est.
399 609 458 663 Si
501 610 750 678 superior
804 608 1126 678 dispensare
1180 606 1425 659 intendit
1467 606 1720 673 absolute,
1778 626 1889 659 non
1931 613 2109 659 cessat

225 700 595 770 dispensatio;
656 698 854 769 quodsi
898 699 1152 768 superior
1193 696 1519 767 dispensare
1560 697 1800 749 intendit
1841 696 1944 749 sub
1987 715 2109 749 con·

226 790 473 842 dicione:
516 790 564 842 si
603 807 766 840 causa
800 787 1083 859 perdurat,
1129 795 1307 839 cessat
1349 787 1705 858 dispensatio.
1779 787 1872 840 Ad
1911 787 2110 839 discer-

226 879 489 946 nendum,
542 886 726 930 utrum
769 879 1020 948 superior
1060 876 1310 929 absolute
1363 896 1436 929 an
1491 877 1592 929 sub
1636 877 1964 930 condicione
2006 877 2111 929 dis-

225 969 561 1039 pensaverit,
603 976 854 1020 auctores
895 969 1041 1020 hanc
1081 966 1331 1036 regulam
1372 966 1676 1035 tradunt¹):

378 1094 426 1127 a.
470 1072 527 1125 Si
573 1072 909 1142 dispensatio
952 1070 1123 1123 habet
1163 1070 1871 1143 effegtzffljuccessivam-ut
1911 1073 1968 1123 in
1992 1071 2113 1141 lege

227 1162 614 1225 abstinentiae,
656 1163 727 1228 Jin
768 1161 888 1231 lege
928 1162 1202 1214 recitandi
1258 1161 1506 1213 officium
1550 1161 1823 1229 divinum,
1867 1171 2117 1214 cessante

227 1272 394 1305 causa
436 1261 613 1305 cessat
655 1252 1014 1322 dispensati0‚
1060 1270 1187 1303 cum
1228 1253 1481 1321 superior
1517 1253 1755 1322 supponi
1791 1270 1902 1304 non
1937 1253 2111 1322 possit

228 1345 346 1396 sine
389 1362 556 1395 causa
598 1343 922 1412 dispensare
964 1341 1122 1395 velle.

380 1447 651 1504 Requiritur
683 1451 853 1503 autem,
885 1451 939 1491 ut
973 1460 1110 1490 causa
1142 1448 1265 1490 certe
1298 1446 1561 1497 cessaverit;
1613 1445 1691 1501 qui
1734 1459 1841 1502 ergo
1890 1446 1944 1490 ob
1991 1447 2118 1491 infir-

228 1522 438 1566 mitatem
476 1523 533 1566 ab
566 1522 850 1566 abstinentia
881 1523 954 1566 vel
988 1536 1015 1566 a
1049 1521 1205 1565 divino
1239 1521 1392 1565 officio
1427 1521 1718 1577 dispensatus
1762 1526 1846 1577 est,
1889 1521 2117 1577 dispensa-

228 1598 353 1641 tione
385 1597 456 1641 uti
490 1601 657 1653 potest,
693 1598 832 1641 donec
863 1599 1065 1653 perfecte
1098 1597 1347 1641 convaluit.

381 1687 424 1741 b.
495 1686 552 1739 Si
609 1687 945 1758 dispensatio
1002 1687 1170 1740 habet
1226 1687 1462 1764 effectum
1515 1688 1909 1753 tQQnQ-,simnlq
1939 1696 2000 1739 ut
2058 1689 2116 1739 in

1289 1755 1381 1763 Μ
1393 1751 1468 1761 frma·
1475 1748 1550 1756 *7⁴²¹*

229 1776 756 1848 irregularitatibUS,
825 1779 883 1829 in
947 1777 1362 1847 impedimentis
1429 1778 1799 1845 matrimonii,
1870 1785 2118 1830 cessante

229 1886 397 1920 causa
437 1886 549 1920 non
592 1876 767 1920 cessat
812 1867 1171 1938 dispensatiO,
1214 1870 1346 1938 quia
1387 1867 1478 1920 lex
1519 1886 1617 1938 per
1644 1867 2117 1938 dispensationem

230 1957 398 2010 semel
438 1957 625 2010 ablata
666 1959 1003 2010 reviviscere
1046 1960 1254 2028 nequit,
1299 1959 1405 2010 nisi
1447 1977 1546 2029 per
1578 1958 1922 2010 voluntatem
1962 1957 2118 2027 legis-

229 2048 447 2114 latoris3
516 2047 681 2100 huius
747 2058 932 2100 autem
999 2048 1301 2101 voluntatis
1366 2049 1579 2101 nullum
1645 2049 1917 2101 indicium
1985 2050 2116 2101 assi-

229 2140 388 2207 gnari
437 2146 630 2208 potest.

385 2257 425 2285 α.
461 2242 592 2297 Sunt,
627 2242 703 2297 qui
738 2243 858 2286 hunc
891 2257 1044 2287 casum
1080 2244 1337 2300 excipiant:
1384 2245 1421 2288 si
1468 2244 1568 2299 quis
1613 2243 2001 2300 dispensationem
2051 2242 2121 2287 ob«

231 2316 379 2360 tinuit
411 2332 438 2361 a
469 2323 576 2361 voto
611 2317 859 2373 cast-itatiS,
893 2323 947 2361 ut
980 2319 1127 2374 possit
1160 2319 1278 2363 inire
1311 2319 1658 2363 matrimonium
1693 2318 1755 2361 ad
1774 2316 2119 2374 leqitimandam

224 2393 425 2449 prolem,
459 2398 507 2437 et
539 2394 688 2449 proles
731 2398 839 2437 ante
884 2394 1233 2438 matrimonium
1279 2395 1497 2438 moritur:
1544 2393 1713 2438 etenim
1756 2393 1795 2436 si
1836 2391 2123 2448 legitimatio

231 2468 373 2524 prolis
406 2467 543 2512 unica
576 2483 712 2512 causa
761 2468 1121 2524 dispensationis
1171 2475 1254 2523 est,
1305 2468 1654 2513 matrimonium
1697 2467 1826 2511 licite
1873 2466 1983 2510 iniri
2029 2480 2121 2510 non

233 2548 402 2599 potest,
434 2543 525 2587 nisi
561 2545 875 2600 dependenter
908 2544 964 2588 ab
997 2543 1079 2588 illa
1113 2558 1248 2588 causa
1282 2548 1486 2600 tempore
1517 2542 1804 2587 matrimonii
1838 2540 2122 2597 existente2).

233 2619 402 2663 Verum
438 2618 518 2663 alii
552 2625 737 2664 censent
772 2620 1159 2675 dispensationem
1195 2620 1335 2663 etiam
1369 2620 1417 2663 in
1450 2620 1533 2663 hoc
1556 2632 1662 2663 casu
1683 2619 1857 2664 valere:
1894 2617 1981 2662 etsi
2003 2616 2123 2662 enim

237 2695 383 2749 proles
418 2700 521 2750 post
557 2695 944 2750 dispensationem
977 2697 1151 2739 factam
1186 2694 1423 2749 moriatur,
1457 2694 1840 2750 impedimentum
1874 2697 2030 2736 tamen
2051 2693 2124 2736 vel

237 2767 456 2823 obligatio
491 2769 588 2812 voti
623 2770 760 2813 semel
793 2769 950 2813 ablata
981 2784 1073 2813 non
1105 2769 1400 2819 reviviscit3).

388 2859 426 2907 β.
466 2857 512 2900 Si
546 2872 683 2902 causa
716 2863 762 2902 et
794 2872 904 2903 usus
939 2859 1299 2914 dispensationis
1333 2860 1471 2903 simul
1505 2863 1699 2915 cessant,
1733 2872 1769 2902 e.
1803 2871 1847 2914 g.
1883 2858 1921 2901 si
1965 2856 2066 2913 quis
2098 2870 2127 2900 a

235 2936 342 2976 voto
377 2932 611 2976 cast-itatis
647 2933 940 2989 dispensatus
972 2934 1082 2990 fuit,
1115 2940 1168 2978 ut
1202 2934 1552 2978 matrimonium
1585 2933 1702 2977 inire
1735 2932 1882 2989 possit
1924 2933 1983 2976 ad
2013 2930 2125 2986 legi-

245 3007 497 3051 timandam
531 3008 723 3063 prolem,
758 3013 804 3052 et
836 3010 974 3065 paulo
1007 3014 1109 3065 post
1143 3009 1314 3053 initum
1358 3009 1706 3053 matrimonium
1753 3007 1932 3052 decedit
1978 3007 2127 3050 altera

235 3096 356 3139 pars,
393 3082 520 3126 aliud
543 3082 889 3128 matrimonium
922 3084 1040 3128 inire
1062 3088 1228 3141 potest,
1263 3084 1349 3128 nisi
1389 3083 1671 3140 dispensatio
1704 3097 1784 3139 pro
1817 3096 1906 3126 uno
1939 3085 2124 3125 tantum

238 3157 534 3202 matrimonio
570 3158 680 3201 data
711 3158 875 3202 fuerit:
926 3159 964 3203 si
998 3160 1118 3204 enim
1155 3160 1439 3216 dispensatio
1471 3158 1713 3202 illimitate
1744 3159 1871 3202 facta
1914 3161 1997 3212 est,
2045 3169 2127 3211 per

391 3338 423 3391 1>
455 3338 520 3380 Cf.
557 3337 755 3390 Saurea,
789 3339 856 3382 De
888 3339 976 3394 leg.
1011 3341 1041 3383 l.
1076 3341 1116 3383 6.
1152 3354 1186 3389 c,
1222 3340 1292 3386 ΞΟ.
1326 3354 1370 3383 n.
1406 3341 1476 3386 18.

395 3412 427 3465 2>
461 3412 723 3458 Lelemkzzlel
753 3413 808 3457 Π.
842 3429 885 3458 n.
923 3414 1022 3458 173.

395 3488 426 3545 32»
461 3490 702 3546 Lafflnann
736 3489 765 3531 l.
801 3490 841 3533 1.
875 3494 932 3534 tr.
967 3491 1007 3533 4.
1043 3504 1077 3534 c.
1115 3491 1184 3533 22.
1218 3505 1261 3534 n.
1298 3491 1368 3533 15.
