2269 3898
285 105 372 149 190
1014 103 1099 146 III.
1134 104 1200 147 De
1232 102 1426 158 legibus.

432 239 559 295 169.
608 239 693 292 De
737 237 1122 292 concessione
1165 238 1501 306 privilegii.
1549 239 1597 292 1.
1641 237 2006 307 Privilegium
2048 256 2174 290 con-

293 330 489 382 cedere
530 337 710 399 potest
751 328 896 380 solus
936 327 1220 397 legislator
1261 336 1356 380 aut
1391 329 1509 379 eius
1540 346 1824 380 successor
1851 335 1947 380 aut
1973 329 2172 380 utrius-

286 437 390 489 que
420 420 684 487 superior‚
713 420 830 470 sive
860 425 940 469 est
968 417 1327 487 privilegium
1358 425 1549 470 contra
1579 419 1698 469 sive
1725 424 1946 487 praeter
1970 416 2168 486 legem.

286 509 509 560 Etenim
562 509 606 560 si
663 515 743 560 est
800 515 991 560 contra
1041 507 1238 577 legem,
1291 508 1438 560 solus
1488 507 1770 577 legislator
1811 507 2099 560 subditum
2140 525 2174 559 a

284 597 404 667 lege
447 599 691 650 eximere
733 605 928 667 potest,
987 606 1040 650 et
1093 600 1138 650 si
1190 606 1272 650 est
1329 605 1548 668 praeter
1587 597 1783 668 legem,
1827 597 1974 649 solus
2014 596 2174 666 legis-

283 687 426 740 lator
478 690 865 741 communitati
923 690 1212 757 imponere
1266 696 1447 758 potest
1503 687 1900 758 obligationem
1953 686 2174 756 privile-

285 780 497 847 giatum
540 780 595 831 in
639 797 743 830 usu
783 778 1065 848 privilegii
1107 796 1218 829 non
1262 777 1624 847 impediendi.

437 869 488 920 2.
524 868 895 938 Privilegium
925 867 1155 920 concedi
1185 874 1365 937 potest
1393 866 1485 920 vel
1511 867 1708 919 directe
1737 885 1835 936 per
1861 866 2175 935 legitimum

288 960 647 1028 superiorem,
691 958 783 1011 vel
811 959 1068 1010 indirecte
1109 976 1209 1027 per
1251 958 1818 1008 communicationem
1860 956 2175 1027 privilegio-

287 1067 427 1116 rum,
472 1049 694 1118 quando
739 1048 951 1100 scilicet
990 1047 1352 1117 privilegium
1395 1048 1491 1098 uni
1536 1065 1859 1099 concessum
1895 1049 2061 1099 etiam
2103 1045 2177 1098 ad

288 1139 522 1190 alterum
565 1139 901 1204 extenditur,
946 1140 1023 1189 sic
1051 1139 1238 1189 existit
1275 1138 1709 1189 communicatio
1752 1136 2175 1207 privilegiorum

288 1230 430 1280 inter
472 1229 743 1299 quosdam
786 1228 1008 1280 ordines
1049 1227 1352 1297 religiosos,

213 907 245 953 κ’

438 1319 490 1373 3.
531 1318 897 1388 Privilegium
934 1328 1121 1370 contra
1150 1316 1310 1388 Zegyem
1347 1317 1580 1370 concedi
1622 1324 1804 1387 potest
1845 1316 2022 1369 solum
2064 1317 2176 1368 sub-

290 1410 420 1476 dito,
465 1410 596 1478 quia
623 1409 904 1460 concessio
934 1407 1072 1460 haec
1103 1416 1184 1459 est
1210 1416 1365 1459 actus
1401 1407 1818 1474 iurisdictionis,
1863 1408 1957 1476 qui
2000 1406 2177 1458 solum

290 1500 348 1550 in
376 1498 627 1551 subditos
658 1501 905 1550 exerceri
931 1505 1137 1568 potest3
1177 1497 1534 1568 privilegium
1561 1506 1748 1549 autem
1769 1505 1990 1568 praeter
2019 1495 2178 1567 leyem

292 1590 457 1640 etiam
501 1588 622 1640 aliis
662 1608 769 1641 non
811 1588 1039 1641 subditis
1081 1588 1315 1640 concedi
1356 1595 1551 1658 potest7
1598 1587 1899 1639 dummodo
1943 1589 2178 1639 materia

292 1680 362 1730 sit
416 1679 664 1731 subiecta
718 1678 1021 1747 legislatori
1076 1678 1434 1748 privilegium
1491 1677 1815 1742 conferenti,
1866 1677 1997 1747 quia
2039 1676 2179 1728 haec

292 1771 573 1821 concessio
602 1769 772 1821 habet
799 1771 1073 1821 rationem
1118 1769 1451 1835 donationiS‚
1496 1769 1654 1820 cuius
1696 1769 1863 1819 etiam
1902 1785 2013 1818 non
2054 1765 2178 1818 sub-

292 1858 440 1910 ditus
482 1878 662 1929 capax
704 1869 798 1914 est.

441 1951 491 2003 4.
549 1951 626 2004 Ut
682 1949 1042 2020 privilegium
1096 1949 1334 2001 validum
1389 1950 1474 2016 sit7
1529 1966 1641 1999 non
1695 1948 1998 2017 requiritur
2036 1947 2181 1998 iusta

292 2061 457 2093 causa
497 2040 632 2092 illud
677 2039 1039 2107 concedendi7
1086 2041 1217 2110 quia
1258 2056 1407 2090 mere
1449 2057 1481 2089 a
1521 2037 1809 2089 voluntate
1851 2035 2181 2107 legislatoris

295 2132 588 2201 dependet,
632 2150 766 2183 num
808 2130 1050 2201 aliquem
1096 2129 1229 2180 velit
1280 2148 1311 2180 a
1355 2130 1637 2181 communi
1677 2126 1798 2195 lege
1841 2146 1958 2179 esse
1999 2144 2179 2178 exem-

293 2230 438 2289 tum3
485 2222 582 2274 sed
609 2230 668 2274 ut
692 2220 1051 2292 privilegium
1096 2220 1298 2272 licitum
1340 2220 1425 2281 sit,
1467 2219 1769 2288 requiritur
1810 2218 1954 2269 iusta
1996 2234 2177 2269 causa.

292 2311 662 2380 Privilegium
705 2313 854 2364 enim
897 2319 1089 2363 contra
1129 2310 1309 2379 legem
1339 2310 1457 2361 sine
1487 2311 1631 2360 iusta
1659 2327 1825 2359 causa
1855 2324 2181 2359 concessum

293 2401 466 2454 laedit
506 2403 775 2454 iustitiam
816 2400 1052 2470 legalem
1102 2408 1155 2452 et
1208 2398 1656 2461 distributivam3
1714 2405 1768 2449 et
1820 2395 2182 2467 privilegium

295 2500 514 2562 praeter
552 2492 731 2563 legem
775 2494 894 2545 sine
937 2494 1082 2544 iusta
1124 2510 1291 2543 causa
1333 2507 1657 2541 concessum
1716 2496 1796 2539 est
1851 2495 2007 2540 actus
2062 2505 2180 2557 pro-

297 2582 614 2652 digalitatis,
661 2584 755 2653 qui
796 2582 1023 2634 illicitus
1066 2589 1161 2634 est.

445 2765 575 2819 170.
624 2764 707 2817 De
749 2778 863 2817 usu
904 2751 1238 2830 privilegii.
1294 2761 1344 2813 1.
1387 2759 1674 2828 Privileyio
1717 2759 1989 2824 communi,
2034 2755 2182 2827 quod

303 2855 514 2908 scilicet
567 2852 949 2924 principaliter
1003 2854 1061 2903 in
1117 2850 1327 2902 bonum
1381 2867 1675 2902 commune
1718 2866 2043 2901 concessum
2085 2854 2180 2913 est,

300 2946 684 3015 unusquisque
711 2945 791 2994 uti
817 2949 1037 2994 tenetur
1071 2960 1173 2993 nec
1209 2942 1257 2992 ei
1299 2941 1619 2992 renuntiare
1660 2946 1854 3009 potest,
1900 2940 2031 3009 quia
2072 2955 2183 2989 non

298 3035 428 3087 licet
468 3052 631 3103 agere
673 3033 978 3103 quidquam
1021 3038 1212 3083 contra
1253 3029 1463 3082 bonum
1492 3047 1817 3088 commune;
1860 3027 2183 3080 huiusmodi

300 3133 427 3177 sunt
478 3122 773 3193 privilegia
816 3123 1136 3175 eommunia
1178 3121 1526 3188 clericorum,
1582 3121 1986 3190 episcoporum7
2028 3135 2184 3186 regu—

297 3215 497 3266 larium
539 3222 639 3265 etc.

451 3305 498 3357 2.
539 3302 826 3373 Privileyio
847 3304 1081 3373 private,
1127 3301 1274 3371 quod
1309 3319 1573 3371 personae
1593 3301 1847 3371 privatae
1889 3300 1945 3350 in
1972 3298 2185 3350 bonum

302 3395 584 3463 priva-tum
641 3411 963 3445 concessum
1020 3400 1116 3458 est,
1176 3410 1275 3461 per
1327 3410 1383 3442 se
1437 3408 1599 3442 nemo
1643 3391 1723 3442 uti
1764 3395 1998 3449 tenetur,
2043 3387 2187 3439 sicut

302 3502 463 3536 nemo
525 3491 743 3536 tenetur
802 3483 883 3534 uti
943 3484 1061 3534 iure
1119 3499 1245 3550 suc,
1307 3482 1437 3550 quia
1489 3479 1851 3550 privilegium
1912 3477 2076 3528 datur
2127 3484 2187 3527 ut
