2269 3898
256 159 342 201 112
991 154 1057 195 De
1089 151 1394 195 matrimonio.

259 292 404 363 quod
447 293 586 343 inter
627 306 902 358 personas,
948 305 1089 356 quae
1131 304 1199 337 ex
1241 285 1540 354 adoptione
1582 288 1970 353 cognationem
2008 305 2136 338 con-

259 390 557 445 traxerunt,
604 377 849 428 validum
892 376 1310 426 matrimonium
1353 376 1481 425 iniri
1524 393 1635 426 non
1678 377 1864 444 possit.

402 498 443 526 a.
496 482 708 538 Coffllafio
756 480 918 536 legsalt‘s
966 484 1035 522 est
1079 478 1400 534 propinquitas
1445 492 1739 533 personarum
1790 492 1844 522 ex
1889 479 2137 535 adoptione

256 558 533 614 proveniens.
598 556 780 599 Dicitur
820 555 999 609 lessalis,
1033 554 1139 608 quia
1172 567 1198 596 a
1230 554 1331 608 lege
1364 553 1489 596 civili
1524 553 1671 609 primo
1704 553 1896 597 inventa
1928 559 2013 608 est,
2047 555 2136 598 etsi

255 639 409 688 postea
442 631 581 674 etiam
615 644 642 673 a
672 630 769 673 iure
803 628 1105 672 ecclesiastico
1138 633 1320 682 recepta
1353 628 1426 670 sit.

405 722 441 763 b.
487 720 678 776 Adoptio
727 719 946 762 definitur
990 726 1120 762 actus
1162 717 1417 772 legitimus,
1461 731 1548 772 quo
1591 718 1639 761 in
1683 719 1834 762 filium
1867 719 2135 772 assumitur,

255 797 330 852 qui
363 802 530 839 natura
562 794 687 838 filius
719 807 809 836 non
843 797 924 836 est.
970 792 1292 847 Distinguitur
1324 792 1513 847 adoptio
1548 794 1752 848 perfecta
1784 799 1830 837 et
1851 793 2134 849 imperfecta.

255 873 473 928 Perfecta
520 884 597 913 seu
642 868 873 924 arrogatio
917 867 1097 920 dicitur,
1148 866 1186 909 si
1236 866 1336 921 quis
1385 867 1665 911 auctoritate
1708 868 1929 924 principis
1971 869 2041 911 ita
2086 869 2136 911 in

255 947 401 989 filium
443 944 710 995 assumitur)
752 948 806 986 ut
846 942 894 985 111
941 945 1217 997 potestatem
1264 947 1310 985 et
1350 941 1579 985 familiam
1621 943 1889 998 adoptantis
1929 948 2138 987 transeat

256 1022 439 1074 eiusque
472 1020 599 1062 heres
631 1017 911 1062 necessarius
944 1018 1029 1059 fiat-
1062 1029 1202 1070 aeque
1234 1030 1286 1060 ac
1319 1017 1406 1060 filii
1440 1018 1698 1068 naturales;
1743 1019 2011 1075 impetfeeta
2057 1031 2137 1061 seu

255 1095 441 1150 adoptio
467 1094 649 1147 dicitur,
685 1092 722 1135 si
757 1092 857 1147 quis
889 1091 1167 1134 auctoritate
1198 1091 1430 1135 inferioris
1465 1092 1770 1148 magistratus
1804 1092 1874 1136 ita
1903 1093 1953 1136 in
1987 1093 2135 1136 filium

254 1171 517 1224 assumitur,
550 1176 603 1212 ut
635 1181 725 1211 non
759 1171 964 1210 transeat
997 1167 1045 1209 in
1079 1171 1357 1220 potestatem
1393 1174 1438 1210 et
1471 1167 1699 1211 familiam
1734 1167 2017 1222 adoptantiS,
2059 1167 2137 1210 sed

255 1252 438 1289 tantum
473 1244 544 1287 ius
576 1244 624 1286 in
658 1241 960 1285 hereditatem
995 1241 1204 1296 accipiat.

402 1336 450 1387 2.
506 1332 978 1402 Impedimentum
1036 1332 1384 1400 cognationis
1435 1331 1630 1401 legalis
1684 1342 1766 1383 est
1814 1350 1961 1383 mere
2001 1333 2138 1383 iuris

253 1426 607 1479 ecclesiastici.
671 1423 831 1473 Ratio
875 1424 1161 1491 potissima
1203 1422 1482 1473 statuendi
1525 1421 1630 1474 hoc
1671 1422 2135 1492 impedimentum

254 1526 334 1568 est
374 1514 670 1586 peculiaris
713 1512 906 1563 relatio
951 1520 1116 1582 atque
1159 1511 1424 1581 obligatio
1466 1514 1829 1579 reverentiae,
1885 1531 2028 1582 quae
2067 1530 2136 1563 ex

250 1607 550 1675 adoptione
604 1605 746 1654 inter
801 1602 1160 1671 adoptantem
1216 1611 1268 1654 et
1325 1603 1651 1672 adoptatum
1710 1604 1897 1655 oritur.
1987 1602 2137 1653 Huic

253 1695 466 1747 accedit
508 1692 616 1745 alia
656 1694 813 1759 ratio,
858 1692 1096 1744 cavendi
1140 1692 1351 1744 scilicet
1391 1691 1702 1762 periculum
1735 1692 2134 1752 fornicationis,

253 1784 399 1855 quod
441 1783 688 1853 alioquin
732 1783 1048 1834 immineret
1092 1785 1234 1833 inter
1275 1801 1539 1851 personas
1588 1784 1644 1834 in
1687 1781 1882 1834 eadem
1923 1780 2139 1833 familia

253 1875 717 1939 commorantes1).

399 2040 515 2093 111.
580 2038 943 2092 Declaratio.
1039 2041 1083 2090 1.
1139 2037 1611 2106 Impedimentum
1668 2038 2014 2106 cognationis
2066 2035 2136 2087 le-

252 2129 386 2198 galis
429 2130 643 2179 existit:

403 2255 451 2287 a.
507 2233 661 2285 Inter
713 2233 1087 2303 adoptantem,
1144 2233 1470 2303 adoptatum
1522 2240 1575 2283 et
1630 2232 1879 2302 adoptati
1932 2231 2138 2283 liberos

252 2344 316 2376 ac
360 2323 758 2376 descendentes
803 2324 1129 2393 (paternitas
1170 2322 1400 2393 legalis).

401 2429 445 2481 b.
491 2428 643 2480 Inter
684 2428 1008 2498 adoptatum
1051 2438 1104 2480 et
1139 2428 1343 2480 liberos
1370 2427 1647 2495 legitimos
1675 2427 2008 2496 adoptantis,
2042 2428 2135 2496 qui

252 2528 496 2590 tempore
526 2519 839 2588 adoptionis
881 2520 937 2569 in
980 2520 1160 2588 patria
1202 2525 1469 2588 potestate
1513 2518 1797 2568 constituti
1840 2525 1969 2568 sunt
2010 2516 2135 2584 (fra-

255 2611 478 2661 ternitas
518 2608 746 2678 legalis).
939 2638 954 2657 0

403 2736 442 2768 c,
502 2715 654 2766 Inter
707 2714 1067 2783 adoptantem
1121 2722 1174 2765 et
1226 2731 1457 2764 uxorem
1507 2712 1751 2780 adoptati
1795 2722 1848 2764 et
1888 2713 2134 2763 vicissim

254 2808 394 2856 inter
435 2805 755 2873 adoptatum
799 2813 852 2855 et
894 2821 1122 2855 uxorem
1165 2803 1484 2872 adoptantis
1529 2803 1791 2869 (affinitas
1831 2801 2060 2874 legalis).

402 2924 441 2949 α.
486 2909 874 2964 Impedimentum
919 2908 1206 2964 cognationis
1250 2908 1415 2962 legalis
1449 2910 1723 2964 perpetuum
1757 2911 1827 2951 est
1859 2908 1888 2950 i.
1924 2921 1958 2951 e.
1994 2907 2135 2951 etiam

255 2985 405 3027 soluta
438 2984 682 3039 adoptione
717 2984 850 3027 durat
884 2983 933 3026 in
964 2983 1037 3038 iis,
1071 2983 1193 3027 inter
1227 2996 1335 3037 quos
1370 2982 1627 3038 paternitas
1661 2987 1706 3026 ct
1739 2982 1949 3026 affinitas
1971 2982 2137 3038 legalis

254 3058 433 3109 existit3
470 3059 517 3101 in
549 3058 607 3101 iis
630 3051 749 3112 vero,
782 3058 904 3101 inter
937 3072 1047 3113 quos
1079 3058 1352 3101 fraternitas
1385 3058 1550 3113 legalis
1582 3058 1843 3113 intercedit,
1877 3058 2030 3101 soluta
2061 3058 2136 3101 ad-

252 3134 436 3189 optione
468 3133 847 3188 impedimentum
883 3141 1042 3177 cessat.

405 3224 442 3273 β.
477 3223 677 3278 Adoptio
712 3224 907 3266 solvitur
940 3228 1038 3266 tum
1074 3236 1153 3278 per
1185 3223 1595 3278 emancipationem
1630 3236 1848 3279 personae
1886 3224 2138 3278 adoptatae

254 3302 333 3340 aut
369 3297 456 3340 filii
488 3297 646 3353 (filiae)
680 3298 961 3352 adoptantis,
994 3307 1095 3341 tum
1130 3311 1208 3353 per
1241 3307 1433 3341 mortem
1467 3298 1752 3354 adopt-antis.

408 3463 435 3515 ¹)
468 3462 513 3505 C.
547 3461 622 3504 Ita
656 3461 849 3517 diligsere
884 3464 907 3504 1
942 3467 986 3506 et
1021 3463 1066 3506 C.
1131 3463 1229 3506 Per
1262 3463 1544 3519 adoptionem
1578 3464 1604 3505 6
1638 3477 1673 3505 c.
1708 3464 1778 3506 30.
1814 3476 1855 3516 q.
1889 3463 1930 3504 3.
1982 3487 2035 3491 —
2086 3461 2132 3504 C.

254 3536 297 3577 Si
332 3549 420 3589 qua
453 3549 528 3578 1111.
564 3536 636 3578 De
669 3539 840 3591 coquat.
875 3537 957 3591 leq.
993 3537 1085 3591 (IVt
1123 3537 1205 3591 12).
