2269 3898
274 104 359 147 130
1000 97 1084 139 III.
1118 97 1185 140 De
1217 96 1409 151 legibus.

275 236 502 306 quidem
553 233 604 285 S.
651 231 707 284 C.
752 232 833 297 R,
885 231 984 281 etsi
1040 249 1071 281 a
1129 248 1167 280 S.
1212 228 1475 298 pontifice
1529 228 1823 298 specialem
1879 228 2150 298 approba—

275 329 482 377 tionem
525 340 635 374 non
678 327 1028 388 acceperunt,
1087 318 1309 369 decreta
1350 326 1536 369 autem
1577 317 1813 369 aliarum
1855 336 2150 386 congrega·

273 416 504 477 tionum,
570 412 613 461 si
675 427 744 459 ex
804 407 1065 459 mandato
1128 425 1166 460 s.
1226 407 1506 476 pontificis
1571 406 1721 458 edita
1780 415 1832 457 et
1882 425 1980 475 pro
2036 414 2152 458 tota

275 501 507 553 ecclesia
547 496 854 567 approbata
895 497 1116 549 fuerint.

425 590 474 641 2.
532 588 771 638 Decreta
825 594 878 637 et
930 603 1192 655 responsa
1234 585 1602 655 particularia
1656 592 1802 636 certe
1843 585 1958 634 vim
1999 601 2152 652 prae-

275 679 421 747 cepti
461 675 810 746 particularis
851 693 947 744 pro
991 676 1076 741 iis,
1119 674 1190 726 ad
1221 692 1357 744 quos
1388 674 1720 742 diriguntur⁷
1766 682 1819 724 et
1844 691 1941 742 per
1969 691 2025 724 se
2053 689 2151 741 pro

276 770 342 819 iis
371 766 498 819 solis
526 765 760 817 habent:
804 764 875 816 ad
905 763 1176 815 eiusmodi
1204 764 1351 814 enim
1383 763 1605 815 decreta
1636 762 1928 814 condenda
1957 780 1996 814 s,
2025 779 2150 812 con-

274 857 622 925 gregationes
649 853 876 923 speciali
906 851 1168 904 facultate
1197 853 1500 904 instructae
1529 860 1686 918 sunt3
1730 853 1774 903 si
1814 859 2001 903 tamen
2043 868 2155 901 non

278 946 587 1014 dirigantur
628 943 698 994 ad
740 944 1059 994 universam
1101 940 1409 1008 ecclesiam,
1453 943 1705 1010 proxime
1748 948 1801 992 et
1826 959 1924 1009 per
1952 957 2008 991 se
2034 939 2152 990 vim

277 1034 413 1104 legis
455 1032 783 1085 universalis
836 1031 1040 1083 habere
1098 1039 1399 1100 nequeunt,
1454 1032 1584 1100 quia
1626 1029 1908 1098 legislator
1948 1047 2048 1098 per
2089 1046 2154 1078 ea

278 1142 470 1176 omnes
513 1122 757 1190 obligare
799 1139 910 1172 non
951 1120 1205 1172 intendit.

427 1212 549 1266 Ergo
585 1211 764 1254 decreta
815 1208 1113 1264 particularia
1162 1221 1404 1262 eorumque
1452 1208 1522 1250 vis
1571 1207 1847 1262 obligatoria
1893 1207 1952 1250 ad
1984 1206 2159 1249 similes

278 1300 415 1330 casus
447 1286 638 1329 aliorum
671 1285 869 1328 locorum
903 1284 975 1327 vel
1008 1296 1304 1338 personarum
1338 1295 1419 1337 per
1452 1295 1497 1324 se
1537 1295 1627 1325 non
1671 1285 1779 1325 sunt
1826 1280 2157 1332 transferenda,

283 1359 551 1415 praesertim
586 1359 691 1413 quia
726 1359 906 1402 decreta
938 1357 1237 1412 particularia
1268 1356 1521 1411 respiciunt
1544 1356 1844 1411 particulares
1867 1354 2159 1398 circumstan-

282 1435 374 1477 tias
405 1433 778 1488 (consuetudinis,
812 1432 1015 1475 scandali
1049 1432 1246 1486 vitandi,
1280 1431 1393 1474 iuris
1427 1431 1565 1474 tertio
1599 1430 1796 1485 quaesiti
1842 1430 1945 1484 etc.)
1988 1442 2156 1482 eorum,

279 1509 341 1552 ad
375 1521 483 1562 quos
518 1507 804 1562 diriguntur;
840 1507 960 1550 unde
993 1508 1064 1560 fit,
1097 1513 1150 1549 ut
1182 1506 1283 1560 ipsa
1318 1506 1497 1549 decreta
1543 1505 1816 1559 quandoque*
1859 1504 1945 1548 sibi
1987 1508 2161 1547 contra-

281 1584 429 1627 dicere
461 1582 719 1626 videantur.
785 1580 953 1634 Quodsi
987 1585 1143 1624 tamen
1185 1580 1342 1623 eadem
1384 1579 1479 1622 sint
1522 1580 1721 1622 locorum
1771 1584 1815 1622 et
1864 1592 2158 1634 personarum

291 1658 523 1712 adiuncta,
558 1657 737 1700 decreta
770 1660 815 1699 et
850 1655 1097 1698 decisiones
1130 1654 1428 1710 particulares
1471 1653 1748 1708 probabilem
1796 1667 2002 1696 normam
2047 1652 2163 1696 iudi-

281 1732 417 1776 candi
449 1736 640 1786 tutoque
663 1730 830 1785 agendi
856 1729 995 1773 etiam
1029 1743 1108 1784 pro
1142 1729 1247 1772 aliis
1279 1728 1594 1784 suppeditant,
1629 1742 1730 1771 cum
1754 1728 2042 1784 quaestiones
2064 1742 2161 1783 pro-

283 1807 459 1862 positae
491 1820 518 1849 a
550 1805 777 1860 theologis
810 1804 1002 1848 scientia
1034 1811 1080 1848 et
1113 1803 1357 1859 prudentia
1392 1803 1573 1847 eximiis
1606 1804 1908 1847 resolvantur.

434 1896 484 1948 3.
529 1895 586 1948 Si
627 1903 813 1946 tamen
855 1912 1118 1963 responsa
1172 1894 1531 1963 particularia
1584 1892 1853 1945 exhibent
1903 1895 2161 1962 interpre-

285 1988 537 2037 tationem
591 1985 717 2054 Zeyis
769 1982 1090 2036 universalis
1148 1985 1257 2035 iam
1315 1984 1603 2035 existentis
1657 2003 1688 2034 a
1734 1981 2163 2052 particularibus

287 2076 556 2127 adiunctis
596 2073 1050 2143 indepeozdentem7
1094 2074 1209 2124 vim
1249 2071 1387 2140 legis
1428 2071 1760 2123 universalis
1800 2070 2005 2123 habere
2044 2089 2163 2141 pos-

288 2174 415 2216 sunt
456 2164 759 2215 secundum
803 2162 940 2214 haec
983 2163 1274 2231 principia.

438 2268 479 2295 α.
513 2252 946 2307 Interpretationem
981 2250 1237 2295 absolutam
1271 2256 1317 2294 et
1350 2250 1406 2294 ab
1439 2249 1671 2294 adiunctis
1715 2248 2069 2305 particularibus
2101 2248 2165 2292 in-

290 2328 620 2384 dependentem
654 2326 855 2371 exhiberi
888 2330 987 2369 tum
1023 2339 1077 2369 ex
1109 2324 1258 2368 verbis
1294 2325 1463 2368 decreti
1496 2328 1596 2367 tum
1638 2337 1687 2367 eo
1721 2323 2013 2379 potissimum
2046 2323 2166 2366 colli-

291 2402 434 2458 gitur,
469 2402 588 2457 quod
622 2400 917 2456 congregatio
951 2399 1130 2455 saepius
1172 2399 1462 2454 interrogata
1509 2398 1629 2441 idem
1679 2411 1855 2453 semper
1900 2410 2165 2452 responsum

287 2476 501 2520 remittit.

446 2552 484 2601 β.
517 2549 887 2594 Praenotandum
911 2552 981 2592 est
1015 2547 1257 2592 discrimen
1278 2547 1400 2591 inter
1424 2546 2168 2603 declarationes*comprehensivas

286 2630 335 2669 et
369 2624 652 2668 extensivas:
688 2623 1083 2679 comprehensione
1116 2622 1345 2677 dicuntur,
1380 2622 1417 2666 si
1451 2635 1608 2666 sensus
1643 2622 1900 2666 declaratus
1948 2636 1975 2666 a
2016 2621 2167 2665 verbo-

295 2713 395 2742 rum
433 2698 612 2754 proprio
645 2712 730 2742 usu
764 2702 810 2742 et
841 2702 1025 2753 recepta
1058 2697 1399 2752 significatione
1431 2711 1520 2741 non
1561 2697 1756 2751 recedit;
1800 2698 2061 2740 extensicae
2108 2696 2171 2739 di-

299 2780 477 2828 cuntur,
510 2773 547 2816 si
580 2774 704 2816 ultra
736 2773 799 2828 id,
833 2773 951 2827 quod
984 2771 1122 2815 verba
1154 2772 1333 2827 proprie
1368 2777 1415 2815 et
1448 2773 1694 2815 secundum
1727 2785 1860 2815 usum
1883 2785 2166 2816 communem

289 2851 478 2902 accepta
512 2848 747 2902 denotant,
781 2847 956 2902 aliquid
988 2847 1225 2890 continent
1241 2847 1276 2901 ¹).
1341 2846 1683 2890 Declarationes
1716 2846 1978 2890 extensivae
2009 2859 2168 2888 nocam

292 2923 365 2965 ins
400 2926 639 2971 statuunt:
679 2922 1074 2978 comprehensivae
1107 2925 1260 2965 autem
1296 2921 1544 2977 declarant,
1579 2922 1698 2976 quod
1730 2921 1779 2964 in
1810 2922 1912 2977 lege
1943 2921 2035 2965 iam
2070 2934 2167 2964 con-

293 2996 483 3040 tinctur.

442 3085 482 3122 γ.
517 3070 857 3114 Declarationes
891 3070 1286 3126 comprehensivae
1335 3071 1530 3126 duplicis
1578 3071 1759 3126 generis
1806 3073 1929 3125 sunt,
1977 3069 2051 3114 vel
2098 3083 2168 3114 ex-

295 3145 471 3201 plicant
502 3146 649 3200 legem
683 3144 731 3187 in
765 3158 810 3188 se
843 3145 956 3188 satis
989 3146 1160 3188 claram
1209 3148 1394 3200 propter
1443 3145 1580 3189 dubia
1628 3145 1976 3201 particularium
2023 3134 2168 3200 perso-

294 3233 472 3275 narum,
504 3220 576 3263 vel
609 3219 840 3274 explicant
871 3220 1020 3275 legem
1053 3219 1102 3262 in
1146 3232 1192 3262 se
1235 3220 1468 3262 obscuram
1519 3224 1563 3263 et
1612 3219 1808 3274 dubiam,
1857 3219 1966 3275 quin
2012 3222 2168 3263 tamen

297 3308 324 3336 a
358 3294 539 3349 proprio
573 3307 705 3337 sensu
738 3295 975 3338 verborum
1008 3294 1236 3338 recedant.

458 3459 483 3507 ¹]
516 3458 582 3501 Cf.
617 3458 1043 3514 Sclmzalefflweber,
1075 3458 1153 3501 Ius
1186 3458 1433 3502 ecclesiast.
1469 3458 1575 3501 diss.
1609 3471 1802 3514 prooem.
1835 3471 1877 3501 n.
1912 3457 2011 3500 373.
