2269 3898
274 161 359 202 1‘24
1011 155 1083 198 ΠΙ.
1118 156 1184 199 De
1217 155 1409 211 legibus.

423 293 466 345 b.
508 293 612 344 Res
657 291 859 342 dicitur
911 291 1135 360 inteyra,
1192 291 1236 341 si
1293 289 1576 358 delegatus
1632 290 1880 342 nondum
1941 291 2150 360 incepit

274 391 540 452 potestate
583 400 680 432 sua
723 381 820 445 uti,
865 387 918 430 et
959 379 1162 430 dicitur
1202 398 1308 431 non
1350 398 1457 431 esse
1492 382 1715 449 iozteyra,
1759 381 1803 431 si
1832 381 1942 431 iam
1973 382 2155 449 coepit

275 491 372 523 sua
415 478 682 538 potestate
724 470 821 520 uti.

425 573 593 626 Quodsi
627 577 832 628 potestas
866 572 1106 616 commissa
1138 573 1270 616 unico
1294 578 1401 616 actu
1434 573 1688 627 completur
1719 576 1772 614 ut
1799 571 1846 614 in
1871 571 2157 615 absolutione

274 663 297 691 a
331 647 590 701 reservatiS,
624 661 702 702 per
735 647 929 702 primam
974 647 1308 690 absolutionem
1344 647 1582 701 delegatus
1624 646 1791 701 incipit
1822 646 1893 689 uti
1926 650 2157 701 potestate

274 736 378 775 sua:
429 722 467 765 si
511 726 716 777 potestas
757 722 996 765 commissa
1040 721 1248 776 pluribus
1292 720 1469 764 actibus
1515 720 1768 776 completur
1814 724 1867 763 ut
1899 720 1948 763 in
1982 720 2158 775 dispen-

277 798 451 841 satione
485 796 539 840 ab
573 796 902 851 impedimento
936 795 1234 850 matrimonii,
1284 796 1462 850 quando
1502 795 1808 838 verificandae
1851 799 1959 838 sunt
1991 808 2158 850 preceS,

275 873 420 928 primo
464 876 570 915 actu
620 872 675 914 ad
720 871 847 914 illam
884 870 1269 925 dispensationem
1303 870 1563 925 pertinente
1594 869 1837 926 (citatione
1870 870 2157 925 sponsorum)

274 947 438 1002 incipit
474 947 545 989 uti
579 950 809 1001 potestate
842 959 936 989 sua.

433 1096 558 1148 108·
596 1108 808 1164 Superior
840 1109 1043 1164 gratiam
1078 1108 1250 1163 triplici
1287 1109 1463 1152 diverso
1498 1109 1629 1152 modo
1663 1109 1903 1152 concedere
1924 1113 2097 1164 potest:

426 1213 466 1243 a.
501 1200 595 1241 Aut
629 1198 726 1253 ipse
761 1211 839 1252 per
863 1211 907 1241 se
941 1211 1039 1240 eam
1075 1199 1251 1241 confert
1284 1197 1462 1252 petenti
1495 1198 1569 1241 vel
1601 1198 1861 1253 accipient-i,
1894 1202 1949 1241 ut
1981 1198 2019 1241 si
2046 1212 2161 1242 sum-

277 1287 377 1316 mus
409 1273 619 1327 pontifex
652 1272 787 1315 alicui
823 1272 1028 1315 concedit
1062 1271 1358 1327 privilegium
1393 1272 1569 1326 altaris,
1602 1272 1873 1315 facultatem
1897 1272 2158 1316 absolvendi

277 1363 303 1391 a
336 1347 549 1401 censuris,
601 1346 897 1402 dispensandi
942 1346 990 1389 in
1034 1346 1392 1402 impedimentis,
1440 1346 1488 1390 in
1536 1346 1975 1402 irregularitatibus,
2017 1348 2090 1390 vel
2124 1347 2161 1390 si

278 1422 513 1478 episcopus
548 1421 753 1464 concedit-
785 1420 967 1464 litteras
1003 1420 1283 1464 dimissorias
1316 1422 1373 1464 ad
1407 1421 1602 1475 ordines,
1639 1421 1911 1465 facultatem
1945 1421 2162 1465 audiendi

279 1497 594 1551 confessiones,
629 1495 891 1539 absolvendi
926 1510 953 1538 a
985 1496 1242 1539 reservatis.

428 1586 464 1631 h.
514 1587 609 1628 Aut
645 1585 844 1640 gratiam
890 1586 1065 1628 confert
1108 1598 1187 1640 per
1231 1584 1389 1638 alium,
1437 1584 1508 1628 cui
1552 1598 1650 1628 eam
1685 1585 2015 1628 concedendam
2050 1597 2162 1627 com-

279 1661 444 1715 mittit,
479 1667 522 1703 et
557 1660 738 1714 quidem
772 1660 854 1715 ita,
888 1664 941 1703 ut
974 1660 1014 1703 ei
1037 1659 1348 1703 executionem
1372 1659 1561 1702 mandet
1592 1661 1822 1713 (executor
1848 1658 2162 1714 necessarius),

278 1740 330 1778 ut
364 1735 402 1778 si
436 1748 638 1778 summus
679 1735 887 1790 pontifex
932 1735 1014 1778 hac
1057 1736 1130 1778 vel
1164 1734 1305 1778 simili
1346 1736 1494 1777 forma
1534 1733 1778 1777 rescribat:
1829 1734 2037 1778 absolvas
2071 1747 2162 1777 ora-

279 1815 422 1853 torem
456 1824 481 1852 a
514 1810 772 1864 reservatis,
807 1810 1038 1864 dispenses
1062 1809 1240 1852 Titium
1264 1808 1319 1852 ab
1342 1808 1701 1863 irregularitate,
1735 1808 1791 1852 ab
1814 1807 2160 1863 impedimento,

280 1899 305 1928 a
338 1884 423 1928 tali
456 1890 563 1927 voto
596 1890 679 1927 etc.

430 1988 463 2017 e.
515 1975 611 2016 Aut
652 1973 850 2028 gratiam
897 1974 1073 2016 confert
1121 1986 1199 2027 per
1242 1973 1400 2028 alium,
1449 1972 1520 2016 cui
1554 1986 1651 2016 eam
1687 1971 2017 2015 concedendam
2051 1985 2163 2015 com-

283 2049 447 2103 mittit,
481 2049 558 2091 sed
591 2048 674 2102 ita,
709 2052 761 2090 ut
795 2061 887 2090 rem
923 2051 1069 2090 totam
1105 2047 1201 2090 eius
1234 2046 1425 2090 arbitrio
1459 2047 1722 2090 committat
1757 2048 1987 2098 (executor
2008 2047 2164 2089 volun·

281 2123 457 2178 tarius),
490 2128 543 2166 ut
567 2122 604 2165 si
628 2136 831 2165 summus
855 2121 1065 2176 pontifex
1087 2122 1171 2164 hac
1193 2123 1265 2165 vel
1296 2121 1437 2164 simili
1460 2123 1608 2165 forma
1639 2120 1879 2165 rescribat:
1916 2120 2162 2176 dispenses,

283 2198 490 2241 absolvas
515 2197 707 2252 Titium,
743 2197 780 2239 si
804 2196 1015 2252 expedire
1038 2195 1328 2250 iudicaveris,
1361 2197 1434 2239 vel
1459 2196 1496 2239 si
1520 2196 1756 2251 episcopus
1779 2208 1930 2250 preces
1952 2195 2164 2238 remittat

284 2286 383 2316 cum
417 2271 720 2315 facultatibus
753 2270 1017 2314 necessariis
1051 2277 1096 2313 et
1131 2269 1453 2324 opportunis¹).

721 2464 753 2519 ἕ
787 2467 838 2508 2.
875 2466 960 2508 De
991 2466 1406 2519 lem'slatoribus
1438 2467 1730 2509 humanis.

435 2584 567 2639 109.
626 2584 701 2637 In
743 2584 995 2637 ecclesia
1034 2584 1202 2649 leges
1243 2582 1408 2636 ferre
1449 2584 1739 2650 possunt:
1800 2584 1847 2637 1.
1892 2584 2166 2635 Romanus

279 2674 536 2745 pontifeoe
577 2692 673 2744 pro
717 2675 980 2725 universa
1022 2672 1272 2739 ecclesia,
1319 2674 1411 2742 qui
1454 2680 1778 2742 potestatem
1823 2673 2028 2742 accipit
2068 2673 2164 2723 im-

291 2764 530 2816 mediate
572 2784 603 2815 a
648 2762 895 2815 Christo:
940 2781 1066 2814 nam
1113 2761 1363 2815 Christus
1402 2762 1679 2814 Dominus
1732 2761 1965 2814 contulit
2003 2760 2165 2813 beato

285 2855 445 2906 Petro
501 2862 553 2903 et
604 2852 866 2921 legitimis
919 2854 1034 2904 eius
1089 2851 1500 2904 successoribus
1553 2860 1881 2922 potestatem
1934 2851 2164 2919 regendi

287 2945 606 2995 universam
651 2942 973 2994 ecclesiam:
1035 2942 1154 2993 Tibi
1211 2941 1347 2993 dabo
1405 2941 1576 2994 claves
1629 2944 1779 3012 reym'
1827 2939 2167 3008 coelorum²)‚·

281 3051 443 3103 pasce
486 3050 600 3084 oves
643 3033 846 3101 mccc-53¹).

448 3226 473 3281 ¹)
520 3227 587 3269 Cf.
624 3226 820 3279 Snares,
853 3228 920 3270 De
952 3227 1130 3282 legibus
1163 3228 1192 3270 1.
1227 3227 1267 3270 8.
1302 3240 1336 3269 c.
1361 3225 1430 3268 31.
1480 3225 1682 3281 Pil'lzing]
1715 3228 1748 3267 t.
1782 3223 1813 3267 Ι.
1848 3225 1876 3267 l.
1912 3225 1950 3266 1.
1990 3222 2061 3266 tit.
2095 3222 2166 3264 29.

291 3315 373 3344 sec.
410 3302 448 3343 7.
512 3301 829 3354 D'Anm‘bale,
873 3301 1108 3345 Summula
1148 3301 1408 3356 theologiae
1441 3300 1651 3343 moralis³
1697 3300 1903 3357 (Romae.
1937 3295 2166 3352 Saraceni)

288 3377 322 3421 1.
357 3389 400 3418 n.
436 3376 535 3417 222.

442 3449 474 3504 2)
519 3451 685 3494 Matth.
723 3451 791 3505 16,
827 3451 895 3493 19.

443 3524 475 3576 3)
506 3524 625 3568 Ioan.
659 3525 730 3579 21,
765 3525 832 3567 17.
