2269 3898
306 121 393 163 220
989 119 1067 162 IV.
1101 119 1168 162 De
1201 119 1490 162 conscientia.

453 255 501 306 ἴ).
553 254 618 305 In
670 253 965 304 absolutam
1015 260 1068 303 et
1107 221 1670 327 QQZthipam-„seu
1723 253 2041 306 relativam:
2085 255 2178 307 illa

305 342 554 406 habetur,
610 340 830 410 quando
873 342 1152 410 opinionis
1192 343 1400 393 motiva
1443 343 1500 392 in
1542 360 1597 393 se
1640 343 2060 395 considerantur
2099 345 2176 396 in-

306 429 681 499 dependenter
722 428 791 480 ab
834 431 1094 499 opinione
1155 432 1433 500 opposita3
1478 429 1616 482 haec
1658 431 1910 500 habetur,
1955 432 2176 502 quando

305 519 578 588 opinionis
606 519 814 570 motiva
856 518 1018 570 simul
1062 537 1187 571 cum
1230 522 1481 589 opposita
1524 521 1750 590 eiusque
1791 522 2014 574 motivis
2056 539 2179 574 con-

306 607 634 660 siderantur.
1145 618 1148 622 ·
1253 657 1259 663 ,
1348 657 1350 659 ,
1801 604 2151 650 ρἣ

452 696 536 739 His
560 697 771 740 addenda
804 700 874 740 est
896 697 1205 753 probabilitas
1216 698 1458 751 ἕρζιζίανιά,
1492 711 1605 754 quae
1628 694 1739 742 tunc
1760 699 1967 754 habetur,
2000 700 2180 754 quando

303 772 457 814 nullae
480 776 588 814 sunt
620 771 820 815 rationes
855 771 1105 827 oppositae,
1139 772 1247 826 quin
1281 777 1436 816 tamen
1468 773 1569 828 ipsa
1601 773 1923 818 certitudinem
1957 774 2178 829 attingat.

304 846 450 900 Quare
484 846 635 901 opinio
670 846 798 889 mzice
833 847 900 889 cel
930 847 1139 890 solitarie
1162 848 1420 902 probabilis
1452 861 1505 891 ea
1538 848 1721 903 dicitur,
1762 848 1889 891 cuius
1922 848 2074 903 opinio
2109 862 2180 904 op-

302 921 453 977 posita
485 921 613 964 nulla
644 921 821 964 ratione
854 920 1006 964 fulciri
1041 926 1207 976 potest,
1249 921 1358 976 quin
1390 927 1547 966 tamen
1579 923 1680 978 ipsa
1712 923 1774 966 sit
1807 927 1943 967 certa.
1999 923 2071 966 Sic
2101 923 2178 966 ubi

302 996 373 1039 vir
417 995 596 1050 probus,
647 996 773 1039 cuius
821 1009 902 1040 nec
950 996 1153 1040 fidelitas
1201 1010 1282 1040 nec
1325 997 1580 1041 infidelitas
1623 999 1854 1053 hucusque
1897 997 2180 1053 experientia

302 1070 493 1126 probata
525 1074 609 1125 est,
644 1070 819 1125 aliquid
853 1070 966 1114 serio
1001 1071 1250 1125 promittit,
1285 1071 1382 1115 eius
1415 1072 1654 1126 promissio
1688 1077 1758 1116 est
1791 1085 1931 1127 grave
1954 1072 2178 1115 motivum

301 1145 511 1199 fiduciae,
546 1144 663 1199 quod
698 1144 1022 1188 certitudinem
1056 1159 1146 1188 non
1178 1146 1379 1201 praebet,
1411 1147 1540 1190 nulla
1573 1151 1728 1190 tamen
1750 1147 1928 1191 ratione
1951 1147 2180 1191 contraria

301 1219 577 1261 infirmatur.
643 1219 791 1262 Rarae
825 1226 933 1262 sunt
965 1219 1013 1262 in
1047 1220 1281 1275 theologia
1314 1221 1475 1264 morali
1499 1222 1733 1277 opiniones
1755 1222 1886 1265 unice
1909 1221 2179 1277 probabiles,

303 1293 340 1337 si
373 1306 485 1348 quae
518 1300 673 1336 tamen
707 1294 815 1349 sint,
849 1308 898 1338 eo
931 1295 1030 1350 ipso
1065 1296 1183 1350 quod
1218 1309 1272 1339 ex
1294 1301 1425 1351 parte
1448 1297 1659 1352 opposita
1680 1297 1808 1340 nulla
1830 1297 1949 1341 ratio
1973 1302 2178 1352 apparet,

300 1367 433 1410 valde
466 1373 663 1423 augetur
705 1382 859 1412 earum
905 1369 1219 1425 probabilitas,
1269 1370 1337 1414 ita
1385 1374 1437 1414 ut
1488 1372 1545 1414 ad
1594 1371 1810 1415 moralem
1855 1371 2179 1415 certitudinem

300 1444 394 1486 fere
426 1443 623 1486 accedat.

451 1591 576 1647 201.
649 1593 735 1646 De
800 1594 1188 1662 opinionibus
1271 1596 1671 1664 comparative
1750 1596 2177 1651 consideratis·

302 1682 349 1734 1.
407 1679 464 1732 Si
522 1682 810 1750 opiniones
867 1685 1111 1736 invicem
1168 1681 1826 1754 comparantur'ratione
1880 1686 2180 1737 securitatis

301 1788 410 1821 non
439 1771 727 1839 peccandi,
771 1771 868 1824 ubi
908 1772 1108 1844 aliquis
1146 1793 1236 1826 eas
1278 1776 1542 1844 sequitur,
1586 1774 1864 1826 notandae
1906 1783 2034 1827 sunt
2073 1774 2179 1826 hae

304 1860 682 1912 distinctiones
703 1880 713 1911 :

451 1985 500 2016 α.
544 1964 746 2035 Opinio
792 1976 906 2019 tuta
963 1967 1167 2020 dicitur
1220 1969 1329 2036 illa,
1388 1988 1529 2040 quae
1584 1967 1831 2023 excludit
1870 1968 2178 2038 periculum

300 2053 601 2106 formaliter
640 2057 941 2125 peccandig
989 2058 1034 2112 b.
1080 2060 1242 2111 tutior
1284 2059 1487 2111 dicitur
1527 2058 1637 2125 illa,
1681 2041 1822 2128 quae
1863 2060 2040 2127 magis
2082 2077 2173 2110 ex-

302 2143 475 2195 cludit
514 2155 833 2215 peccatum3
902 2168 942 2200 c,
986 2150 1158 2200 vuinus
1201 2158 1315 2201 tuta
1354 2149 1465 2217 illa,
1516 2168 1657 2219 quae
1698 2149 1882 2200 minus
1932 2147 2182 2200 excludit

300 2243 618 2305 peccatuma
653 2237 717 2288 In
761 2255 1034 2290 concursu
1064 2241 1232 2308 igitur
1258 2241 1601 2309 opinionum,
1646 2256 1880 2309 quarum
1922 2257 2033 2289 una
2073 2246 2180 2289 stat

301 2342 397 2392 pro
439 2323 575 2393 lege,
620 2313 791 2378 altera
832 2346 931 2397 pro
974 2327 1246 2396 libertate,
1289 2330 1459 2380 tutior
1485 2337 1581 2396 est,
1625 2347 1765 2398 quae
1807 2334 1913 2379 stat
1954 2345 2049 2397 pro
2086 2326 2176 2379 ob-

298 2412 588 2485 ligatione,
649 2418 779 2486 quia
831 2417 1142 2487 periculum
1191 2419 1464 2489 peccandi
1521 2418 1846 2487 simpliciter
1910 2416 2174 2479 excludit,

301 2505 482 2556 minus
536 2513 654 2557 tuta
708 2514 803 2574 est,
864 2526 1005 2577 quae
1066 2517 1172 2560 stat
1227 2527 1324 2578 pro
1367 2508 1637 2575 libertate,
1692 2508 1822 2577 quia
1862 2524 1973 2558 non
2015 2524 2177 2558 omne

299 2593 609 2663 periculum
655 2597 928 2665 peccandi
971 2597 1232 2652 excludit.

447 2698 585 2743 Patet
618 2713 724 2755 ergo
758 2700 858 2744 fieri
893 2715 1036 2757 posse,
1083 2706 1137 2745 ut
1182 2702 1412 2746 sententia
1456 2700 1732 2758 probabilior
1765 2700 1901 2744 simul
1934 2699 1996 2743 sit
2028 2699 2180 2743 minus

301 2774 417 2822 tuta,
452 2778 496 2815 et
531 2774 762 2818 sententia
794 2775 941 2818 tutior
974 2776 1036 2819 sit
1059 2776 1210 2819 minus
1233 2776 1495 2831 probabilis,
1529 2775 1635 2830 quia
1657 2775 1757 2818 fieri
1779 2778 1932 2830 potest
1962 2778 2008 2818 et
2029 2774 2180 2829 reipsa

303 2847 569 2901 quandoque
602 2850 672 2903 fit,
706 2854 760 2892 ut
793 2849 960 2904 opinio,
995 2864 1109 2904 quae
1142 2854 1238 2893 stat
1272 2864 1351 2905 pro
1384 2849 1614 2904 libertate,
1647 2849 1935 2906 gravioribus
1956 2847 2179 2892 fulciatur

300 2920 501 2976 motiviS,
537 2936 671 2977 quam
706 2923 874 2979 opinio,
908 2938 1021 2979 quae
1055 2929 1149 2968 stat
1183 2939 1262 2981 pro
1295 2925 1410 2981 lege.
1539 2984 1542 2986 Δ

332 2991 405 3065 ἦ
450 3013 497 3064 2.
565 3011 623 3063 Si
665 3015 954 3082 opiniones
1000 3016 1242 3067 invicem
1287 3024 1681 3085 comparantur
1733 3017 1947 3068 ratione
1985 3014 2178 3085 proba-

304 3099 545 3166 bilitatis,
588 3101 691 3153 hae
735 3103 1119 3157 distinctiones
1161 3105 1468 3157 habentur:

450 3224 497 3257 α.
546 3204 852 3274 Opiniones
910 3208 1373 3278 aequeprobabiles
1428 3208 1689 3261 dicuntur
1728 3208 1870 3276 illae,
1914 3225 2055 3279 quae
2095 3226 2176 3259 ra-

301 3294 542 3345 tionibus
574 3294 881 3347 fulciuntur
912 3315 1086 3366 aeque
1113 3297 1203 3348 vel
1229 3297 1341 3349 fere
1371 3317 1546 3368 aeque
1586 3298 1882 3366 gravibus:
1926 3297 2177 3350 modicus

301 3383 445 3433 enim
487 3401 762 3452 exceSSUS,
818 3403 924 3455 quo
969 3405 1081 3437 una
1122 3389 1298 3455 magis
1341 3405 1507 3458 quam
1550 3386 1721 3439 altera
1778 3387 2021 3455 fulcitur,
2064 3405 2176 3440 non

299 3472 545 3540 impedit,
590 3475 889 3543 quominus
931 3474 1189 3527 dicantur
1229 3495 1404 3547 aeque
1445 3475 1779 3546 probabiles,

2231 597 2269 635 ,fg
