2269 3898
320 143 376 186 64
872 142 923 184 II.
956 143 1022 184 De
1055 141 1232 184 actibus
1265 142 1322 184 ad
1356 143 1493 185 finem
1526 142 1662 197 aptis.

317 279 595 328 actionum
639 275 1007 326 humanarum
1052 274 1416 326 moralitatem
1469 274 1538 325 ab
1592 275 1776 345 aliqua
1834 295 2018 328 norma
2061 295 2185 346 pen·

318 366 460 431 dere,
520 364 654 415 adeo
714 373 772 414 ut
823 382 892 414 ex
943 373 1194 432 respectu
1244 363 1315 414 ad
1357 363 1599 432 aliquam
1643 383 1890 416 normam
1935 365 2192 417 dicantur

316 454 561 506 morales

466 543 696 597 Siquidem
732 541 876 584 omnis
911 541 1029 585 actio
1064 542 1248 584 moralis
1281 546 1488 596 spectata
1521 543 1720 586 essentia
1753 556 1835 586 sua
1866 544 2035 586 dicitur
2066 547 2190 587 recta

316 619 386 661 vel
420 630 508 660 non
545 621 668 659 recta
714 615 925 671 (iniqiia);
970 616 1197 659 rectitudo
1242 620 1396 659 autem
1441 625 1487 659 et
1531 616 1776 671 obliquitas
1817 631 1871 660 ex
1911 631 1992 661 sua
2024 621 2192 661 natura

318 691 474 734 dicunt
515 695 770 745 respectum
815 690 872 732 ad
912 703 1117 733 normam
1162 691 1233 734 vel
1277 691 1509 745 regulam:
1560 705 1666 734 nam
1714 694 1888 734 rectum
1938 695 2021 745 est,
2071 691 2189 745 quod

317 765 528 820 congruit
571 778 670 808 cum
711 778 883 818 norma,
930 764 1177 819 obliquum,
1223 765 1341 819 quod
1374 765 1430 808 ab
1463 778 1515 808 ea
1549 765 1790 820 discrepat.
1855 766 2048 820 Insuper
2080 765 2193 808 bene

315 839 468 882 vivere
502 843 571 882 est
604 839 846 882 secundum
882 838 1105 881 rationem
1131 839 1299 894 vivere,
1334 840 1452 882 male
1484 839 1638 882 vivere
1671 844 1740 882 est
1774 842 1932 882 contra
1964 838 2189 882 rationem

316 912 483 965 vivere,
527 914 644 967 quod
688 912 891 955 ostendit
933 919 1061 955 actus
1106 912 1242 956 bonos
1289 919 1333 956 et
1375 914 1518 957 malos
1552 927 1603 957 ex
1639 914 1866 957 communi
1899 914 2192 969 persuasione

315 987 473 1031 reterri
507 988 564 1030 ad
598 987 797 1042 aliquam
830 1000 1036 1030 normam
1070 1001 1096 1030 a
1128 989 1303 1032 ratione
1337 988 1583 1043 cognitam.

470 1078 761 1128 illoralitas
803 1079 969 1145 igitur
1010 1078 1290 1129 actionum
1334 1077 1702 1128 humanarum
1746 1076 1960 1129 definiri
1988 1086 2189 1146 potest:

316 1165 505 1218 relatio
547 1177 693 1218 actas
733 1168 949 1218 humani
985 1167 1057 1218 acl
1082 1185 1319 1218 normam
1350 1167 1708 1226 moralitatis;
1747 1167 2008 1233 actiones,
2051 1185 2191 1236 quae

316 1273 541 1306 normae
598 1264 724 1306 sunt
778 1255 1101 1321 conformes,
1163 1256 1422 1306 dicuntur
1483 1254 1752 1307 moraliter
1812 1256 1993 1322 bonae,
2051 1274 2192 1326 quae

318 1361 445 1395 vero
489 1362 713 1396 normae
756 1354 883 1396 sunt
925 1345 1221 1411 difformes,
1266 1343 1537 1396 moraliter
1576 1345 1765 1399 malae.

469 1450 516 1502 2.
561 1449 788 1518 Duplex
831 1449 1193 1519 distinguitur
1233 1449 1528 1516 moralitas,
1572 1449 1742 1500 altera
1780 1451 2010 1513 interna,
2052 1468 2191 1519 quae

318 1538 631 1590 actionibus
672 1540 933 1591 convenit
974 1541 1031 1590 in
1074 1558 1129 1591 se
1171 1546 1297 1591 ante
1334 1557 1494 1590 omne
1521 1541 1817 1608 superioris
1845 1540 1984 1609 (sive
2015 1538 2192 1590 divini

318 1630 433 1679 sive
463 1628 714 1698 humani)
743 1629 1084 1689 mandatum,
1117 1646 1256 1697 quae
1285 1629 1530 1679 actiones
1554 1628 1785 1697 proinde
1808 1629 1926 1680 sine
1946 1627 2194 1680 bonitate

316 1726 409 1768 aut
436 1717 645 1768 malitia
673 1716 864 1769 morali
895 1718 1114 1786 concipi
1144 1724 1443 1786 nequeunt,
1485 1725 1544 1767 ut
1584 1735 1769 1768 amare
1809 1716 1898 1768 vel
1937 1718 2062 1769 odio
2100 1717 2192 1768 ha-

315 1805 444 1857 bere
486 1806 698 1872 Deum3
742 1805 912 1857 altera
939 1814 1173 1873 coeterna,
1218 1824 1358 1875 quae
1385 1805 1700 1857 actionibus
1729 1808 1991 1858 convenit
2016 1806 2192 1858 solum

317 1895 692 1964 dependenter
743 1914 774 1946 a
827 1894 1087 1946 mandato
1144 1896 1457 1964 superioris,
1524 1913 1664 1964 quae
1716 1896 1950 1965 proinde
2012 1895 2192 1948 bonae

316 1993 442 2035 sunt
482 1993 577 2036 aut
618 1984 811 2051 malae,
856 1984 1030 2036 solum
1060 1987 1190 2054 quia
1231 1983 1493 2036 iubentur
1533 1995 1627 2036 aut
1670 1995 1941 2051 vetantur,
1991 1994 2044 2037 et
2073 1987 2192 2037 sine

316 2072 426 2124 ulla
467 2073 713 2125 bonitate
755 2081 849 2125 aut
888 2073 1101 2125 malitia
1145 2074 1335 2126 morali
1378 2076 1594 2145 concipi
1625 2084 1868 2144 possunt,
1915 2084 1974 2127 ut
2014 2093 2190 2127 come-

316 2163 444 2215 dere
487 2181 728 2231 pomum.
1977 2158 1980 2160 v

462 2252 726 2304 Normam
784 2253 1110 2304 moralitatis
1171 2253 1389 2305 illarum
1447 2255 1744 2319 actionum,
1814 2253 2015 2324 quibus
2079 2272 2191 2305 non

315 2343 578 2393 convenit
618 2343 724 2394 nisi
766 2343 1046 2394 moralitas
1089 2351 1333 2410 externa,
1378 2361 1493 2394 esse
1523 2343 1681 2412 Zeyem
1699 2345 1991 2413 positivam
2019 2344 2188 2395 mani-

314 2433 514 2484 festum
556 2442 664 2499 est,
721 2433 902 2502 quoad
956 2435 1202 2485 actiones
1249 2451 1392 2499 vere,
1449 2432 1649 2502 quibus
1703 2435 1966 2484 convenit
2018 2451 2190 2488 mora:

312 2522 436 2574 litas
479 2524 713 2589 interna,
757 2525 1054 2592 quaeritur,
1099 2524 1234 2593 quid
1274 2524 1358 2586 sit,
1403 2542 1435 2574 a
1477 2540 1583 2592 quo
1626 2521 1751 2574 illae
1782 2524 2190 2575 constituantur

314 2611 592 2663 moraliter
645 2612 823 2664 bonae
866 2611 953 2663 vel
994 2611 1171 2664 malae
1214 2630 1308 2663 seu
1351 2631 1492 2681 quae
1534 2613 1602 2663 sit
1643 2629 1836 2663 norma
1865 2611 2192 2664 moralitatis

315 2718 516 2752 earum.

461 2864 551 2918 55.
583 2865 799 2918 Norma
826 2864 1218 2946 luoralfiitatis.
1265 2867 1311 2917 1.
1357 2865 1564 2916 Norma
1586 2868 1840 2935 prooeima-
1866 2866 2192 2917 moralitatis

313 2963 389 3005 est
441 2953 569 3004 ordo
628 2952 858 3007 moralis,
938 2953 1029 3006 Ab
1086 2954 1278 3006 ordine
1332 2954 1577 3023 physico,
1632 2973 1796 3024 quem
1847 2955 2190 3027 constituunt

315 3061 399 3094 res
429 3051 662 3108 creatae,
694 3053 855 3112 prout
881 3045 1096 3095 ratione
1125 3044 1394 3096 naturalis
1424 3043 1777 3113 perfectionis
1807 3043 1912 3095 sibi
1942 3044 2187 3094 invicem

314 3132 763 3195 subordinantur,
809 3133 1075 3201 distingui
1107 3132 1270 3185 debet
1298 3132 1461 3203 plane
1498 3134 1750 3185 diversus
1792 3132 1921 3182 ordo
1950 3130 2184 3184 moralis.

315 3221 482 3273 Hunc
548 3223 888 3273 constituunt
958 3222 1200 3274 hominis
1274 3222 1568 3275 relationes
1635 3221 1970 3285 essentiales»,
2046 3237 2186 3289 quae

314 3310 546 3380 triplicis
615 3313 833 3379 generis
894 3322 1048 3363 sunt:
1124 3312 1263 3364 aliae
1335 3313 1482 3364 enim
1551 3311 1762 3363 homini
1824 3311 2184 3377 conveniunt,

316 3408 476 3468 prout
532 3399 763 3451 refertur
826 3400 896 3451 ad
954 3401 1156 3467 Deum,
1219 3402 1459 3471 primum
1519 3419 1678 3454 suum
1736 3401 2076 3470 principium
2133 3406 2187 3450 et

316 3487 569 3540 ultimum
612 3491 807 3555 finem3
866 3489 1005 3541 aliae
1060 3490 1271 3542 homini
1325 3492 1681 3558 conveniunt,
1736 3498 1901 3560 prout
1952 3489 2187 3541 refertur
