2269 3898
653 145 719 186 De
750 144 848 198 ipso
882 146 972 187 fine
1005 145 1199 188 hominis
1231 146 1410 189 ultimo.
1905 154 1958 194 17

24 307 33 313 -
98 278 342 331 adoptivae
391 276 544 319 debita
576 276 865 331 proportione
911 278 1179 331 respondet:
1232 279 1360 332 atqui
1409 280 1659 335 beatitudo,
1709 296 1841 336 quam
1891 297 1959 327 ex-

98 356 332 406 pectamus
364 351 411 393 in
445 351 733 404 aeternitate,
768 360 835 393 est
871 351 1107 394 beatitudo
1142 352 1339 395 filiorum
1376 354 1457 396 Dei
1474 354 1511 408 ¹),

250 499 339 551 15.
385 499 472 550 Ad
508 499 773 549 maiorem
816 497 979 549 huius
1019 500 1098 549 rei
1131 499 1555 553 declarationem
1599 504 1814 556 iuvabit
1856 506 1953 556 dis-

97 590 345 656 tinguere
387 587 659 641 ordinem
700 586 1035 640 naturalem
1078 590 1136 640 et
1177 591 1712 656 supernaturalem.

246 711 291 743 cc.
343 691 592 741 Ordinem
618 690 915 741 naturalem
952 693 1233 742 constituit
1267 693 1584 761 complexus
1612 694 1954 759 relationum,

97 779 296 848 quibus
338 778 499 830 homo
542 798 573 830 a
614 779 732 829 Deo
777 778 1030 830 conditus
1070 779 1301 831 refertur
1342 782 1411 831 ad
1454 782 1634 833 Deum
1678 793 1954 836 auctorem

95 877 337 922 naturae.
420 867 814 936 Complectitur
856 886 982 935 ergo
1038 869 1127 920 hic
1181 869 1310 921 ordo
1362 871 1527 921 finem
1571 871 1823 924 ultimum
1865 893 1953 925 na-

93 958 323 1009 turalem
366 975 459 1008 seu
502 957 662 1023 bona,
705 958 762 1007 in
804 975 1036 1026 quornm
1079 961 1421 1010 assecutione
1463 959 1621 1011 homo
1658 962 1954 1030 perfectam

93 1045 409 1097 felicitatem
448 1045 752 1097 naturalem
791 1048 1158 1116 consequitur,
1201 1047 1349 1115 leges
1387 1057 1438 1099 et
1476 1049 1673 1114 media,
1717 1069 1855 1119 quae
1885 1052 1955 1102 ad

94 1135 241 1186 hunc
281 1135 446 1186 finem
489 1134 851 1186 obtinendum
893 1137 1217 1189 inserviunt.

242 1238 390 1290 Ordo
451 1238 715 1290 naturalis
775 1241 891 1308 ipso
943 1239 1084 1301 facto
1128 1242 1408 1291 creationis
1451 1243 1766 1295 instituitur.
1847 1242 1954 1295 Sed

92 1328 299 1397 placuit
342 1329 458 1379 Deo
513 1347 723 1380 summe
779 1327 921 1380 bono
977 1329 1256 1380 hominem
1299 1349 1463 1398 supra
1505 1341 1757 1382 naturam
1801 1351 1954 1383 suam

92 1417 161 1468 ad
227 1416 475 1468 altiorem
549 1417 797 1468 ordinem
865 1417 1080 1468 elevare
1147 1425 1312 1486 atque
1387 1419 1454 1470 ad
1530 1421 1709 1488 ipsum
1788 1420 1953 1472 aliam

92 1506 410 1557 relationem
468 1506 712 1571 induere,
773 1524 936 1575 quam
995 1514 1191 1558 natura
1247 1506 1490 1558 humana
1547 1526 1724 1577 neque
1783 1511 1955 1578 exigit

93 1614 194 1646 nec
234 1595 346 1645 suis
386 1595 599 1645 viribus
640 1597 856 1664 assequi
885 1614 1129 1664 unquam
1155 1604 1346 1664 potest,
1391 1596 1713 1648 relationem
1744 1597 1952 1649 scilicet

90 1682 251 1752 plane
293 1682 781 1752 supernaturalem.

240 1787 282 1839 b.
325 1787 576 1838 Ordinem
613 1787 1068 1857 supernaturalem
1111 1789 1449 1838 constituunt
1489 1787 1796 1854 relationes,
1841 1791 1953 1858 qui-

91 1876 192 1927 bus
246 1876 407 1927 homo
461 1877 516 1926 in
571 1875 744 1927 filium
799 1895 830 1927 a
872 1876 990 1926 Deo
1045 1875 1338 1945 adoptatus
1393 1877 1461 1927 ad
1504 1877 1685 1927 Deum
1742 1884 1954 1946 patrem

92 1984 250 2016 suum
307 1965 661 2034 adoptantem
715 1965 964 2017 refertur.
1047 1964 1444 2033 Complectitur
1497 1983 1622 2032 ergo
1679 1965 1768 2016 hic
1823 1966 1953 2016 ordo

90 2053 256 2104 finem
313 2054 785 2122 supernaturalem
843 2074 937 2105 seu
993 2054 1154 2117 bona,
1212 2056 1268 2105 in
1325 2072 1558 2124 quorum
1613 2056 1953 2123 possessione

92 2142 253 2194 homo
309 2143 711 2196 beatitudinem
767 2144 1238 2212 supernaturalem
1281 2145 1649 2213 consequitur,
1703 2143 1850 2212 leges
1905 2150 1956 2193 et

91 2232 290 2296 media,
345 2232 545 2302 quibus
597 2234 668 2284 ad
724 2232 867 2283 hanc
924 2232 1281 2284 obtinendam
1325 2232 1580 2300 dirigitur
1620 2240 1672 2283 et
1714 2234 1951 2283 iuvatur.

241 2335 389 2388 Ordo
431 2336 859 2405 supernaturalis
912 2338 1217 2388 instituitur
1273 2338 1390 2405 ipso
1440 2335 1587 2402 facto
1631 2335 1953 2405 adoptioni-5,

92 2443 186 2477 seu
253 2425 577 2477 elevationis
645 2434 873 2477 naturae
938 2425 1214 2477 humanae
1290 2427 1345 2476 in
1412 2433 1611 2476 statum
1678 2425 1954 2476 filiationis

91 2516 401 2584 adoptivae.

246 2681 271 2734 ⁵)
307 2680 564 2734 Quicunque
611 2679 725 2721 enim
758 2678 923 2734 spiritu
956 2678 1049 2720 Dei
1079 2680 1293 2732 assantur,
1341 2678 1376 2719 ίί
1421 2679 1527 2719 sunt
1563 2676 1658 2731 filii
1687 2675 1788 2717 Dei.
1853 2675 1953 2716 Xon

92 2753 207 2796 enim
231 2753 466 2808 accepistis
489 2753 699 2808 spiritum
722 2752 955 2795 servitutis
976 2752 1139 2794 iterum
1171 2752 1213 2793 in
1245 2752 1421 2803 timore,
1453 2750 1535 2793 sed
1566 2749 1801 2804 accepisti-5·
1822 2748 1955 2803 spiri-

91 2829 183 2869 tum·
216 2827 467 2882 adoptionis
489 2827 712 2883 filiorum,
759 2827 804 2869 in
853 2839 936 2881 quo
979 2827 1258 2869 clamamus:
1306 2825 1431 2868 Abba
1469 2827 1622 2880 pater.
1687 2823 1791 2878 Ipse
1838 2823 1954 2865 em'm

91 2901 282 2957 ‹syn’rifns
313 2901 616 2944 testimoninm
649 2901 803 2944 reddit
831 2901 1018 2956 spiritui
1063 2903 1235 2952 nostro,
1283 2899 1399 2954 qnod
1431 2912 1587 2941 snmus
1610 2898 1706 2954 filii
1735 2897 1838 2940 Dei.
1903 2895 1957 2938 Si

92 2979 240 3018 azztem
265 2976 361 3032 filii
391 2978 436 3018 et
463 2974 658 3018 heredes
671 2988 691 3029 ,·
722 2975 917 3018 heredes
959 2974 1133 3029 quidem
1169 2974 1274 3025 Dei,
1307 2973 1551 3017 coheredes
1584 2975 1730 3014 antem
1770 2970 1952 3013 Cla-isti.

94 3050 223 3093 Rom.
258 3050 300 3104 8,
336 3050 522 3094 14—17.
587 3050 654 3092 Cf.
689 3049 787 3092 Gal.
822 3050 864 3104 4,
899 3050 920 3090 1
959 3063 1016 3092 ss.

845 3284 1169 3299 AJ‘Q'XJW‘RI
1172 3285 1196 3296 ‘x

183 3582 383 3623 Noldin,
405 3582 462 3612 De
486 3582 693 3621 principiis.
