2269 3898
328 184 417 227 244
1016 180 1094 224 IV.
1128 181 1195 223 De
1228 180 1520 224 conscientia.

327 319 366 363 si
399 323 468 362 est·
502 316 772 372 simpliciter
803 315 993 370 incerta,
1027 314 1123 357 sive
1157 305 1345 357 dubium
1380 314 1433 357 de
1468 327 1517 357 eo
1551 313 1752 357 existens
1775 318 1844 357 est
1878 313 2092 357 strictum
2117 313 2221 358 sive

326 395 498 440 latum;
534 404 639 445 ergo
672 391 746 433 lex
778 402 868 432 non
901 388 1093 444 obligat,
1127 388 1304 443 quoties
1348 392 1417 431 est
1462 388 1734 443 simpliciter
1774 387 1961 440 incerta,
2008 387 2103 431 sive
2146 401 2219 432 ra-

326 467 474 511 tiones
508 478 588 521 pro
620 465 722 519 lege
755 468 864 507 sunt
896 477 1037 518 aeque
1070 463 1166 506 sive
1188 463 1338 518 magis
1371 462 1638 518 probabiles.

476 629 607 684 219.
648 627 958 681 Refutatio
995 627 1190 695 ipsius
1234 626 1602 692 systematis.
1687 626 1734 677 1.
1767 623 2212 694 Aequiprobabi-

321 720 480 772 listae
533 720 883 788 potissimum
939 719 1192 768 nituntur
1247 717 1574 766 auctoritate
1628 734 1668 766 s,
1713 713 1990 784 Alphonsi,
2052 717 2216 765 cuius

323 819 567 878 systema
597 807 801 859 morale
845 826 913 858 ex
942 825 1132 858 eorum
1163 807 1618 874 interpretatione
1648 804 1877 856 exhibet
1900 805 2211 872 genuinum

322 895 972 969 aequiprobabilismum.
1055 895 1139 946 De
1206 902 1505 962 systemate
1573 892 1766 945 morali
1829 912 1867 947 s,
1931 892 2210 962 Alphonsi

322 989 468 1041 infra
511 988 740 1053 dicetur,
796 985 901 1036 hoc
941 984 1061 1036 loco
1104 983 1162 1035 id
1205 994 1424 1034 notasse
1466 982 1723 1035 sufficiat.
1807 980 2052 1050 Scriptor
2094 984 2211 1051 qui-

318 1078 470 1145 libet,
523 1084 791 1146 quantum
834 1076 952 1125 fieri
994 1081 1189 1143 potest,
1247 1074 1323 1124 ita
1366 1071 1815 1141 interpretandus
1857 1082 1953 1136 est,
1997 1081 2058 1123 ut
2099 1072 2209 1123 sibi

317 1186 427 1220 non
473 1165 841 1227 contradicat}
899 1165 1052 1233 atqui
1108 1181 1234 1214 cum
1280 1173 1491 1214 certum
1533 1163 1603 1213 sit
1645 1170 1887 1230 systema
1928 1161 2133 1213 morale
2163 1181 2208 1214 s.

316 1257 591 1327 Alphonsi
620 1255 779 1305 initio
810 1253 978 1304 fuisse
1008 1252 1487 1322 probabilismum,
1520 1252 1637 1305 eius
1666 1252 1969 1320 posteriora
1998 1253 2210 1321 scripta

316 1349 362 1399 si
403 1346 522 1398 fieri
563 1352 757 1414 potest,
816 1344 893 1394 ita
935 1342 1353 1411 interpretanda
1409 1350 1551 1407 sunt,
1611 1350 1671 1391 ut
1724 1359 1850 1392 cum
1908 1349 2209 1409 systemate

317 1435 703 1506 probabilismi
747 1433 1101 1485 conveniant.
1187 1431 1401 1497 Quodsi
1458 1431 1595 1482 haec
1650 1432 2000 1482 consentiens
2042 1432 2208 1483 inter-

315 1527 549 1596 pretatio
604 1523 754 1575 nullo
811 1521 973 1572 modo
1026 1520 1247 1571 admitti
1289 1530 1486 1589 posset,
1532 1520 1938 1572 inhaerendum
1981 1530 2121 1572 esset
2162 1541 2208 1577 s,

315 1617 555 1668 doctoris
597 1612 883 1682 systemati
924 1611 1112 1679 priori,
1169 1617 1356 1678 utpote
1413 1619 1559 1661 certe
1612 1628 1741 1661 vero
1795 1620 1847 1661 et
1888 1609 1957 1661 ab
1998 1612 2117 1679 ipso
2161 1630 2204 1665 S.

315 1707 538 1758 doctore
591 1703 816 1754 invictis
869 1700 1212 1768 argumentis
1270 1699 1663 1763 demonstrato,
1722 1699 1996 1769 quidquid
2038 1702 2108 1750 sit
2148 1709 2208 1752 et

313 1796 531 1846 dicatur
574 1793 639 1844 de
682 1790 930 1842 eiusdem
973 1791 1193 1859 scriptis
1234 1789 1649 1859 posterioribus.

462 1899 511 1951 2.
556 1894 1140 1966 Aequiprobabilistae
1181 1894 1252 1945 ad
1295 1893 1694 1945 stabiliendum
1754 1912 1914 1945 suum
1959 1902 2205 1962 systema

311 2008 423 2041 non
465 1988 587 2040 aliis
629 1994 861 2037 utuntur
901 1985 1246 2052 argumentis
1289 2002 1452 2054 quam
1498 1983 1911 2053 probabilistae,
1957 1983 2207 2035 scilicet:

307 2079 400 2131 lex
441 2077 614 2130 dubia
654 2094 766 2127 non
807 2074 1017 2143 obligat
1058 2083 1111 2125 et
1150 2074 1240 2125 lex
1294 2075 1505 2125 incerta
1548 2075 1741 2144 nequit
1781 2074 2046 2125 inducere
2088 2092 2199 2125 cer-

307 2179 421 2221 tam
464 2167 894 2235 obligationem,
938 2166 1091 2234 atqui
1135 2183 1204 2215 ex
1246 2164 1333 2215 his
1374 2165 1716 2233 argumentis
1759 2182 1869 2216 non
1911 2165 2202 2234 aequipro-

309 2258 655 2323 babilismus,
712 2255 806 2307 sed
851 2257 1162 2307 necessaria
1215 2242 1460 2306 illatione
1514 2256 1762 2324 sequitur
1801 2253 2039 2305 formula
2079 2273 2196 2323 pro-

310 2347 621 2409 babilismig
666 2363 792 2414 ergo
824 2345 1388 2415 aequiprobabilistae
1427 2363 1538 2396 non
1567 2346 1857 2413 integram,
1902 2344 1998 2395 sed
2039 2344 2201 2394 dimi—

307 2437 516 2489 diatam
571 2443 786 2487 tantum
841 2435 1253 2486 conclusionem
1309 2453 1378 2485 ex
1432 2435 1545 2486 suis
1602 2435 1848 2503 ipsorum
1904 2434 2204 2502 principiis*

307 2527 606 2579 deducunt

455 2633 503 2684 3.
550 2631 806 2700 Systema
847 2629 1070 2696 morale,
1115 2629 1262 2699 quod
1304 2628 1374 2680 ad
1416 2630 1500 2679 sui
1529 2647 1691 2680 usum
1727 2629 2036 2680 necessario
2079 2628 2193 2678 exi-

303 2724 398 2790 git,
459 2729 519 2772 ut
560 2738 630 2771 ex
685 2728 916 2789 utraque
958 2728 1113 2788 parte
1170 2719 1548 2788 ponderentur
1591 2726 1871 2769 momenta
1913 2719 2198 2769 rationum.

304 2819 357 2862 et
397 2819 688 2877 statuatur,
732 2818 918 2860 utrum
946 2809 1235 2877 opiniones
1262 2807 1529 2858 adversae
1559 2808 1669 2858 sint
1693 2825 1868 2876 aeque
1895 2826 1968 2858 an
2006 2808 2202 2858 minus-

305 2900 395 2951 vel
438 2901 614 2968 magis
656 2897 988 2968 probabiles,
1047 2906 1127 2948 est
1167 2907 1406 2966 systema
1447 2898 1694 2967 practice
1735 2899 2014 2966 ineptum:
2058 2913 2196 2946 nam,

305 2991 420 3042 fere
463 3008 680 3058 semper
721 2986 1064 3058 impossibile
1106 2995 1187 3038 est
1228 2986 1615 3053 determinare,
1669 2986 1892 3055 quando
1936 3004 2005 3036 ex
2045 2994 2187 3036 utra-

303 3099 407 3151 que
448 3089 603 3149 parte
646 3088 789 3130 stent
828 3079 1070 3130 rationes
1111 3095 1287 3146 aeque
1329 3076 1418 3127 vel
1460 3077 1572 3127 fere
1615 3094 1790 3145 aeque
1835 3074 2194 3145 probabiles,

301 3179 552 3221 auctores
594 3177 795 3234 autem,
840 3169 934 3236 qui
978 3168 1301 3218 existimant
1343 3184 1398 3217 se
1440 3165 1576 3217 illud
1606 3165 1814 3235 absque
1858 3164 2186 3216 difficultate

303 3267 580 3328 praestare
622 3276 797 3327 posse,
840 3257 945 3308 sibi
988 3256 1221 3326 aliisque
1263 3255 1520 3307 illudunt.

453 3365 503 3416 4.
567 3363 772 3432 Opinio
828 3371 972 3413 certe
1025 3360 1367 3431 probabilior
1418 3360 1509 3412 vel
1570 3368 1649 3412 est
1699 3360 1855 3429 quasi
1907 3358 2187 3410 moraliter

302 3462 451 3505 certa
492 3453 582 3505 vel
623 3460 703 3504 est
744 3451 1069 3521 simpliciter
1109 3449 1447 3520 probabilis3
1494 3452 1537 3502 si
1579 3452 1838 3520 primum,
1882 3447 2181 3500 conceden-

302 3543 432 3594 dum
478 3552 574 3610 est,
634 3561 744 3594 non
786 3541 952 3594 licere
1008 3542 1162 3610 sequi
1218 3542 1544 3609 oppositam,
1601 3540 1732 3609 quia
1770 3538 1910 3590 haec
1950 3556 2060 3589 non
2102 3544 2192 3587 est.
