<?xml version="1.0" encoding="UTF-8"?>
<!DOCTYPE html PUBLIC "-//W3C//DTD XHTML 1.0 Transitional//EN"
    "http://www.w3.org/TR/xhtml1/DTD/xhtml1-transitional.dtd">
<html xmlns="http://www.w3.org/1999/xhtml" xml:lang="en" lang="en">
 <head>
  <title>
</title>
<meta http-equiv="Content-Type" content="text/html;charset=utf-8" />
  <meta name='ocr-system' content='tesseract 3.04.00' />
  <meta name='ocr-capabilities' content='ocr_page ocr_carea ocr_par ocr_line ocrx_word'/>
</head>
<body>
  <div class='ocr_page' id='page_1' title='image "./summatheologiaem00nold_0308.png"; bbox 0 0 2269 3898; ppageno 0'>
   <div class='ocr_carea' id='block_1_1' title="bbox 255 183 1402 237">
    <p class='ocr_par' dir='ltr' id='par_1_1' title="bbox 255 183 1402 237">
     <span class='ocr_line' id='line_1_1' title="bbox 255 183 1402 237; baseline -0.003 -8"><span class='ocrx_word' id='word_1_1' title='bbox 255 186 342 229; x_wconf 77' lang='lat'>298</span> <span class='ocrx_word' id='word_1_2' title='bbox 979 183 1057 225; x_wconf 86' lang='lat' dir='ltr'>VI.</span> <span class='ocrx_word' id='word_1_3' title='bbox 1091 183 1158 226; x_wconf 93' lang='lat' dir='ltr'>De</span> <span class='ocrx_word' id='word_1_4' title='bbox 1189 186 1402 237; x_wconf 85' lang='lat' dir='ltr'>peccatis.</span> 
     </span>
    </p>
   </div>
   <div class='ocr_carea' id='block_1_2' title="bbox 245 316 2136 956">
    <p class='ocr_par' dir='ltr' id='par_1_2' title="bbox 245 316 2136 956">
     <span class='ocr_line' id='line_1_2' title="bbox 408 316 2130 372; baseline -0.001 -10"><span class='ocrx_word' id='word_1_5' title='bbox 408 334 440 362; x_wconf 79' lang='lat' dir='ltr'>e.</span> <span class='ocrx_word' id='word_1_6' title='bbox 476 320 559 361; x_wconf 84' lang='lat' dir='ltr'>Est</span> <span class='ocrx_word' id='word_1_7' title='bbox 594 317 801 360; x_wconf 88' lang='lat' dir='ltr'>doctrina</span> <span class='ocrx_word' id='word_1_8' title='bbox 832 330 868 359; x_wconf 75' lang='grc'>3.</span> <span class='ocrx_word' id='word_1_9' title='bbox 907 316 1101 359; x_wconf 75' lang='lat' dir='ltr'>leomae</span> <span class='ocrx_word' id='word_1_10' title='bbox 1133 320 1368 370; x_wconf 86' lang='lat' dir='ltr'>peccat-um</span> <span class='ocrx_word' id='word_1_11' title='bbox 1401 316 1580 359; x_wconf 83' lang='lat' dir='ltr'>veniale</span> <span class='ocrx_word' id='word_1_12' title='bbox 1610 329 1701 359; x_wconf 92' lang='lat' dir='ltr'>non</span> <span class='ocrx_word' id='word_1_13' title='bbox 1732 329 1827 360; x_wconf 89' lang='lat' dir='ltr'>esse</span> <span class='ocrx_word' id='word_1_14' title='bbox 1849 320 2020 372; x_wconf 89' lang='lat' dir='ltr'>contra,</span> <span class='ocrx_word' id='word_1_15' title='bbox 2053 317 2130 360; x_wconf 89' lang='lat' dir='ltr'>sed</span> 
     </span>
     <span class='ocr_line' id='line_1_3' title="bbox 245 389 2128 452; baseline -0.001 -17"><span class='ocrx_word' id='word_1_16' title='bbox 245 396 441 452; x_wconf 54' lang='lat' dir='ltr'>[myster</span> <span class='ocrx_word' id='word_1_17' title='bbox 474 393 615 447; x_wconf 69' lang='lat' dir='ltr'>leyem</span> <span class='ocrx_word' id='word_1_18' title='bbox 649 391 791 444; x_wconf 70' lang='lat' dir='ltr'>Dei1).</span> <span class='ocrx_word' id='word_1_19' title='bbox 856 389 984 444; x_wconf 80' lang='lat' dir='ltr'>Quod</span> <span class='ocrx_word' id='word_1_20' title='bbox 1016 395 1071 433; x_wconf 90' lang='lat' dir='ltr'>ut</span> <span class='ocrx_word' id='word_1_21' title='bbox 1102 389 1191 433; x_wconf 90' lang='lat' dir='ltr'>rite</span> <span class='ocrx_word' id='word_1_22' title='bbox 1223 389 1532 445; x_wconf 78' lang='lat' dir='ltr'>intelligatur,</span> <span class='ocrx_word' id='word_1_23' title='bbox 1564 390 1818 433; x_wconf 88' lang='lat' dir='ltr'>notandum</span> <span class='ocrx_word' id='word_1_24' title='bbox 1868 395 1938 434; x_wconf 87' lang='lat' dir='ltr'>est</span> <span class='ocrx_word' id='word_1_25' title='bbox 1980 403 2128 446; x_wconf 89' lang='lat' dir='ltr'>pecca-</span> 
     </span>
     <span class='ocr_line' id='line_1_4' title="bbox 255 451 2132 520; baseline -0.001 -11"><span class='ocrx_word' id='word_1_26' title='bbox 255 451 354 510; x_wconf 58' lang='lat' dir='ltr'>tinn</span> <span class='ocrx_word' id='word_1_27' title='bbox 391 465 561 520; x_wconf 79' lang='lat' dir='ltr'>duplici</span> <span class='ocrx_word' id='word_1_28' title='bbox 595 466 726 508; x_wconf 78' lang='lat' dir='ltr'>inodo</span> <span class='ocrx_word' id='word_1_29' title='bbox 760 469 918 508; x_wconf 90' lang='lat' dir='ltr'>contra</span> <span class='ocrx_word' id='word_1_30' title='bbox 948 466 1094 520; x_wconf 84' lang='lat' dir='ltr'>legem</span> <span class='ocrx_word' id='word_1_31' title='bbox 1128 477 1223 508; x_wconf 86' lang='lat' dir='ltr'>esse</span> <span class='ocrx_word' id='word_1_32' title='bbox 1255 477 1407 519; x_wconf 87' lang='lat' dir='ltr'>posse:</span> <span class='ocrx_word' id='word_1_33' title='bbox 1457 465 1530 508; x_wconf 82' lang='lat' dir='ltr'>vel</span> <span class='ocrx_word' id='word_1_34' title='bbox 1563 465 1707 507; x_wconf 88' lang='lat' dir='ltr'>solum</span> <span class='ocrx_word' id='word_1_35' title='bbox 1742 468 1900 508; x_wconf 89' lang='lat' dir='ltr'>contra</span> <span class='ocrx_word' id='word_1_36' title='bbox 1947 467 2132 519; x_wconf 78' lang='lat' dir='ltr'>aliquod</span> 
     </span>
     <span class='ocr_line' id='line_1_5' title="bbox 255 538 2132 601; baseline 0 -18"><span class='ocrx_word' id='word_1_37' title='bbox 255 544 548 600; x_wconf 27' lang='lat' dir='ltr'>pissaeceptum</span> <span class='ocrx_word' id='word_1_38' title='bbox 579 541 710 595; x_wconf 83' lang='lat' dir='ltr'>legis,</span> <span class='ocrx_word' id='word_1_39' title='bbox 743 540 815 583; x_wconf 79' lang='lat' dir='ltr'>vel</span> <span class='ocrx_word' id='word_1_40' title='bbox 849 542 1332 600; x_wconf 35' lang='lat' dir='ltr'>contra-praeceptum</span> <span class='ocrx_word' id='word_1_41' title='bbox 1368 543 1414 582; x_wconf 89' lang='lat' dir='ltr'>et</span> <span class='ocrx_word' id='word_1_42' title='bbox 1446 540 1585 582; x_wconf 90' lang='lat' dir='ltr'>finem</span> <span class='ocrx_word' id='word_1_43' title='bbox 1617 538 1749 601; x_wconf 85' lang='lat' dir='ltr'>legis.</span> <span class='ocrx_word' id='word_1_44' title='bbox 1811 539 1966 583; x_wconf 78' lang='lat' dir='ltr'>Priore</span> <span class='ocrx_word' id='word_1_45' title='bbox 1998 552 2132 583; x_wconf 87' lang='lat' dir='ltr'>sensu</span> 
     </span>
     <span class='ocr_line' id='line_1_6' title="bbox 254 603 2135 669; baseline -0.001 -11"><span class='ocrx_word' id='word_1_46' title='bbox 254 620 354 658; x_wconf 89' lang='lat' dir='ltr'>tum</span> <span class='ocrx_word' id='word_1_47' title='bbox 387 619 624 669; x_wconf 84' lang='lat' dir='ltr'>peccatum</span> <span class='ocrx_word' id='word_1_48' title='bbox 659 606 852 657; x_wconf 81' lang='lat' dir='ltr'>mortale</span> <span class='ocrx_word' id='word_1_49' title='bbox 888 618 987 656; x_wconf 85' lang='lat' dir='ltr'>tum</span> <span class='ocrx_word' id='word_1_50' title='bbox 1021 613 1199 655; x_wconf 87' lang='lat' dir='ltr'>veniale</span> <span class='ocrx_word' id='word_1_51' title='bbox 1247 616 1405 656; x_wconf 83' lang='lat' dir='ltr'>contra</span> <span class='ocrx_word' id='word_1_52' title='bbox 1438 606 1599 668; x_wconf 77' lang='lat' dir='ltr'>&#39;legem</span> <span class='ocrx_word' id='word_1_53' title='bbox 1649 603 1740 665; x_wconf 83' lang='lat' dir='ltr'>est;</span> <span class='ocrx_word' id='word_1_54' title='bbox 1790 614 1934 657; x_wconf 89' lang='lat' dir='ltr'>altero</span> <span class='ocrx_word' id='word_1_55' title='bbox 1980 618 2135 657; x_wconf 88' lang='lat' dir='ltr'>autem</span> 
     </span>
     <span class='ocr_line' id='line_1_7' title="bbox 255 687 2131 744; baseline -0.001 -12"><span class='ocrx_word' id='word_1_56' title='bbox 255 703 388 733; x_wconf 86' lang='lat' dir='ltr'>sensu</span> <span class='ocrx_word' id='word_1_57' title='bbox 422 689 566 732; x_wconf 89' lang='lat' dir='ltr'>solum</span> <span class='ocrx_word' id='word_1_58' title='bbox 600 692 836 743; x_wconf 87' lang='lat' dir='ltr'>peccatum</span> <span class='ocrx_word' id='word_1_59' title='bbox 872 687 1066 730; x_wconf 82' lang='lat' dir='ltr'>mortale</span> <span class='ocrx_word' id='word_1_60' title='bbox 1099 690 1256 730; x_wconf 88' lang='lat' dir='ltr'>contra</span> <span class='ocrx_word' id='word_1_61' title='bbox 1286 688 1435 742; x_wconf 87' lang='lat' dir='ltr'>legem</span> <span class='ocrx_word' id='word_1_62' title='bbox 1458 687 1542 730; x_wconf 88' lang='lat' dir='ltr'>Dei</span> <span class='ocrx_word' id='word_1_63' title='bbox 1576 691 1661 743; x_wconf 84' lang='lat' dir='ltr'>est,</span> <span class='ocrx_word' id='word_1_64' title='bbox 1683 688 1790 742; x_wconf 90' lang='lat' dir='ltr'>quia</span> <span class='ocrx_word' id='word_1_65' title='bbox 1810 688 1961 744; x_wconf 89' lang='lat' dir='ltr'>ipsum</span> <span class='ocrx_word' id='word_1_66' title='bbox 1985 689 2131 732; x_wconf 86' lang='lat' dir='ltr'>solum</span> 
     </span>
     <span class='ocr_line' id='line_1_8' title="bbox 254 760 2136 819; baseline -0.002 -12"><span class='ocrx_word' id='word_1_67' title='bbox 254 764 489 819; x_wconf 76' lang='lat' dir='ltr'>extinguit</span> <span class='ocrx_word' id='word_1_68' title='bbox 523 763 780 817; x_wconf 84' lang='lat' dir='ltr'>caritatem,</span> <span class='ocrx_word' id='word_1_69' title='bbox 831 775 945 817; x_wconf 90' lang='lat' dir='ltr'>quae</span> <span class='ocrx_word' id='word_1_70' title='bbox 979 766 1048 804; x_wconf 88' lang='lat' dir='ltr'>est</span> <span class='ocrx_word' id='word_1_71' title='bbox 1096 761 1204 804; x_wconf 84' lang='lat' dir='ltr'>finis</span> <span class='ocrx_word' id='word_1_72' title='bbox 1249 761 1379 816; x_wconf 86' lang='lat' dir='ltr'>legis.</span> <span class='ocrx_word' id='word_1_73' title='bbox 1443 761 1633 805; x_wconf 90' lang='lat' dir='ltr'>Veniale</span> <span class='ocrx_word' id='word_1_74' title='bbox 1679 767 1835 805; x_wconf 90' lang='lat' dir='ltr'>autem</span> <span class='ocrx_word' id='word_1_75' title='bbox 1866 760 2136 818; x_wconf 67' lang='lat' dir='ltr'>²i‘peccatum,</span> 
     </span>
     <span class='ocr_line' id='line_1_9' title="bbox 254 822 2130 893; baseline -0.002 -12"><span class='ocrx_word' id='word_1_76' title='bbox 254 836 423 893; x_wconf 81' lang='lat' dir='ltr'>quippe</span> <span class='ocrx_word' id='word_1_77' title='bbox 455 838 573 892; x_wconf 86' lang='lat' dir='ltr'>quod</span> <span class='ocrx_word' id='word_1_78' title='bbox 607 837 848 880; x_wconf 89' lang='lat' dir='ltr'>caritatem</span> <span class='ocrx_word' id='word_1_79' title='bbox 885 850 976 880; x_wconf 89' lang='lat' dir='ltr'>non</span> <span class='ocrx_word' id='word_1_80' title='bbox 1008 836 1269 890; x_wconf 81' lang='lat' dir='ltr'>extinguat,</span> <span class='ocrx_word' id='word_1_81' title='bbox 1301 822 1392 878; x_wconf 75' lang='lat' dir='ltr'>non</span> <span class='ocrx_word' id='word_1_82' title='bbox 1425 840 1597 891; x_wconf 87' lang='lat' dir='ltr'>contra,</span> <span class='ocrx_word' id='word_1_83' title='bbox 1638 837 1717 880; x_wconf 90' lang='lat' dir='ltr'>sed</span> <span class='ocrx_word' id='word_1_84' title='bbox 1761 842 1941 891; x_wconf 87' lang='lat' dir='ltr'>praeter</span> <span class='ocrx_word' id='word_1_85' title='bbox 1982 837 2130 892; x_wconf 84' lang='lat' dir='ltr'>legem</span> 
     </span>
     <span class='ocr_line' id='line_1_10' title="bbox 255 912 684 956; baseline -0.002 -1"><span class='ocrx_word' id='word_1_86' title='bbox 255 913 340 956; x_wconf 86' lang='lat' dir='ltr'>Dei</span> <span class='ocrx_word' id='word_1_87' title='bbox 374 926 469 956; x_wconf 88' lang='lat' dir='ltr'>esse</span> <span class='ocrx_word' id='word_1_88' title='bbox 504 912 684 955; x_wconf 87' lang='lat' dir='ltr'>dicitur.</span> 
     </span>
    </p>
   </div>
   <div class='ocr_carea' id='block_1_3' title="bbox 256 1059 2138 1218">
    <p class='ocr_par' dir='ltr' id='par_1_3' title="bbox 256 1059 2138 1218">
     <span class='ocr_line' id='line_1_11' title="bbox 405 1059 2138 1130; baseline -0.001 -16"><span class='ocrx_word' id='word_1_89' title='bbox 405 1061 537 1115; x_wconf 72' lang='lat'><strong>273.</strong></span> <span class='ocrx_word' id='word_1_90' title='bbox 580 1059 844 1114; x_wconf 85' lang='lat' dir='ltr'>Effectus</span> <span class='ocrx_word' id='word_1_91' title='bbox 900 1059 1130 1127; x_wconf 83' lang='lat' dir='ltr'>peccati</span> <span class='ocrx_word' id='word_1_92' title='bbox 1184 1059 1437 1113; x_wconf 82' lang='lat' dir='ltr'>venialis</span> <span class='ocrx_word' id='word_1_93' title='bbox 1492 1061 1751 1127; x_wconf 81' lang='lat' dir='ltr'>negative</span> <span class='ocrx_word' id='word_1_94' title='bbox 1806 1068 1858 1111; x_wconf 82' lang='lat' dir='ltr'>et</span> <span class='ocrx_word' id='word_1_95' title='bbox 1899 1061 2138 1130; x_wconf 81' lang='lat' dir='ltr'>positive</span> 
     </span>
     <span class='ocr_line' id='line_1_12' title="bbox 256 1151 880 1218; baseline 0 -16"><span class='ocrx_word' id='word_1_96' title='bbox 256 1151 595 1202; x_wconf 89' lang='lat' dir='ltr'>considerari</span> <span class='ocrx_word' id='word_1_97' title='bbox 637 1158 880 1218; x_wconf 81' lang='lat' dir='ltr'>possunt.</span> 
     </span>
    </p>
   </div>
   <div class='ocr_carea' id='block_1_4' title="bbox 254 1252 2144 1771">
    <p class='ocr_par' dir='ltr' id='par_1_4' title="bbox 254 1252 2144 1771">
     <span class='ocr_line' id='line_1_13' title="bbox 404 1252 2137 1323; baseline -0.001 -17"><span class='ocrx_word' id='word_1_98' title='bbox 404 1256 451 1306; x_wconf 87' lang='lat'>1.</span> <span class='ocrx_word' id='word_1_99' title='bbox 499 1255 774 1323; x_wconf 68' lang='lat' dir='ltr'>Neyative.</span> <span class='ocrx_word' id='word_1_100' title='bbox 843 1273 891 1306; x_wconf 88' lang='lat' dir='ltr'>a.</span> <span class='ocrx_word' id='word_1_101' title='bbox 935 1252 1236 1304; x_wconf 81' lang='lat' dir='ltr'>Peccatum</span> <span class='ocrx_word' id='word_1_102' title='bbox 1278 1252 1497 1304; x_wconf 86' lang='lat' dir='ltr'>veniale</span> <span class='ocrx_word' id='word_1_103' title='bbox 1537 1255 1770 1322; x_wconf 66' lang='lat' dir='ltr'>qratiam</span> <span class='ocrx_word' id='word_1_104' title='bbox 1810 1253 2137 1322; x_wconf 66' lang='lat' dir='ltr'>sanctifican-</span> 
     </span>
     <span class='ocr_line' id='line_1_14' title="bbox 256 1343 2142 1414; baseline -0.001 -19"><span class='ocrx_word' id='word_1_105' title='bbox 256 1354 353 1396; x_wconf 72' lang='lat' dir='ltr'>tem</span> <span class='ocrx_word' id='word_1_106' title='bbox 392 1364 498 1396; x_wconf 62' lang='lat' dir='ltr'>izo-n</span> <span class='ocrx_word' id='word_1_107' title='bbox 540 1345 836 1414; x_wconf 67' lang='lat' dir='ltr'>eoetiwyuz&#39;t:</span> <span class='ocrx_word' id='word_1_108' title='bbox 889 1344 1093 1394; x_wconf 90' lang='lat' dir='ltr'>etenim</span> <span class='ocrx_word' id='word_1_109' title='bbox 1144 1343 1188 1393; x_wconf 85' lang='lat' dir='ltr'>si</span> <span class='ocrx_word' id='word_1_110' title='bbox 1232 1361 1350 1393; x_wconf 90' lang='lat' dir='ltr'>eam</span> <span class='ocrx_word' id='word_1_111' title='bbox 1409 1343 1733 1410; x_wconf 81' lang='lat' dir='ltr'>extinguere</span> <span class='ocrx_word' id='word_1_112' title='bbox 1787 1352 1985 1412; x_wconf 88' lang='lat' dir='ltr'>posset,</span> <span class='ocrx_word' id='word_1_113' title='bbox 2043 1351 2142 1395; x_wconf 89' lang='lat' dir='ltr'>aut</span> 
     </span>
     <span class='ocr_line' id='line_1_15' title="bbox 254 1431 2140 1499; baseline -0.001 -13"><span class='ocrx_word' id='word_1_114' title='bbox 254 1433 510 1486; x_wconf 88' lang='lat' dir='ltr'>ultimum</span> <span class='ocrx_word' id='word_1_115' title='bbox 567 1432 786 1485; x_wconf 83' lang='lat' dir='ltr'>veniale</span> <span class='ocrx_word' id='word_1_116' title='bbox 839 1433 992 1484; x_wconf 90' lang='lat' dir='ltr'>fieret</span> <span class='ocrx_word' id='word_1_117' title='bbox 1032 1431 1278 1499; x_wconf 76' lang='lat' dir='ltr'>mortale,</span> <span class='ocrx_word' id='word_1_118' title='bbox 1334 1441 1430 1483; x_wconf 89' lang='lat' dir='ltr'>aut</span> <span class='ocrx_word' id='word_1_119' title='bbox 1470 1452 1539 1483; x_wconf 87' lang='lat' dir='ltr'>ex</span> <span class='ocrx_word' id='word_1_120' title='bbox 1596 1432 1783 1484; x_wconf 87' lang='lat' dir='ltr'>multis</span> <span class='ocrx_word' id='word_1_121' title='bbox 1825 1432 2140 1485; x_wconf 83' lang='lat' dir='ltr'>venialibus</span> 
     </span>
     <span class='ocr_line' id='line_1_16' title="bbox 256 1522 2144 1591; baseline -0.001 -16"><span class='ocrx_word' id='word_1_122' title='bbox 256 1532 576 1591; x_wconf 79' lang='lat' dir='ltr'>exsurgeret</span> <span class='ocrx_word' id='word_1_123' title='bbox 629 1522 882 1578; x_wconf 82' lang='lat' dir='ltr'>mortale:</span> <span class='ocrx_word' id='word_1_124' title='bbox 940 1540 1081 1591; x_wconf 89' lang='lat' dir='ltr'>quae</span> <span class='ocrx_word' id='word_1_125' title='bbox 1136 1541 1261 1573; x_wconf 92' lang='lat' dir='ltr'>cum</span> <span class='ocrx_word' id='word_1_126' title='bbox 1315 1524 1744 1591; x_wconf 84' lang='lat' dir='ltr'>repugnantiam</span> <span class='ocrx_word' id='word_1_127' title='bbox 1800 1524 2144 1588; x_wconf 78' lang='lat' dir='ltr'>contineant,</span> 
     </span>
     <span class='ocr_line' id='line_1_17' title="bbox 254 1611 2140 1682; baseline -0.001 -18"><span class='ocrx_word' id='word_1_128' title='bbox 254 1621 546 1682; x_wconf 86' lang='lat' dir='ltr'>peccatum</span> <span class='ocrx_word' id='word_1_129' title='bbox 588 1611 823 1678; x_wconf 84' lang='lat' dir='ltr'>veniale,</span> <span class='ocrx_word' id='word_1_130' title='bbox 881 1620 1164 1681; x_wconf 87' lang='lat' dir='ltr'>utcunque</span> <span class='ocrx_word' id='word_1_131' title='bbox 1207 1611 1389 1681; x_wconf 84' lang='lat' dir='ltr'>quoad</span> <span class='ocrx_word' id='word_1_132' title='bbox 1441 1611 1674 1680; x_wconf 85' lang='lat' dir='ltr'>gradum</span> <span class='ocrx_word' id='word_1_133' title='bbox 1719 1612 1807 1664; x_wconf 80' lang='lat' dir='ltr'>vel</span> <span class='ocrx_word' id='word_1_134' title='bbox 1847 1630 2140 1664; x_wconf 82' lang='lat' dir='ltr'>numerum</span> 
     </span>
     <span class='ocr_line' id='line_1_18' title="bbox 256 1700 1755 1771; baseline 0 -18"><span class='ocrx_word' id='word_1_135' title='bbox 256 1709 483 1766; x_wconf 81' lang='lat' dir='ltr'>crescat,</span> <span class='ocrx_word' id='word_1_136' title='bbox 525 1702 762 1769; x_wconf 82' lang='lat' dir='ltr'>gratiam</span> <span class='ocrx_word' id='word_1_137' title='bbox 805 1702 1244 1752; x_wconf 87' lang='lat' dir='ltr'>sanctificantem</span> <span class='ocrx_word' id='word_1_138' title='bbox 1285 1700 1502 1752; x_wconf 88' lang='lat' dir='ltr'>auferre</span> <span class='ocrx_word' id='word_1_139' title='bbox 1544 1702 1755 1771; x_wconf 88' lang='lat' dir='ltr'>nequit.</span> 
     </span>
    </p>
   </div>
   <div class='ocr_carea' id='block_1_5' title="bbox 253 1806 2142 2459">
    <p class='ocr_par' dir='ltr' id='par_1_5' title="bbox 255 1806 2142 2145">
     <span class='ocr_line' id='line_1_19' title="bbox 407 1806 2137 1876; baseline 0 -19"><span class='ocrx_word' id='word_1_140' title='bbox 407 1806 452 1858; x_wconf 78' lang='lat' dir='ltr'>b.</span> <span class='ocrx_word' id='word_1_141' title='bbox 496 1809 673 1876; x_wconf 77' lang='lat' dir='ltr'>Neque</span> <span class='ocrx_word' id='word_1_142' title='bbox 719 1824 832 1857; x_wconf 84' lang='lat' dir='ltr'>eam</span> <span class='ocrx_word' id='word_1_143' title='bbox 872 1806 1095 1857; x_wconf 71' lang='lat' dir='ltr'>minuit:</span> <span class='ocrx_word' id='word_1_144' title='bbox 1139 1807 1341 1857; x_wconf 89' lang='lat' dir='ltr'>etenim</span> <span class='ocrx_word' id='word_1_145' title='bbox 1370 1807 1414 1857; x_wconf 93' lang='lat' dir='ltr'>si</span> <span class='ocrx_word' id='word_1_146' title='bbox 1440 1813 1731 1875; x_wconf 90' lang='lat' dir='ltr'>peccatum</span> <span class='ocrx_word' id='word_1_147' title='bbox 1760 1806 1981 1859; x_wconf 85' lang='lat' dir='ltr'>veniale</span> <span class='ocrx_word' id='word_1_148' title='bbox 2021 1808 2137 1858; x_wconf 90' lang='lat' dir='ltr'>vim</span> 
     </span>
     <span class='ocr_line' id='line_1_20' title="bbox 257 1895 2136 1965; baseline -0.001 -17"><span class='ocrx_word' id='word_1_149' title='bbox 257 1896 486 1948; x_wconf 90' lang='lat' dir='ltr'>haberet</span> <span class='ocrx_word' id='word_1_150' title='bbox 527 1896 819 1947; x_wconf 87' lang='lat' dir='ltr'>minuendi</span> <span class='ocrx_word' id='word_1_151' title='bbox 845 1897 1081 1964; x_wconf 88' lang='lat' dir='ltr'>gratiam</span> <span class='ocrx_word' id='word_1_152' title='bbox 1124 1896 1581 1959; x_wconf 85' lang='lat' dir='ltr'>sanctificantem,</span> <span class='ocrx_word' id='word_1_153' title='bbox 1626 1895 2006 1965; x_wconf 90' lang='lat' dir='ltr'>multiplicatis</span> <span class='ocrx_word' id='word_1_154' title='bbox 2047 1913 2136 1947; x_wconf 83' lang='lat' dir='ltr'>Ve-</span> 
     </span>
     <span class='ocr_line' id='line_1_21' title="bbox 255 1985 2142 2055; baseline -0.001 -18"><span class='ocrx_word' id='word_1_155' title='bbox 255 1986 497 2037; x_wconf 89' lang='lat' dir='ltr'>nialibus</span> <span class='ocrx_word' id='word_1_156' title='bbox 553 1986 734 2053; x_wconf 85' lang='lat' dir='ltr'>gratia</span> <span class='ocrx_word' id='word_1_157' title='bbox 788 1985 1013 2037; x_wconf 85' lang='lat' dir='ltr'>tandem</span> <span class='ocrx_word' id='word_1_158' title='bbox 1074 1987 1294 2055; x_wconf 85' lang='lat' dir='ltr'>penitus</span> <span class='ocrx_word' id='word_1_159' title='bbox 1346 1987 1781 2054; x_wconf 79' lang='lat' dir='ltr'>extingueretur,</span> <span class='ocrx_word' id='word_1_160' title='bbox 1840 1985 1987 2055; x_wconf 88' lang='lat' dir='ltr'>quod</span> <span class='ocrx_word' id='word_1_161' title='bbox 2042 2003 2142 2054; x_wconf 86' lang='lat' dir='ltr'>per</span> 
     </span>
     <span class='ocr_line' id='line_1_22' title="bbox 255 2075 2126 2145; baseline 0.001 -20"><span class='ocrx_word' id='word_1_162' title='bbox 255 2075 496 2126; x_wconf 86' lang='lat' dir='ltr'>venialia</span> <span class='ocrx_word' id='word_1_163' title='bbox 537 2075 656 2127; x_wconf 89' lang='lat' dir='ltr'>fieri</span> <span class='ocrx_word' id='word_1_164' title='bbox 699 2077 906 2145; x_wconf 88' lang='lat' dir='ltr'>nequit.</span> <span class='ocrx_word' id='word_1_165' title='bbox 2123 2143 2126 2145; x_wconf 14' lang='grc' dir='ltr'><strong>Α</strong></span> 
     </span>
    </p>

    <p class='ocr_par' dir='ltr' id='par_1_6' title="bbox 253 2179 2142 2459">
     <span class='ocr_line' id='line_1_23' title="bbox 403 2179 2140 2235; baseline -0.001 -13"><span class='ocrx_word' id='word_1_166' title='bbox 403 2179 625 2233; x_wconf 78' lang='lat' dir='ltr'>Quoniam</span> <span class='ocrx_word' id='word_1_167' title='bbox 659 2192 763 2223; x_wconf 73' lang='lat' dir='ltr'>vero</span> <span class='ocrx_word' id='word_1_168' title='bbox 797 2193 898 2222; x_wconf 88' lang='lat' dir='ltr'>cum</span> <span class='ocrx_word' id='word_1_169' title='bbox 932 2179 1086 2235; x_wconf 88' lang='lat' dir='ltr'>gratia</span> <span class='ocrx_word' id='word_1_170' title='bbox 1109 2179 1430 2223; x_wconf 87' lang='lat' dir='ltr'>sanctificante</span> <span class='ocrx_word' id='word_1_171' title='bbox 1453 2180 1628 2223; x_wconf 76' lang='lat' dir='ltr'>caritas</span> <span class='ocrx_word' id='word_1_172' title='bbox 1649 2179 1915 2233; x_wconf 71' lang='lat' dir='ltr'>habitualis,</span> <span class='ocrx_word' id='word_1_173' title='bbox 1948 2179 2140 2222; x_wconf 71' lang='lat' dir='ltr'>virtutes</span> 
     </span>
     <span class='ocr_line' id='line_1_24' title="bbox 254 2254 2137 2310; baseline 0 -14"><span class='ocrx_word' id='word_1_174' title='bbox 254 2254 439 2310; x_wconf 78' lang='lat' dir='ltr'>infusae</span> <span class='ocrx_word' id='word_1_175' title='bbox 472 2259 517 2298; x_wconf 89' lang='lat' dir='ltr'>et</span> <span class='ocrx_word' id='word_1_176' title='bbox 551 2254 669 2297; x_wconf 85' lang='lat' dir='ltr'>dona</span> <span class='ocrx_word' id='word_1_177' title='bbox 704 2254 907 2310; x_wconf 71' lang='lat' dir='ltr'>Spiritus</span> <span class='ocrx_word' id='word_1_178' title='bbox 938 2254 1088 2298; x_wconf 73' lang='lat' dir='ltr'>sancti</span> <span class='ocrx_word' id='word_1_179' title='bbox 1116 2254 1426 2297; x_wconf 85' lang='lat' dir='ltr'>indissolubili</span> <span class='ocrx_word' id='word_1_180' title='bbox 1470 2267 1590 2297; x_wconf 81' lang='lat' dir='ltr'>nexu</span> <span class='ocrx_word' id='word_1_181' title='bbox 1630 2255 1904 2310; x_wconf 79' lang='lat' dir='ltr'>cohaerent,·</span> <span class='ocrx_word' id='word_1_182' title='bbox 1929 2255 2040 2298; x_wconf 90' lang='lat' dir='ltr'>adeo</span> <span class='ocrx_word' id='word_1_183' title='bbox 2082 2257 2137 2297; x_wconf 92' lang='lat' dir='ltr'>ut</span> 
     </span>
     <span class='ocr_line' id='line_1_25' title="bbox 253 2329 2142 2384; baseline 0 -12"><span class='ocrx_word' id='word_1_184' title='bbox 253 2342 345 2372; x_wconf 93' lang='lat' dir='ltr'>non</span> <span class='ocrx_word' id='word_1_185' title='bbox 379 2330 523 2372; x_wconf 88' lang='lat' dir='ltr'>solum</span> <span class='ocrx_word' id='word_1_186' title='bbox 558 2343 650 2372; x_wconf 90' lang='lat' dir='ltr'>una</span> <span class='ocrx_word' id='word_1_187' title='bbox 678 2343 778 2372; x_wconf 87' lang='lat' dir='ltr'>cum</span> <span class='ocrx_word' id='word_1_188' title='bbox 812 2329 967 2384; x_wconf 82' lang='lat' dir='ltr'>gratia</span> <span class='ocrx_word' id='word_1_189' title='bbox 999 2329 1296 2383; x_wconf 87' lang='lat' dir='ltr'>acquirantur</span> <span class='ocrx_word' id='word_1_190' title='bbox 1329 2336 1374 2372; x_wconf 89' lang='lat' dir='ltr'>et</span> <span class='ocrx_word' id='word_1_191' title='bbox 1407 2329 1703 2384; x_wconf 85' lang='lat' dir='ltr'>amittantur,</span> <span class='ocrx_word' id='word_1_192' title='bbox 1737 2330 1814 2372; x_wconf 89' lang='lat' dir='ltr'>sed</span> <span class='ocrx_word' id='word_1_193' title='bbox 1840 2329 1979 2373; x_wconf 92' lang='lat' dir='ltr'>etiam</span> <span class='ocrx_word' id='word_1_194' title='bbox 2003 2341 2142 2384; x_wconf 86' lang='lat' dir='ltr'>auge·</span> 
     </span>
     <span class='ocr_line' id='line_1_26' title="bbox 254 2403 2136 2459; baseline -0.001 -12"><span class='ocrx_word' id='word_1_195' title='bbox 254 2409 405 2457; x_wconf 88' lang='lat' dir='ltr'>antur,</span> <span class='ocrx_word' id='word_1_196' title='bbox 439 2409 569 2459; x_wconf 88' lang='lat' dir='ltr'>patet</span> <span class='ocrx_word' id='word_1_197' title='bbox 600 2417 745 2459; x_wconf 88' lang='lat' dir='ltr'>neque</span> <span class='ocrx_word' id='word_1_198' title='bbox 776 2404 870 2447; x_wconf 87' lang='lat' dir='ltr'>ista</span> <span class='ocrx_word' id='word_1_199' title='bbox 901 2417 981 2459; x_wconf 87' lang='lat' dir='ltr'>per</span> <span class='ocrx_word' id='word_1_200' title='bbox 1012 2408 1248 2459; x_wconf 83' lang='lat' dir='ltr'>peccatum</span> <span class='ocrx_word' id='word_1_201' title='bbox 1272 2404 1451 2448; x_wconf 85' lang='lat' dir='ltr'>veniale</span> <span class='ocrx_word' id='word_1_202' title='bbox 1483 2404 1716 2447; x_wconf 89' lang='lat' dir='ltr'>ullatenus</span> <span class='ocrx_word' id='word_1_203' title='bbox 1738 2403 1899 2447; x_wconf 90' lang='lat' dir='ltr'>minui.</span> <span class='ocrx_word' id='word_1_204' title='bbox 1933 2403 2136 2446; x_wconf 87' lang='lat' dir='ltr'>Tandem</span> 
     </span>
    </p>
   </div>
   <div class='ocr_carea' id='block_1_6' title="bbox 253 2478 2143 2596">
    <p class='ocr_par' dir='ltr' id='par_1_7' title="bbox 253 2478 2143 2596">
     <span class='ocr_line' id='line_1_27' title="bbox 253 2478 2143 2535; baseline 0 -13"><span class='ocrx_word' id='word_1_205' title='bbox 253 2493 335 2523; x_wconf 88' lang='lat' dir='ltr'>nec</span> <span class='ocrx_word' id='word_1_206' title='bbox 365 2479 530 2522; x_wconf 76' lang='lat' dir='ltr'>merita</span> <span class='ocrx_word' id='word_1_207' title='bbox 563 2479 654 2522; x_wconf 88' lang='lat' dir='ltr'>iam</span> <span class='ocrx_word' id='word_1_208' title='bbox 680 2479 905 2534; x_wconf 84' lang='lat' dir='ltr'>acquisita</span> <span class='ocrx_word' id='word_1_209' title='bbox 927 2493 1009 2523; x_wconf 90' lang='lat' dir='ltr'>nec</span> <span class='ocrx_word' id='word_1_210' title='bbox 1023 2480 1221 2535; x_wconf 64' lang='lat' dir='ltr'>{florium</span> <span class='ocrx_word' id='word_1_211' title='bbox 1245 2479 1309 2522; x_wconf 88' lang='lat' dir='ltr'>eis</span> <span class='ocrx_word' id='word_1_212' title='bbox 1333 2478 1676 2522; x_wconf 85' lang='lat' dir='ltr'>convenientem</span> <span class='ocrx_word' id='word_1_213' title='bbox 1700 2482 1936 2533; x_wconf 86' lang='lat' dir='ltr'>peccatum</span> <span class='ocrx_word' id='word_1_214' title='bbox 1960 2478 2143 2522; x_wconf 83' lang='lat' dir='ltr'>veniale</span> 
     </span>
     <span class='ocr_line' id='line_1_28' title="bbox 253 2553 782 2596; baseline -0.002 0"><span class='ocrx_word' id='word_1_215' title='bbox 253 2554 347 2596; x_wconf 91' lang='lat' dir='ltr'>ullo</span> <span class='ocrx_word' id='word_1_216' title='bbox 381 2554 512 2596; x_wconf 89' lang='lat' dir='ltr'>modo</span> <span class='ocrx_word' id='word_1_217' title='bbox 548 2553 782 2596; x_wconf 84' lang='lat' dir='ltr'>diminuit.</span> 
     </span>
    </p>
   </div>
   <div class='ocr_carea' id='block_1_7' title="bbox 256 2642 2137 3427">
    <p class='ocr_par' dir='ltr' id='par_1_8' title="bbox 256 2642 2137 3427">
     <span class='ocr_line' id='line_1_29' title="bbox 405 2642 2135 2713; baseline 0 -19"><span class='ocrx_word' id='word_1_218' title='bbox 405 2663 444 2697; x_wconf 88' lang='lat' dir='ltr'>c.</span> <span class='ocrx_word' id='word_1_219' title='bbox 491 2645 674 2713; x_wconf 74' lang='lat' dir='ltr'>Neque</span> <span class='ocrx_word' id='word_1_220' title='bbox 714 2642 975 2695; x_wconf 79' lang='lat' dir='ltr'>maculam</span> <span class='ocrx_word' id='word_1_221' title='bbox 1013 2644 1072 2694; x_wconf 77' lang='lat' dir='ltr'>in</span> <span class='ocrx_word' id='word_1_222' title='bbox 1114 2644 1346 2694; x_wconf 76' lang='lat' dir='ltr'>animam</span> <span class='ocrx_word' id='word_1_223' title='bbox 1385 2642 1626 2695; x_wconf 70' lang='lat' dir='ltr'>inducit:</span> <span class='ocrx_word' id='word_1_224' title='bbox 1670 2661 1795 2694; x_wconf 87' lang='lat' dir='ltr'>cum</span> <span class='ocrx_word' id='word_1_225' title='bbox 1837 2644 1985 2694; x_wconf 86' lang='lat' dir='ltr'>enim</span> <span class='ocrx_word' id='word_1_226' title='bbox 2027 2661 2135 2694; x_wconf 86' lang='lat' dir='ltr'>ma-</span> 
     </span>
     <span class='ocr_line' id='line_1_30' title="bbox 256 2731 2136 2802; baseline 0.001 -19"><span class='ocrx_word' id='word_1_227' title='bbox 256 2731 379 2784; x_wconf 88' lang='lat' dir='ltr'>cula</span> <span class='ocrx_word' id='word_1_228' title='bbox 431 2734 644 2802; x_wconf 89' lang='lat' dir='ltr'>peccati</span> <span class='ocrx_word' id='word_1_229' title='bbox 686 2734 744 2784; x_wconf 89' lang='lat' dir='ltr'>in</span> <span class='ocrx_word' id='word_1_230' title='bbox 785 2733 1099 2802; x_wconf 86' lang='lat' dir='ltr'>privatione</span> <span class='ocrx_word' id='word_1_231' title='bbox 1151 2734 1362 2802; x_wconf 87' lang='lat' dir='ltr'>gratiae</span> <span class='ocrx_word' id='word_1_232' title='bbox 1416 2733 1813 2784; x_wconf 88' lang='lat' dir='ltr'>sanctificantis</span> <span class='ocrx_word' id='word_1_233' title='bbox 1855 2733 2136 2799; x_wconf 77' lang='lat' dir='ltr'>consistat,</span> 
     </span>
     <span class='ocr_line' id='line_1_31' title="bbox 256 2811 2135 2892; baseline 0 -20"><span class='ocrx_word' id='word_1_234' title='bbox 256 2830 545 2890; x_wconf 88' lang='lat' dir='ltr'>peccatum</span> <span class='ocrx_word' id='word_1_235' title='bbox 588 2821 823 2888; x_wconf 87' lang='lat' dir='ltr'>veniale,</span> <span class='ocrx_word' id='word_1_236' title='bbox 883 2821 1030 2892; x_wconf 89' lang='lat' dir='ltr'>quod</span> <span class='ocrx_word' id='word_1_237' title='bbox 1065 2811 1304 2890; x_wconf 34' lang='lat' dir='ltr'>&#39;gratiam</span> <span class='ocrx_word' id='word_1_238' title='bbox 1364 2841 1466 2874; x_wconf 90' lang='lat' dir='ltr'>nec</span> <span class='ocrx_word' id='word_1_239' title='bbox 1524 2822 1703 2874; x_wconf 89' lang='lat' dir='ltr'>aufert</span> <span class='ocrx_word' id='word_1_240' title='bbox 1758 2840 1861 2874; x_wconf 85' lang='lat' dir='ltr'>nec</span> <span class='ocrx_word' id='word_1_241' title='bbox 1917 2823 2135 2888; x_wconf 78' lang='lat' dir='ltr'>minuit,</span> 
     </span>
     <span class='ocr_line' id='line_1_32' title="bbox 257 2910 2134 2982; baseline 0.001 -21"><span class='ocrx_word' id='word_1_242' title='bbox 257 2910 531 2962; x_wconf 89' lang='lat' dir='ltr'>maculam</span> <span class='ocrx_word' id='word_1_243' title='bbox 588 2930 815 2963; x_wconf 89' lang='lat' dir='ltr'>causare</span> <span class='ocrx_word' id='word_1_244' title='bbox 868 2930 978 2963; x_wconf 93' lang='lat' dir='ltr'>non</span> <span class='ocrx_word' id='word_1_245' title='bbox 1034 2920 1226 2981; x_wconf 87' lang='lat' dir='ltr'>potest.</span> <span class='ocrx_word' id='word_1_246' title='bbox 1311 2911 1498 2977; x_wconf 72' lang='lat' dir='ltr'>Quare</span> <span class='ocrx_word' id='word_1_247' title='bbox 1540 2914 1583 2964; x_wconf 88' lang='lat' dir='ltr'>si</span> <span class='ocrx_word' id='word_1_248' title='bbox 1634 2913 1801 2964; x_wconf 88' lang='lat' dir='ltr'>etiam</span> <span class='ocrx_word' id='word_1_249' title='bbox 1842 2919 2134 2982; x_wconf 88' lang='lat' dir='ltr'>peccatum</span> 
     </span>
     <span class='ocr_line' id='line_1_33' title="bbox 257 2999 2136 3071; baseline 0.001 -21"><span class='ocrx_word' id='word_1_250' title='bbox 257 2999 474 3052; x_wconf 85' lang='lat' dir='ltr'>veniale</span> <span class='ocrx_word' id='word_1_251' title='bbox 514 3001 730 3052; x_wconf 83' lang='lat' dir='ltr'>macula</span> <span class='ocrx_word' id='word_1_252' title='bbox 759 3003 978 3053; x_wconf 89' lang='lat' dir='ltr'>animae</span> <span class='ocrx_word' id='word_1_253' title='bbox 1009 3002 1213 3053; x_wconf 86' lang='lat' dir='ltr'>dicitur</span> <span class='ocrx_word' id='word_1_254' title='bbox 1254 3010 1306 3053; x_wconf 86' lang='lat' dir='ltr'>et</span> <span class='ocrx_word' id='word_1_255' title='bbox 1346 3001 1563 3071; x_wconf 88' lang='lat' dir='ltr'>pulveri</span> <span class='ocrx_word' id='word_1_256' title='bbox 1605 3021 1670 3053; x_wconf 89' lang='lat' dir='ltr'>ac</span> <span class='ocrx_word' id='word_1_257' title='bbox 1711 3001 1967 3054; x_wconf 86' lang='lat' dir='ltr'>sordibus</span> <span class='ocrx_word' id='word_1_258' title='bbox 1996 3019 2136 3053; x_wconf 87' lang='lat' dir='ltr'>com-</span> 
     </span>
     <span class='ocr_line' id='line_1_34' title="bbox 256 3090 2137 3161; baseline 0.001 -21"><span class='ocrx_word' id='word_1_259' title='bbox 256 3097 498 3159; x_wconf 86' lang='lat' dir='ltr'>paratur,</span> <span class='ocrx_word' id='word_1_260' title='bbox 559 3109 697 3159; x_wconf 89' lang='lat' dir='ltr'>quae</span> <span class='ocrx_word' id='word_1_261' title='bbox 740 3090 917 3142; x_wconf 83' lang='lat' dir='ltr'>vultui</span> <span class='ocrx_word' id='word_1_262' title='bbox 958 3091 1199 3142; x_wconf 89' lang='lat' dir='ltr'>hominis</span> <span class='ocrx_word' id='word_1_263' title='bbox 1241 3110 1463 3160; x_wconf 87' lang='lat' dir='ltr'>aspersa</span> <span class='ocrx_word' id='word_1_264' title='bbox 1506 3093 1623 3143; x_wconf 92' lang='lat' dir='ltr'>eius</span> <span class='ocrx_word' id='word_1_265' title='bbox 1663 3090 2137 3161; x_wconf 88' lang='lat' dir='ltr'>pulchritudinem</span> 
     </span>
     <span class='ocr_line' id='line_1_35' title="bbox 259 3179 2135 3252; baseline 0.001 -23"><span class='ocrx_word' id='word_1_266' title='bbox 259 3179 568 3248; x_wconf 76' lang='lat' dir='ltr'>deturpant,</span> <span class='ocrx_word' id='word_1_267' title='bbox 632 3179 688 3230; x_wconf 87' lang='lat' dir='ltr'>id</span> <span class='ocrx_word' id='word_1_268' title='bbox 733 3198 840 3231; x_wconf 89' lang='lat' dir='ltr'>non</span> <span class='ocrx_word' id='word_1_269' title='bbox 903 3180 970 3231; x_wconf 86' lang='lat' dir='ltr'>de</span> <span class='ocrx_word' id='word_1_270' title='bbox 1032 3180 1360 3232; x_wconf 88' lang='lat' dir='ltr'>detrimento</span> <span class='ocrx_word' id='word_1_271' title='bbox 1421 3183 1632 3250; x_wconf 86' lang='lat' dir='ltr'>gratiae</span> <span class='ocrx_word' id='word_1_272' title='bbox 1692 3201 1790 3252; x_wconf 90' lang='lat' dir='ltr'>per</span> <span class='ocrx_word' id='word_1_273' title='bbox 1844 3187 2135 3251; x_wconf 86' lang='lat' dir='ltr'>peccatum</span> 
     </span>
     <span class='ocr_line' id='line_1_36' title="bbox 259 3268 2136 3341; baseline 0.002 -25"><span class='ocrx_word' id='word_1_274' title='bbox 259 3268 475 3320; x_wconf 83' lang='lat' dir='ltr'>veniale</span> <span class='ocrx_word' id='word_1_275' title='bbox 517 3277 756 3335; x_wconf 86' lang='lat' dir='ltr'>causatO,</span> <span class='ocrx_word' id='word_1_276' title='bbox 820 3269 915 3320; x_wconf 87' lang='lat' dir='ltr'>sed</span> <span class='ocrx_word' id='word_1_277' title='bbox 971 3269 1059 3321; x_wconf 85' lang='lat' dir='ltr'>vel</span> <span class='ocrx_word' id='word_1_278' title='bbox 1117 3269 1183 3321; x_wconf 91' lang='lat' dir='ltr'>de</span> <span class='ocrx_word' id='word_1_279' title='bbox 1238 3278 1395 3322; x_wconf 90' lang='lat' dir='ltr'>reatu</span> <span class='ocrx_word' id='word_1_280' title='bbox 1457 3271 1653 3341; x_wconf 87' lang='lat' dir='ltr'>culpae</span> <span class='ocrx_word' id='word_1_281' title='bbox 1713 3271 1801 3323; x_wconf 84' lang='lat' dir='ltr'>vel</span> <span class='ocrx_word' id='word_1_282' title='bbox 1858 3271 1925 3322; x_wconf 90' lang='lat' dir='ltr'>de</span> <span class='ocrx_word' id='word_1_283' title='bbox 1980 3276 2136 3321; x_wconf 89' lang='lat' dir='ltr'>reatu</span> 
     </span>
     <span class='ocr_line' id='line_1_37' title="bbox 258 3356 1072 3427; baseline 0.005 -20"><span class='ocrx_word' id='word_1_284' title='bbox 258 3374 468 3424; x_wconf 88' lang='lat' dir='ltr'>poenae</span> <span class='ocrx_word' id='word_1_285' title='bbox 511 3356 935 3427; x_wconf 86' lang='lat' dir='ltr'>intelligendum</span> <span class='ocrx_word' id='word_1_286' title='bbox 978 3367 1072 3412; x_wconf 86' lang='lat' dir='ltr'>est.</span> 
     </span>
    </p>
   </div>
   <div class='ocr_carea' id='block_1_8' title="bbox 416 3551 1161 3606">
    <p class='ocr_par' dir='ltr' id='par_1_9' title="bbox 416 3551 1161 3606">
     <span class='ocr_line' id='line_1_38' title="bbox 416 3551 1161 3606; baseline 0.005 -12"><span class='ocrx_word' id='word_1_287' title='bbox 416 3551 442 3594; x_wconf 72' lang='lat'>¹&#39;)</span> <span class='ocrx_word' id='word_1_288' title='bbox 477 3552 543 3594; x_wconf 92' lang='lat' dir='ltr'>De</span> <span class='ocrx_word' id='word_1_289' title='bbox 576 3551 696 3594; x_wconf 90' lang='lat' dir='ltr'>malo</span> <span class='ocrx_word' id='word_1_290' title='bbox 729 3565 769 3606; x_wconf 84' lang='lat' dir='ltr'>q.</span> <span class='ocrx_word' id='word_1_291' title='bbox 807 3552 843 3594; x_wconf 80' lang='lat'>7.</span> <span class='ocrx_word' id='word_1_292' title='bbox 879 3565 916 3595; x_wconf 90' lang='lat' dir='ltr'>a.</span> <span class='ocrx_word' id='word_1_293' title='bbox 955 3553 991 3597; x_wconf 86' lang='lat'>1.</span> <span class='ocrx_word' id='word_1_294' title='bbox 1031 3552 1088 3594; x_wconf 86' lang='lat' dir='ltr'>ad</span> <span class='ocrx_word' id='word_1_295' title='bbox 1122 3554 1161 3598; x_wconf 88' lang='lat'>1.</span> 
     </span>
    </p>
   </div>
  </div>
 </body>
</html>
