2269 3898
773 134 840 177 De
872 138 1122 188 systemate
1154 135 1328 178 morali.
1898 137 1983 180 235

113 266 372 321 ligationes,
396 280 506 321 quas
528 267 650 309 Deus
673 266 713 309 ei
744 266 984 321 iniungere
1015 266 1212 309 voluerit
1245 271 1382 321 atque
1415 267 1636 322 obligatio
1669 268 1983 324 investigandi

115 347 161 384 et
184 341 480 396 cognoscendi
502 342 641 395 leges,
664 339 701 382 si
720 353 830 394 quas
854 340 893 383 ei
914 341 1104 383 daturus
1128 340 1202 383 sit.
1237 341 1333 384 Hoc
1356 354 1488 384 sensu
1511 343 1643 385 homo
1665 356 1756 385 non
1778 343 1983 386 nascitur

114 415 229 458 liber
245 415 321 458 sed
334 416 428 458 Deo
446 415 697 458 subiectus:
719 414 886 457 etenim
906 415 988 457 hoc
1004 415 1206 458 debitum
1227 429 1271 458 se
1290 416 1559 459 subiiciendi
1579 417 1786 460 omnibus
1803 417 1982 472 legibus

116 487 285 531 divinis
308 488 568 531 libertatem
592 489 824 544 praecedit
841 490 913 532 vel
935 489 1090 544 potius
1112 489 1318 533 libertati
1338 491 1562 534 coexistit.
1588 492 1673 535 Sed
1692 492 1730 535 si
1750 491 1985 546 quaeritur

117 562 170 604 de
202 562 304 618 lege
336 562 654 618 determinata,
696 563 767 606 cui
800 563 1091 618 particularis
1126 568 1332 607 creatura
1374 565 1614 608 rationalis
1656 566 1858 610 subiecta
1901 570 1984 621 est,

114 635 304 679 libertas
324 636 473 691 legem
495 637 672 679 ratione
695 637 938 691 praecedit.
983 637 1106 680 Deus
1132 637 1251 680 enim
1275 638 1453 681 ratione
1476 639 1600 693 prius
1624 639 1821 694 concipit
1845 653 1986 682 essen-

115 709 230 753 tiam
249 715 482 754 creaturae
505 711 689 765 eiusque
710 711 972 755 libertatem
993 715 1037 754 et
1056 712 1234 755 ratione
1252 713 1478 766 posterius
1501 714 1665 768 legem,
1689 714 1759 756 cui
1784 714 1986 757 subiecta

116 790 203 828 est:
239 798 340 828 cum
375 785 495 828 enim
527 785 601 828 lex
634 790 795 840 suapte
827 791 994 829 natura
1028 786 1089 829 sit
1131 786 1347 840 medium,
1397 800 1481 840 quo
1531 793 1739 830 creatura
1787 788 1844 830 ad
1892 801 1987 842 pro-

116 859 265 914 prium
298 860 439 903 finem
473 859 717 915 dirigatur,
750 859 977 915 imprimis
1012 860 1219 915 cognosci
1245 860 1377 903 debet
1399 865 1580 916 natura,
1612 866 1665 904 ut
1691 861 1986 904 determinari

115 934 261 990 possit
292 935 366 977 lex
399 935 439 978 ei
472 934 757 989 conveniens,
790 949 878 989 qua
913 935 1143 990 dirigatur
1175 935 1233 978 ad
1265 936 1418 978 finem.
1461 935 1568 979 Ideo
1591 935 1660 978 ait
1683 949 1716 978 s
1741 935 1985 990 scriptura:

118 1010 248 1052 Deus
278 1009 337 1051 ab
373 1009 501 1052 i'niiio
535 1009 766 1052 constituit
794 1009 1017 1053 hominem
1060 1012 1105 1052 et
1143 1009 1333 1064 reliquit
1373 1010 1497 1052 illum
1543 1010 1587 1052 in
1632 1023 1769 1052 maml
1813 1010 1991 1053 consilii

117 1084 219 1139 snij
253 1083 420 1126 adzeczt
449 1084 667 1127 mandata
702 1087 745 1127 et
765 1087 1015 1140 lnaecepta-
1049 1098 1133 1127 sua
1146 1085 1173 1108 ¹
1159 1115 1173 1139 s
1158 1085 1205 1138 ,·
1247 1089 1291 1127 et
1326 1098 1361 1127 s.
1401 1085 1619 1127 Thomas:
1664 1084 1779 1126 illud
1824 1084 1990 1127 dicitnr

117 1158 301 1213 limium,
335 1158 453 1214 qnod
481 1159 606 1202 nulla
640 1159 737 1214 leffe
759 1157 1056 1214 pr''0lizbez‘m²
1067 1171 1087 1201 1

269 1233 306 1275 b.
339 1233 408 1275 Ex
439 1233 512 1276 his
545 1233 830 1288 argumentis
864 1236 1045 1276 const-at
1078 1245 1157 1287 per
1190 1245 1235 1275 se
1276 1233 1420 1275 solum
1465 1235 1634 1275 certam
1677 1232 1794 1287 legis
1843 1232 1990 1288 cogni-

119 1308 288 1351 tionem
323 1309 610 1351 voluntatem
645 1308 891 1351 humanam
934 1307 1157 1362 obligare3
1208 1307 1246 1349 si
1279 1312 1433 1350 tamen
1468 1307 1620 1361 opinio
1653 1321 1732 1362 pro
1780 1308 1881 1362 lege
1929 1307 1991 1350 sit

108 1383 484 1438 probabilissima
518 1383 590 1425 vel
624 1382 886 1425 notabiliter
907 1381 1197 1437 probabilior
1230 1395 1363 1436 quam
1389 1382 1613 1436 opposita,
1644 1383 1791 1436 legem
1815 1394 1992 1425 servare

119 1463 339 1502 tenemur.
404 1457 506 1500 Etsi
540 1457 658 1500 enim
693 1457 915 1500 eiusmodi
949 1456 1100 1510 opinio
1133 1469 1285 1499 veram
1317 1456 1639 1499 certitudinem
1661 1470 1751 1499 non
1769 1456 1991 1511 attingat,

110 1534 319 1590 practice
351 1536 507 1575 tamen
541 1532 802 1586 aequivalet
836 1530 1092 1574 sententiae
1126 1535 1288 1584 certae,
1323 1530 1429 1584 quia
1462 1531 1557 1573 eius
1581 1530 1790 1585 opposita
1811 1544 1901 1573 non
1924 1537 1993 1574 est

119 1621 223 1651 vere
256 1613 302 1651 et
334 1611 454 1650 certe
486 1606 733 1661 probabilis
776 1606 966 1659 ideoque
1010 1605 1305 1659 suppeditare
1347 1605 1506 1659 nequit
1554 1619 1758 1648 normam
1810 1605 1992 1660 agendi,

121 1696 220 1725 cum
254 1682 312 1724 ad
345 1681 682 1724 informandam
717 1680 1038 1724 conscientiam
1075 1680 1273 1734 practice
1307 1684 1474 1722 certam
1511 1693 1598 1722 non
1623 1679 1840 1723 sufficiat.
1874 1679 1992 1722 Hinc

120 1758 192 1811 fit,
224 1760 279 1799 ut
311 1756 531 1799 eiusmodi
567 1755 719 1810 opinio
754 1755 935 1798 dicatur
968 1755 1102 1810 qnasi
1130 1754 1370 1796 moralitei
1393 1767 1468 1796 cel
1472 1756 1517 1796 ta
1541 1754 1613 1796 wel
1625 1754 1832 1809 practice
1854 1757 2031 1854 cellah}
2165 1779 2269 1829 Aba,

272 1846 320 1899 2.
373 1847 460 1897 Em
509 1847 839 1915 cauctogitate.
920 1845 1126 1914 Nequit
1180 1862 1295 1894 esse
1349 1842 1546 1894 falsum
1603 1851 1843 1911 systema
1885 1862 1993 1894 mo-

118 1935 246 2002 rale‚
306 1935 454 2005 quod
507 1937 702 2006 quovis
756 1943 1003 2004 tempoie
1057 1954 1088 1985 a
1143 1935 1350 1985 maiore
1404 1933 1784 2001 theologorum
1840 1942 1994 2002 parte
2026 1921 2144 2009 sps&
2136 1904 2223 1988 ῨἫ.

124 2027 436 2095 exponitur,
491 2025 811 2076 vindicatur
864 2033 918 2077 et
975 2026 1031 2075 in
1087 2023 1504 2092 quaestionibus
1565 2022 1994 2092 particularibus

121 2125 405 2184 tamquam
447 2114 637 2185 regula
678 2132 891 2165 morum
935 2112 1248 2179 adhibetur,
1293 2112 1603 2163 cuiusmodi
1646 2120 1724 2162 est
1756 2120 1996 2180 systema

122 2203 617 2273 probabilisticum.

273 2293 347 2335 Ad
383 2293 602 2336 maiorem
646 2296 789 2338 notat
830 2306 867 2335 5.
901 2291 1188 2346 Alphonsus:
1233 2289 1274 2335 si
1316 2288 1495 2335 falsum
1535 2296 1668 2335 esset
1701 2289 1995 2347 principium

121 2366 481 2425 probabilismi,
526 2366 651 2412 illud
692 2381 786 2413 non
832 2365 1150 2411 admisissent
1193 2370 1267 2410 tot
1312 2364 1553 2419 doctore-s,
1588 2377 1743 2421 neque
1781 2364 1996 2409 ecclesia
2108 2364 2173 2387 ³³⁹

123 2441 248 2487 illud
280 2442 572 2487 tolerasset:
625 2440 839 2487 ecclesia
883 2440 1010 2487 enim
1055 2439 1289 2498 prudenti
1334 2438 1534 2484 silentio
1578 2438 1798 2483 tolerare
1833 2444 1997 2495 potest
2144 2482 2152 2499 ,

124 2516 375 2574 opiniones
410 2529 643 2561 erroneas
683 2515 1032 2574 particulares,
1085 2519 1138 2559 at
1182 2527 1275 2558 non
1326 2512 1467 2558 alias.
1518 2526 1670 2570 „quae
1718 2513 1996 2558 doctrinam
2019 2518 2058 2546 ²¹2
2076 2503 2161 2538 3⁸³¹

124 2591 411 2650 generalem
437 2590 703 2647 continent,
738 2595 793 2636 ut
817 2595 893 2635 est
916 2589 1167 2635 sententia
1190 2587 1423 2642 benigna,
1447 2600 1568 2644 quae
1595 2586 1833 2644 importat
1857 2599 1998 2631 cunc-
2021 2588 2089 2607 ‘³

124 2673 288 2712 tarum
323 2665 737 2711 conscientiarum
762 2664 1085 2709 directionem
1113 2663 1248 2709 circa
1272 2675 1436 2707 omnes
1470 2660 1804 2718 particulares
1831 2657 2084 2722 casusyj's

125 2740 255 2786 unde
301 2738 343 2784 si
386 2744 519 2784 esset
561 2737 708 2793 falsa,
750 2737 970 2784 universi
1018 2736 1184 2796 populi
1231 2736 1493 2782 christiani
1529 2736 1754 2794 deceptio
1798 2724 2063 2781 invecta¹>

127 2811 394 2869 fiiissefflss).

277 2888 502 2931 Minorem
538 2886 849 2933 confirmabit
873 2900 1080 2944 sequens
1106 2890 1395 2943 conspectus
1418 2883 1699 2930 historicus.
1747 2898 1788 2926 a.
1813 2883 1997 2929 Primis

130 2962 373 3009 ecclesiae
399 2962 611 3007 saeculis
632 2960 865 3020 explicite
884 2961 1009 3005 haec
1029 2960 1253 3017 quaestio
1272 2972 1366 3005 non
1387 2958 1688 3016 proponitur,
1711 2972 1805 3016 qua
1825 2972 1997 3016 nempe

129 3037 323 3084 ratione
359 3036 596 3082 solvenda
630 3036 729 3082 sint
763 3035 913 3081 dubia
948 3034 1007 3080 de
1043 3034 1343 3092 obligatione
1389 3032 1529 3090 legis,
1574 3032 1684 3078 ideo
1735 3046 1825 3078 nec
1867 3032 1998 3089 prin-

288 3203 318 3253 ¹)
352 3199 490 3244 Eccli.
526 3199 595 3254 15,
631 3200 699 3242 14.
736 3200 807 3243 15.

283 3274 319 3331 ²)
353 3275 407 3317 ln
439 3275 480 3317 4.
516 3273 624 3316 dist.
659 3272 730 3316 15.
762 3287 802 3328 q.
837 3274 878 3316 2.
913 3287 952 3316 a.
987 3272 1028 3314 4.
1064 3273 1122 3315 ad
1156 3272 1198 3315 2.

283 3348 317 3404 ³)
347 3349 394 3395 S.
430 3348 704 3404 Alpleonsus,
735 3347 1012 3391 Dissertatio
1046 3345 1517 3390 scholastico-moralis
1552 3357 1631 3399 pro
1656 3356 1740 3386 usu
1765 3343 1997 3386 moderato

101 3416 113 3421 “
133 3423 360 3480 opinionis
392 3422 639 3478 probabilis
670 3422 719 3465 in
753 3412 970 3466 concursu
1002 3421 1319 3477 probabilioris
1353 3435 1458 3465 ann.
1486 3419 1613 3464 1755.
1639 3431 1709 3472 ap.
1746 3416 1998 3460 Ballerinz'-

133 3498 363 3542 Palmieri
394 3497 424 3540 I.
459 3511 502 3552 p.
538 3496 636 3539 194.
