2269 3898
801 163 868 205 De
901 161 1096 216 peccatis
1129 159 1415 215 capitalibus.
1954 158 2039 199 329

176 298 263 341 sibi
297 289 489 352 placeat,
523 310 568 340 se
591 295 694 338 aliis
726 296 967 349 praeferat,
1003 294 1115 337 alios
1138 295 1413 346 contemnat,
1447 291 1760 334 excellentiam
1785 304 1911 334 suam
1937 290 2040 333 aliis

175 371 492 425 manifestare,
526 370 580 414 ab
613 371 677 412 eis
710 368 935 422 honorari,
967 367 1145 410 laudari
1178 374 1315 421 atque
1347 366 1411 409 eis
1443 365 1658 420 praeponi
1691 364 1859 419 cupiat.

326 461 374 514 2.
428 459 698 528 Superbia
754 457 1009 526 completa
1066 466 1146 507 est
1198 463 1486 524 peccatum
1548 473 1615 526 ex
1671 462 1781 504 toto
1837 471 2038 521 genere
2067 446 2075 525 J

175 568 272 601 suo
316 548 574 614 mortale3
631 547 1065 615 incompleta-est
1112 552 1396 613 peccatum
1441 561 1508 594 ex
1551 551 1659 594 toto
1701 559 1901 610 genere
1942 559 2037 591 suo
2063 560 2074 578 ¹
2201 575 2207 578 -
2253 573 2255 575 ν

175 637 405 689 veniale.

324 746 372 779 a.
417 723 689 793 Superbia
718 723 973 793 completa
1000 741 1063 773 ea
1090 730 1185 784 est,
1222 740 1330 790 qua
1366 722 1486 789 quis
1522 722 1596 770 ita
1626 718 1743 769 vult
1771 717 2037 768 excellere

172 816 407 890 aliisque
449 813 731 882 praeponi,
776 821 834 862 ut
868 812 1075 862 nemini
1106 810 1326 862 subesse
1357 809 1503 874 velit,
1535 828 1635 859 nec
1665 807 2037 876 superioribus

174 923 277 956 nec
327 904 433 972 ipsi
476 903 623 967 Deo3
680 901 802 952 talis
859 909 939 951 est
993 899 1250 969 superbia
1300 897 1521 951 diaboli.
1600 897 1754 947 Haec
1796 898 2039 947 continet

175 993 440 1045 directam
483 995 613 1058 (non
655 989 826 1041 solum
872 990 1199 1041 indirectam
1249 997 1300 1038 et
1341 986 1653 1052 virtualem)
1694 986 2036 1036 aversionem

174 1102 207 1134 a
238 1082 354 1132 Deo
386 1089 438 1132 et
465 1088 753 1150 propterea
779 1080 1019 1148 pertinet
1059 1079 1130 1130 ad
1163 1085 1388 1147 peccata
1415 1077 1660 1127 omnium
1690 1076 2035 1143 gravissima.

324 1171 366 1224 b.
410 1166 1276 1245 SuperbiadiucompleQNJ—e-ame—sgt,
1335 1186 1441 1236 qua
1484 1167 1607 1235 quis
1663 1171 1873 1215 retenta
1916 1161 2035 1213 sub-

172 1261 406 1312 iectione
448 1277 576 1327 erga
618 1259 800 1309 Deum
861 1265 914 1309 et
973 1258 1280 1326 superiores
1342 1275 1395 1307 se
1454 1256 1624 1324 pluris
1685 1255 1817 1305 facit
1872 1270 2036 1322 quam

175 1368 272 1418 par
313 1356 408 1413 est,
468 1356 520 1398 et
561 1365 723 1415 super
765 1346 899 1398 alios
940 1346 1208 1397 excellere
1250 1346 1416 1414 cupit,
1474 1363 1608 1413 quos
1650 1351 1708 1394 ut
1750 1343 2036 1393 inferiores

172 1438 408 1506 despicit
465 1444 629 1506 atque
691 1437 1007 1487 contemnit.
1087 1434 1357 1503 Superbia
1421 1433 1753 1502 incompleta
1819 1431 2035 1482 veniale

171 1535 460 1597 peccatum
503 1534 609 1576 est:
674 1543 801 1576 nam
863 1525 1208 1575 inordinatus
1264 1524 1539 1592 appetitus
1599 1524 1677 1573 rei
1738 1540 1805 1572 ex
1864 1540 1918 1571 se
1960 1522 2034 1571 in-

171 1616 476 1668 differentis
526 1614 759 1665 venialis
814 1624 908 1667 est.
989 1614 1090 1663 Per
1132 1614 1373 1663 accidens
1413 1620 1596 1662 autem
1636 1629 1806 1679 grave
1848 1629 2036 1679 pecca-

169 1712 286 1756 tum
345 1722 459 1754 esse
516 1711 709 1772 potest,
771 1705 813 1754 si
875 1703 1137 1753 nimirum
1198 1703 1493 1752 coniuncta
1554 1708 1634 1751 est
1694 1717 1816 1750 cum
1878 1700 2035 1767 gravi

171 1795 375 1845 iniuria
416 1792 665 1857 aliorum,
735 1791 823 1843 vel
884 1793 926 1843 si
987 1791 1202 1843 inducit
1261 1791 1329 1841 ad
1391 1789 1498 1840 alia
1559 1797 1784 1858 peccata
1843 1790 2036 1857 gravia

169 1882 579 1934 committenda.

322 1986 371 2039 3.
416 1984 686 2054 Superbia
741 2002 850 2035 non
903 1985 1175 2035 immerito
1226 1985 1451 2034 orn-nium
1495 1992 1830 2052 peccatoram
1870 1993 2036 2034 mater

171 2075 389 2141 dicitur,
454 2075 582 2143 quia
634 2074 980 2125 inordinatus
1036 2091 1189 2124 amor
1243 2074 1495 2141 propriae
1549 2071 1907 2123 excellentiae
1964 2072 2033 2123 ad

172 2163 448 2234 quaelibet
508 2170 735 2232 peccata
795 2181 1016 2213 movere
1076 2170 1277 2230 potest;
1342 2169 1467 2213 sunt
1529 2170 1709 2213 tamen
1761 2162 2034 2231 quaedam

171 2261 415 2323 peccata,
483 2271 622 2322 quae
681 2251 945 2320 peculiari
1006 2269 1167 2302 sensu
1227 2250 1517 2320 superbiae
1565 2250 1709 2302 filiae
1759 2251 2032 2317 dicuntur,

170 2353 441 2412 quatenus
475 2340 732 2410 superbia
774 2339 1171 2409 propemodum
1214 2339 1451 2390 naturali
1494 2341 1817 2391 necessitate
1859 2340 1927 2391 ad
1972 2358 2033 2391 ea

168 2432 398 2483 inducit.
481 2430 621 2483 Sunt
656 2435 813 2495 haec,
856 2447 996 2499 quae
1038 2437 1372 2498 sequuntur:

318 2540 366 2572 α.
412 2520 754 2585 Praesumz‘c‘o,
806 2537 944 2587 quae
987 2525 1067 2570 est
1105 2519 1380 2588 appetitus
1421 2518 1779 2587 aggrediendi
1821 2514 2059 2588 aliquid?

169 2629 334 2678 supra
376 2610 536 2662 vires.
620 2609 771 2659 Haec
819 2627 916 2677 per
957 2627 1012 2659 se
1057 2607 1290 2659 venialis
1331 2615 1426 2670 est,
1480 2609 1584 2658 nisi
1628 2609 1749 2677 quis
1798 2627 1895 2677 per
1937 2611 2031 2659 im-

169 2700 424 2768 peritiam
466 2716 620 2748 suam
665 2717 719 2748 se
761 2706 1003 2766 exponat
1045 2697 1287 2766 periculo
1330 2698 1487 2765 gravi
1530 2698 1763 2748 iniuriae
1788 2699 1902 2750 Deo
1945 2698 2033 2750 vel

169 2789 420 2856 proximo
463 2786 798 2852 inferendae,
857 2795 914 2837 ut
954 2788 998 2837 si
1053 2789 1175 2856 quis
1228 2786 1433 2856 absque
1487 2786 1781 2839 sufficienti
1836 2790 2061 2857 peritia,

168 2877 323 2944 cupit
365 2893 620 2925 exercere
661 2893 861 2927 munus
902 2876 1146 2944 parochi,
1190 2875 1407 2942 medici,
1450 2875 1648 2926 iudicis
1690 2885 1788 2928 etc.

319 2964 362 3017 b.
408 2964 653 3030 Ambitio,
713 2982 853 3032 quae
895 2971 974 3015 est
1014 2964 1360 3015 inordinatus
1400 2966 1675 3033 appetitus
1718 2964 1939 3017 honoris
1981 2975 2034 3017 et

170 3053 456 3121 dignitatis
498 3071 607 3104 non
650 3051 885 3120 debitae,
940 3062 999 3104 ut
1040 3055 1084 3105 si
1127 3055 1248 3123 quis
1289 3052 1462 3104 ambit
1503 3053 1761 3121 officium,
1807 3073 1912 3124 quo
1955 3057 2029 3105 in-

171 3142 371 3211 dignus
431 3149 526 3194 est.
607 3142 950 3209 Dignitatem
1012 3150 1194 3193 autem
1262 3142 1348 3193 vel
1414 3142 1676 3194 honorem
1742 3143 1845 3195 sibi
1909 3163 2025 3195 con-

170 3231 484 3282 venientem
513 3248 634 3281 cum
664 3231 1037 3282 moderatione
1081 3239 1133 3282 et
1160 3249 1228 3282 ex
1270 3231 1411 3282 bono
1453 3230 1562 3283 fine
1604 3241 1878 3301 appetere,
1923 3251 2030 3283 non

168 3328 248 3370 est
287 3327 592 3388 peccatum,
635 3320 730 3371 sed
771 3327 925 3371 actus
965 3321 1434 3390 magnanimitatis.

318 3429 354 3460 c.
407 3408 558 3459 Vana
596 3408 786 3477 yloria,
844 3427 984 3478 quae
1026 3417 1106 3460 est
1152 3408 1495 3460 inordinatus
1544 3411 1819 3478 appetitus
1860 3411 2028 3460 mani-

169 3497 476 3549 festationis
520 3500 769 3567 propriae
812 3497 1168 3550 excellentiae
1222 3500 1338 3550 sive
1379 3517 1542 3550 verae
1596 3500 1712 3549 sive
1753 3497 1930 3570 fictae,
1971 3505 2029 3548 ut

2104 2547 2131 2555 i
