2269 3898
526 201 593 243 De
625 198 991 254 promulgatione
1024 205 1069 242 et
1103 199 1415 254 acceptatione
1447 199 1578 254 legis.
1903 200 1988 242 149

718 520 1064 614 Quaestio
1116 521 1396 603 quinta.

266 675 356 727 De
399 673 958 737 promulgatione
1002 673 1072 726 et
1115 672 1602 736 acceptatione
1644 673 1827 737 legis.

269 835 399 889 128.
441 834 959 901 Promulgationis
988 833 1157 887 notio
1186 834 1359 899 atque
1388 833 1738 886 necessitas.
1785 833 1829 884 1.
1862 833 1987 883 Pro-

111 925 366 994 mulqatio
424 923 683 974 definitur
739 931 967 974 externa
1022 922 1160 990 legis
1219 923 1517 992 propositio
1584 940 1616 972 a
1674 920 1986 989 legislatore

115 1013 452 1065 sollemniter
493 1013 638 1063 facta
680 1014 1079 1064 communitati.

266 1132 306 1160 α.
339 1115 654 1170 Promulgatio
687 1115 787 1158 fieri
822 1114 951 1158 debet
986 1129 1012 1157 a
1044 1114 1324 1170 leffl'slatorey
1358 1113 1464 1168 quia
1496 1114 1569 1156 lex
1603 1113 1753 1157 omnia
1777 1126 1840 1167 ea,
1874 1126 1987 1167 quae

108 1193 173 1236 ad
205 1192 351 1247 ipsam
385 1192 516 1246 plene
549 1183 917 1233 constituendam
950 1188 1258 1244 requiruntur,
1291 1188 1454 1232 habere
1488 1188 1621 1232 debet
1653 1201 1679 1231 a
1707 1187 1988 1243 legislatore.

114 1267 358 1310 Sollemnis
391 1279 468 1309 seu
501 1270 608 1308 actu
641 1264 819 1319 publico
852 1264 981 1307 1113311
1013 1263 1295 1318 legislatoris
1326 1265 1453 1306 facta
1482 1263 1605 1317 <voce
1637 1262 1884 1317 praeconis,
1925 1264 1989 1305 af-

113 1340 284 1383 fixione
316 1340 364 1382 in
396 1340 491 1382 1000
525 1340 738 1394 publico),
779 1353 864 1393 quo
908 1338 1105 1381 subditis
1138 1342 1258 1382 certo
1300 1341 1478 1381 constet
1509 1338 1656 1392 legem
1690 1336 1986 1392 promulgari.

266 1429 303 1471 b.
336 1429 652 1483 Promulgatio
685 1429 807 1483 legis
843 1428 1000 1471 differt
1033 1427 1089 1471 ab
1123 1427 1322 1471 eiusdem
1357 1427 1675 1482 dz'rnlffatione,
1720 1440 1820 1480 qua,
1864 1427 1990 1469 facta

108 1503 203 1546 iam
237 1503 618 1558 promulgatione,
650 1503 699 1545 in
736 1502 928 1546 diversis
962 1502 1072 1544 locis
1117 1502 1239 1545 inter
1276 1501 1481 1544 subditos
1517 1500 1809 1554 diffunditur,
1842 1504 1896 1542 ut
1928 1501 1987 1542 ad

112 1577 314 1620 omnium
348 1577 562 1620 notitiam
599 1577 825 1620 deveniat.
873 1577 1009 1620 Patet
1045 1576 1410 1631 divulgationem
1443 1576 1500 1620 ad
1534 1576 1733 1619 valorem
1768 1575 1888 1629 legis
1918 1587 1989 1617 ne-

106 1652 352 1695 cessariam
385 1666 474 1695 non
508 1665 616 1695 esse.
680 1651 851 1694 Differt
886 1651 1025 1694 etiam
1061 1665 1087 1694 a
1122 1651 1281 1693 notitia
1321 1664 1398 1694 seu
1422 1650 1681 1705 cognitione
1703 1649 1842 1704 legis:
1880 1662 1987 1693 nam

112 1726 283 1769 notitia
315 1726 430 1781 legis
462 1727 663 1770 nondum
697 1727 1015 1781 promulgatae
1060 1740 1150 1768 non
1183 1726 1364 1768 inducit
1398 1725 1745 1780 obligationem;
1793 1724 1987 1778 promul-

108 1801 299 1856 gatione
331 1805 485 1844 autem
518 1803 644 1845 facta
677 1802 751 1845 lex
786 1801 961 1856 obligat
996 1801 1059 1857 (in
1093 1807 1199 1844 actu
1233 1798 1398 1856 primo)
1433 1800 1573 1843 etiam
1608 1812 1696 1853 eos,
1730 1797 1805 1852 qui
1838 1798 1986 1852 legem

110 1876 260 1919 adhuc
282 1875 511 1931 ignorant.
567 1876 651 1929 Qui
677 1889 782 1931 ergo
805 1876 922 1931 legis
947 1877 1149 1919 nondum
1174 1876 1492 1931 promulgatae
1514 1874 1745 1930 privatam
1769 1872 1986 1916 notitiam

107 1950 260 2004 habet,
293 1964 382 1993 non
415 1955 584 2005 peccat,
619 1950 656 1993 si
691 1955 849 1994 contra
882 1951 1028 2006 legem
1064 1950 1186 2005 agit-3
1222 1950 1299 2004 qui
1335 1953 1487 1993 autem
1524 1952 1680 1992 contra
1712 1948 1858 2002 legem
1893 1946 1984 1990 iam

107 2025 448 2079 promulgatam
483 2025 597 2080 agit,
633 2025 936 2069 materialiter
969 2029 1138 2080 peccat,
1174 2025 1261 2068 etsi
1295 2038 1393 2068 eam
1426 2024 1621 2079 ignoret.

262 2115 310 2167 2.
354 2115 727 2185 Promulgatio
769 2117 1069 2167 necessaria
1110 2125 1202 2181 est,
1244 2123 1303 2166 ut
1343 2115 1434 2166 lex
1474 2113 1721 2165 obtineat
1749 2114 1863 2163 vim
1899 2110 1989 2163 ob-

111 2203 349 2272 ligandi:
404 2204 496 2255 lex
537 2206 683 2255 enim
735 2204 984 2256 subditos
1038 2203 1282 2274 obligare
1325 2204 1531 2273 nequit,
1574 2203 1680 2254 nisi
1722 2202 1854 2271 ipsis
1896 2219 1987 2252 vo-

111 2292 293 2344 luntas
319 2292 646 2360 legislatoris
676 2293 959 2361 obligandi
989 2293 1236 2346 subditos
1273 2295 1527 2345 intimata
1557 2292 1656 2354 sit3
1700 2291 1988 2342 intimatur

108 2391 292 2433 autem
348 2401 445 2451 per
492 2382 1022 2452 promulgationem3
1081 2402 1250 2453 quare
1297 2383 1387 2435 lex
1429 2390 1555 2433 ante
1596 2380 1987 2451 promulgatio-

111 2490 236 2525 nem
278 2490 388 2523 non
431 2472 655 2540 obligat.
830 2473 835 2477 ’

264 2574 349 2628 Qui
394 2576 633 2618 affirmant
681 2575 1094 2630 promulgationem
1148 2587 1238 2618 non
1293 2574 1436 2618 solum
1486 2574 1792 2617 condicionem
1842 2585 1986 2616 neces·

108 2648 277 2692 sariam
321 2650 378 2692 ad
410 2649 527 2704 legis
562 2649 888 2704 obligationem
920 2649 1238 2704 inducendam,
1283 2650 1361 2692 sed
1406 2649 1680 2692 elementum
1724 2646 1983 2690 constituti-

110 2737 219 2767 vum
251 2723 395 2778 ipsius
428 2723 543 2778 legis
576 2737 684 2778 esse,
727 2723 797 2767 ita
843 2709 1251 2779 argumentantur:
1295 2724 1369 2767 lex
1412 2722 1668 2766 formaliter
1715 2726 1786 2765 est
1826 2722 1987 2777 regula

109 2796 293 2852 publica
325 2811 499 2840 morum
533 2802 579 2840 et
600 2799 748 2841 fert-ur
769 2812 796 2842 a
818 2798 1021 2854 principe
1043 2803 1097 2842 ut
1120 2804 1189 2843 est
1211 2812 1401 2854 persona
1423 2797 1630 2853 publica;
1666 2797 1795 2852 atqui
1826 2798 1987 2853 regula

108 2884 191 2926 per
222 2871 576 2926 publicationem
612 2871 916 2916 constituitur
948 2872 1149 2928 publica;
1187 2886 1292 2928 ergo
1325 2873 1398 2916 lex
1422 2885 1500 2927 per
1522 2872 1876 2927 publicationem
1899 2873 1986 2916 for·

108 2945 296 2989 maliter
327 2945 626 2989 constituitur
658 2947 743 2990 lex.

265 3092 390 3147 129.
455 3095 970 3162 Promulgationis
1024 3096 1256 3150 modus.
1335 3096 1460 3148 Iure
1515 3104 1744 3148 naturae
1807 3097 1982 3166 requi-

110 3178 250 3232 ritur
279 3190 330 3233 et
358 3182 563 3234 sufficit
589 3182 679 3234 ille
712 3183 1161 3253 promulyationis
1184 3185 1384 3252 moduS,
1428 3204 1533 3255 quo
1565 3185 1771 3237 subditi
1806 3184 1986 3253 legem

114 3279 173 3321 ut
213 3290 244 3322 a
285 3272 536 3340 principe
588 3272 992 3341 promulgatam
1047 3292 1374 3342 cognoscere
1429 3277 1654 3344 possint.
1734 3274 1868 3326 Cum
1911 3274 1984 3326 ad

112 3359 262 3410 hunc
303 3359 468 3411 finem
511 3359 876 3413 obtinendum
934 3362 1085 3414 modi
1135 3371 1324 3415 extent
1379 3363 1601 3430 diversi⁷
1657 3363 1984 3432 legislatoris

110 3455 194 3499 est
234 3448 387 3500 illum
431 3449 646 3518 eligere,
691 3452 784 3520 qui
824 3451 928 3520 ipsi
970 3451 1041 3503 ad
1070 3451 1236 3504 finem
1277 3460 1438 3522 aptus
1466 3452 1743 3514 videatur3
1789 3452 1985 3504 modus

111 3544 296 3588 autem
338 3556 368 3588 a
410 3536 720 3605 legislatore
762 3538 966 3591 electus
1007 3540 1168 3609 plane
1211 3541 1488 3592 sufficiens
1539 3542 1749 3593 censeri
1799 3541 1980 3594 debet.
