2269 3898
267 3303 281 3383 ,ἶ

212 3374 219 3388 s
275 3341 429 3426 9’(3111)ῑῆ
443 3354 576 3397 Clara
609 3352 769 3396 habita
800 3353 940 3396 etiam
975 3354 1193 3398 Bertham
1229 3357 1448 3399 afficeret.

276 3255 289 3273 d*

276 3274 282 3294 »¹

282 3280 492 3347 fBe—r‘tha,
527 3292 718 3334 quacum
753 3280 978 3334 sponsalia
1017 3287 1320 3324 contraxerat.
1385 3283 1608 3326 Affinitas
1641 3290 1796 3325 autem
1831 3288 1931 3325 orta
1953 3264 2193 3336 erim

278 149 368 192 118
1016 145 1082 187 De
1115 142 1422 186 matrimonio.

213 343 216 345 ‚
283 284 499 347 initum,
556 282 648 349 qui
691 298 758 330 ex
801 277 1150 347 sponsalibus
1203 275 1291 327 vel
1344 294 1413 326 ex
1469 276 1818 326 matrimonio
1873 282 1990 326 rato
2034 275 2166 326 facti

285 379 411 423 sunt
453 368 844 438 quasi-affines,
889 366 1202 418 invalidum
1243 366 1327 418 sit.

433 472 472 500 a.
507 456 892 511 Impedimentum
929 455 1135 510 publicae
1166 452 1424 497 honestatis
1457 466 1512 496 ex
1546 452 1718 507 duplici
1752 453 1902 508 capite
1935 454 2096 508 oritur,
2115 467 2171 497 ex

286 531 571 588 sponsalibus
606 531 659 574 de
692 532 848 573 futuro
882 537 927 572 et
961 543 1015 573 ex
1064 528 1351 584 sponsalibus
1404 527 1458 570 de
1507 527 1736 582 praesenti
1787 541 1865 571 seu
1913 541 1968 572 ex
2015 528 2172 571 matri·

286 607 434 650 monio
467 611 583 648 rato.

435 681 472 722 h.
507 679 695 722 Publica
728 680 942 722 honestas
975 684 1044 722 est
1078 678 1296 733 quaedam
1323 678 1650 732 Jn’opinqm'tas
1682 690 1991 732 personarum,
2036 690 2170 730 quam

285 755 515 799 contrahit
547 754 600 808 is,
646 754 722 808 qui
757 753 986 808 sponsalia
1029 754 1101 796 vel
1142 751 1488 795 matrimonium
1528 751 1633 806 init,
1675 765 1774 794 cum
1823 751 2174 806 consanguineis

284 829 410 873 illius
463 841 692 884 personae,
760 841 950 882 quacum
1006 827 1236 882 sponsalia
1283 827 1354 870 vel
1403 826 1748 869 matrimonium
1791 826 1894 869 init.
1975 826 2174 869 Vocatur

287 903 678 959 quasi-affinitas:
727 903 1108 957 quemadmodum
1159 901 1278 945 enim
1328 915 1382 944 ex
1430 901 1605 956 copula,
1654 914 1769 955 quae
1813 907 1882 944 est
1915 900 2176 944 coniunctio

286 991 536 1033 corporum,
569 977 715 1020 oritur
747 990 854 1020 vera
886 977 1109 1031 affinitas,
1143 977 1212 1020 ita
1244 989 1298 1019 ex
1332 975 1618 1031 sponsalibus
1652 981 1698 1018 et
1731 975 2024 1018 matrimonio
2056 981 2174 1028 rato,

287 1066 400 1107 quae
432 1053 478 1094 vi
512 1051 662 1094 mutui
697 1063 939 1093 consensus
974 1056 1082 1093 sunt
1116 1051 1374 1094 coniunctio
1409 1051 1681 1105 animorum,
1716 1050 1861 1093 oritur
1905 1049 2176 1104 quasi-affi-

286 1127 409 1170 nitas
441 1126 563 1169 inter
596 1138 810 1180 sponsum
844 1124 916 1167 vel
951 1125 1191 1180 coniugem
1226 1133 1272 1169 et
1305 1125 1665 1180 consanguineos
1699 1124 1890 1168 alterius
1925 1124 2084 1179 partis.

438 1217 469 1245 e.
504 1201 892 1257 Impedimentum
927 1206 1118 1243 vocatur
1140 1201 1326 1256 publica
1361 1200 1593 1253 honestas,
1616 1199 1734 1254 >quia
1757 1212 1930 1242 morum
1962 1199 2178 1242 honestas

291 1276 454 1331 exigit,
487 1280 541 1319 ut
573 1276 695 1319 inter
729 1275 1042 1330 quasi—affines
1076 1275 1422 1318 matrimonium
1465 1288 1554 1318 non
1600 1274 1917 1317 contrahatur:
1965 1274 2178 1317 ecclesiae

289 1351 408 1394 enim
442 1351 735 1394 inhonestum
782 1350 1013 1405 apparuit,
1057 1350 1176 1404 quod
1218 1349 1565 1392 matrimonium
1609 1349 1805 1392 iniretur
1848 1363 1948 1392 cum
1993 1363 2176 1392 consan-

289 1426 458 1481 guinea
491 1425 601 1479 eim,
635 1439 826 1480 quacum
861 1425 1027 1480 aliquis
1061 1438 1141 1479 per
1173 1424 1403 1479 sponsalia
1437 1424 1491 1467 de
1531 1426 1690 1467 futuro
1734 1425 1805 1467 vel
1853 1424 1906 1467 de
1949 1423 2176 1479 praesenti

298 1500 659 1556 coniungebatur
693 1500 844 1543 animo
877 1505 921 1543 et
956 1501 1107 1543 factus
1141 1504 1210 1543 est
1244 1499 1563 1554 quasi-affinis.

442 1591 490 1643 2.
545 1590 1034 1660 Impedimentum,
1095 1608 1203 1659 qua
1259 1589 1366 1640 late
1424 1600 1590 1658 patet,
1651 1590 1785 1640 iuris
1841 1587 2182 1640 ecclesiastici

292 1690 388 1745 est,
448 1689 501 1731 et
555 1680 777 1750 quidem
836 1681 972 1731 iuris
1025 1678 1265 1749 publici3
1325 1698 1493 1749 quare
1554 1698 1678 1730 cum
1733 1678 1802 1730 ab
1859 1677 2181 1730 infidelibus

293 1770 399 1822 hoc
441 1770 903 1839 impedimentum
960 1787 1070 1821 non
1127 1769 1500 1835 contrahatur,
1562 1769 1749 1820 valida
1807 1776 1934 1819 sunt
1991 1786 2179 1820 eorum

295 1861 661 1923 matrimonia,
744 1877 884 1929 quae
960 1861 1223 1910 ineuntur
1291 1878 1415 1910 cum
1486 1860 1915 1926 consanguineis
1983 1859 2182 1928 prioris

294 1968 541 2019 sponsae.

446 2056 495 2106 3.
541 2054 662 2105 Hoc
705 2054 1170 2123 impedimentum
1205 2063 1520 2124 perpetuum
1562 2063 1642 2104 est
1683 2055 1715 2107 i.
1761 2072 1804 2105 e.
1849 2052 2016 2104 semel
2059 2071 2182 2104 con-

295 2152 532 2196 tractum
574 2162 684 2195 non
728 2153 918 2210 cessat,
963 2145 1062 2195 etsi
1106 2143 1384 2213 sponsalia
1427 2154 1615 2195 mutuo
1660 2161 1935 2196 consensu
1978 2153 2030 2194 et
2072 2162 2181 2194 ma-

299 2235 619 2285 trimonium
648 2241 830 2285 ratum
860 2235 1187 2285 auctoritate
1216 2233 1588 2285 ecclesiastica
1617 2235 1718 2284 rite
1746 2233 1922 2285 soluta
1964 2241 2179 2299 essent3

300 2343 469 2394 quare
511 2323 686 2375 solum
728 2342 826 2393 per
869 2324 1337 2393 dispensationem
1381 2323 1496 2375 tolli
1539 2331 1731 2393 potest.

447 2429 497 2481 -l,
528 2428 1000 2498 Impedimentum
1044 2429 1148 2481 hoc
1190 2443 1369 2481 ortum
1414 2448 1483 2480 ex
1519 2430 1870 2480 matrimonio
1913 2436 2029 2480 rato
2074 2446 2183 2479 non

300 2527 696 2585 consummato,
756 2520 872 2569 sive
916 2520 1331 2570 matrimonium
1393 2518 1643 2570 validum
1698 2519 1814 2569 sive
1872 2517 2184 2569 invalidum

300 2617 396 2675 est,
455 2626 564 2660 non
622 2608 793 2660 afficit
854 2627 1145 2677 personam
1208 2610 1696 2677 consanguineam,
1762 2627 2000 2678 quacum
2058 2617 2185 2659 ante

302 2700 716 2750 matrimonium
771 2698 1045 2767 sponsalia
1101 2707 1383 2750 contracta
1439 2698 1672 2764 fuerant,
1719 2717 1859 2768 quae
1901 2698 2086 2749 adhuc
2129 2699 2185 2748 in

303 2806 397 2838 suo
429 2789 617 2855 vigore
647 2797 900 2839 manent:
943 2807 1070 2838 nam
1099 2787 1562 2857 impedimentum
1595 2787 1853 2857 publicae
1884 2787 2188 2839 honestatis

305 2896 413 2928 non
467 2879 580 2945 agit
629 2886 769 2929 retro
828 2879 885 2928 in
945 2877 1350 2946 praeiudicium
1409 2877 1766 2947 sponsalium,
1827 2896 1968 2947 quae
2025 2888 2188 2929 antea

306 2965 487 3017 valide
530 2967 666 3016 inita
707 2967 991 3035 fuerantlji.

456 3054 499 3097 Si
534 3068 639 3109 ergo
683 3056 817 3098 Titus
862 3056 1093 3099 contrahit
1136 3057 1367 3111 sponsalia
1410 3071 1510 3100 cum
1555 3058 1727 3100 Bertha
1767 3062 1811 3101 et
1855 3061 2014 3112 postea
2062 3055 2190 3099 ducit

292 3123 500 3184 ⁵Claram,
535 3143 647 3184 quae
681 3144 780 3173 cum
814 3131 986 3174 Bertha
1019 3132 1067 3174 in
1111 3132 1249 3175 tertio
1295 3133 1714 3188 consanguinitatis
1757 3132 1904 3188 gradu
1949 3131 2192 3175 coniuncta

284 3210 391 3259 est,
425 3204 559 3247 Titus
593 3205 650 3246 fit
683 3204 986 3258 quasi-affinis
1021 3220 1121 3249 cum
1156 3206 1364 3250 omnibus
1411 3207 1762 3262 consanguineis
1804 3207 1961 3250 Clarae
2001 3210 2192 3261 excepta

466 3518 496 3570 1>
531 3517 574 3559 C.
612 3517 680 3559 Ex
715 3517 1001 3572 sponsalibus
1036 3531 1110 3561 un.
1146 3519 1218 3562 De
1252 3520 1543 3575 sponsalibus
1575 3521 1667 3573 QIV.
1706 3522 1746 3575 1>
1776 3520 1824 3563 in
1858 3521 1918 3563 60.
