2269 3898
298 136 385 178 218
1067 130 1211 173 Index
1244 143 1408 173 rerum.

416 282 571 324 perum
609 267 716 310 140:
752 278 865 321 quae
898 265 946 308 in
980 263 1315 319 supplicatione
1348 263 1645 318 exprimenda
1678 263 1773 306 sint
1807 263 1913 314 141;
1955 277 2064 306 num
2108 277 2187 306 va-

414 343 522 395 leat,
567 341 604 383 si
638 341 684 383 in
719 338 1055 395 supplicatione
1089 338 1151 380 sit
1184 351 1306 381 error
1340 338 1449 387 143;
1502 338 1682 392 quando
1716 337 1933 380 solvenda
1965 337 2028 380 sit
2071 342 2188 380 taxa

416 416 523 466 14·2;
559 415 607 458 in
639 416 788 458 forma
821 412 1145 467 commissoria,
1178 412 1227 455 in
1258 413 1407 455 forma
1439 410 1646 466 gratiosa
1678 424 1886 455 concessa
1919 412 2032 465 1443
2080 411 2186 466 quis

420 491 516 533 eius
550 493 762 532 executor
796 488 858 531 sit
894 486 1001 538 14¹5;
1038 487 1261 541 quomodo
1295 486 1572 540 exequenda,
1606 485 1644 529 si
1677 500 1704 529 a
1736 485 1931 529 Dataria
1973 486 2184 529 conceda-

413 570 491 607 tur
524 564 631 614 146;
667 564 705 607 si
738 577 765 606 a
798 562 1159 618 Poenitentiaria
1191 561 1465 605 concedatur
1496 561 1598 603 147.

294 638 559 683 Divortium:
595 638 743 693 quoad
775 637 996 680 vinculum
1029 650 1071 679 v.
1108 635 1366 681 Matrimonii
1402 635 1779 680 indissolubilitas.

326 739 378 743 -
416 713 564 768 quoad
595 713 948 755 habitationem:
981 711 1082 754 fieri
1116 716 1270 766 potest
1303 710 1357 754 ob
1391 710 1671 753 adulterium
1707 711 1815 761 173;
1859 709 1914 753 ob
1958 709 2181 753 haeresim

415 789 518 835 174:
555 787 609 831 ob
643 790 856 830 mutuum
891 800 1156 830 consensum
1202 785 1312 835 175;
1361 784 1414 828 ob
1459 785 1713 840 periculum
1758 784 1938 828 animae
1978 785 2051 828 vel
2092 797 2183 827 cor·

411 863 533 918 poris
569 863 678 905 176:
714 861 767 905 ob
801 861 1041 905 molestam
1074 860 1463 904 cohabitationem
1500 859 1608 910 1763
1659 866 1884 914 quatenus
1925 859 1983 902 ad
2014 858 2180 902 facien-

418 938 525 980 dum
562 937 813 980 divortium
847 936 1169 980 recurrendum
1204 935 1265 978 sit
1298 936 1355 978 ad
1388 934 1589 978 iudicem
1624 933 1982 977 ecclesiasticum
2016 934 2117 976 177.

324 1036 377 1041 —
414 1012 541 1055 civile
565 1025 580 1054 .·
612 1025 720 1054 num
754 1011 898 1055 iudici
922 1010 1199 1054 sententiam
1225 1010 1414 1053 divortii
1439 1009 1737 1065 pronuntiare
1759 1009 1896 1052 liceat
1923 1009 2036 1060 l78;
2070 1021 2180 1051 num

417 1085 687 1141 coniugibus
721 1089 874 1141 petere
907 1085 1044 1129 liceat
1078 1086 1188 1137 18ος
1223 1098 1333 1128 num
1367 1083 1605 1127 advocatis
1629 1097 1812 1127 causam
1837 1082 2022 1126 divortii
2046 1096 2187 1137 agere

409 1161 547 1204 liceat
582 1162 682 1204 181.

1190 1281 1287 1321 Η.

297 1369 674 1425 Hermaphroditi:
711 1369 787 1424 qui
823 1370 1050 1424 dicantur,
1083 1383 1191 1412 num
1227 1369 1574 1412 matrimonium
1597 1369 1728 1424 inire,
1753 1369 1933 1413 ordines
1956 1368 2189 1424 suscipere

415 1444 594 1500 possint
628 1445 699 1487 89.

1206 1551 1262 1592 Ι.

294 1639 602 1694 impedimenta
645 1640 957 1682 matrimonii:
1000 1639 1101 1694 quis
1147 1645 1351 1684 statuere
1396 1640 1542 1695 possit
1578 1641 1656 1692 233
1699 1654 1809 1684 num
1853 1640 2185 1684 consuetudine

409 1714 639 1757 introduci
684 1714 859 1769 possint
905 1714 983 1763 23;
1031 1728 1141 1769 quos
1187 1715 1394 1770 obligent
1440 1715 1518 1768 243
1563 1715 1878 1771 impedientia,
1915 1715 2184 1759 dirimentia

408 1790 488 1839 63;
532 1803 641 1832 num
686 1789 825 1832 liceat
867 1789 1213 1833 matrimonium
1258 1790 1374 1834 inire
1419 1804 1520 1834 cum
1566 1791 1896 1846 impedimento
1931 1790 2067 1834 dubio
2100 1789 2183 1842 64;

409 1878 519 1907 num
562 1868 737 1908 cessent
782 1864 837 1908 ob
880 1865 1206 1920 gravissimum
1239 1866 1577 1909 incommodum
1610 1867 1758 1920 (casus
1790 1866 2050 1921 perplexus)
2097 1865 2181 1914 65;

408 1939 605 1994 publica,
640 1940 818 1983 occulta
853 1940 958 1990 134;
995 1953 1110 1995 quae
1143 1940 1205 1983 sit
1234 1940 1462 1996 obligatio
1495 1954 1547 1985 ea
1579 1941 1813 1985 revelandi
1849 1942 1947 1984 152.

323 2040 374 2044 -
409 2014 733 2070 impedientia:
788 2020 899 2070 quot
948 2015 1043 2059 sint
1095 2015 1174 2058 63:
1243 2016 1626 2070 impedimentum
1682 2015 1947 2060 catechismi
2001 2023 2047 2060 et
2102 2016 2181 2060 cri-

407 2088 544 2132 minis
577 2089 646 2132 63.

320 2189 371 2192 ψ
407 2164 644 2207 Ecclesiae
677 2164 860 2207 vetitam
894 2164 964 2207 67.

322 2264 373 2268 *Δ
413 2239 602 2295 Tempus
635 2240 870 2283 clansam:
904 2239 1022 2294 quod
1057 2239 1133 2294 sit,
1167 2239 1277 2295 quid
1311 2241 1394 2284 hoc
1427 2249 1634 2296 tempore
1668 2241 1967 2297 prohibeatur
1999 2243 2068 2285 68.

320 2340 372 2343 ——
411 2314 653 2369 Sponsalia
687 2314 757 2358 69.

319 2415 371 2418 —
411 2389 588 2431 Votnm:
637 2402 752 2444 quae
784 2394 894 2433 vota
941 2390 1287 2434 matrimonium
1330 2391 1590 2447 impediant
1639 2393 1721 2438 70:
1772 2393 1891 2448 quod
1940 2399 2178 2448 peccatum

407 2464 688 2519 committat,
738 2464 813 2519 qui
864 2465 950 2508 tali
984 2472 1092 2509 voto
1125 2466 1301 2521 ligatus
1335 2467 1682 2510 matrimonium
1715 2468 1806 2511 init
1840 2468 1923 2519 70;
1967 2469 2026 2512 ad
2067 2467 2178 2523 quid

407 2543 621 2582 teneatur
656 2539 724 2581 71.

319 2639 371 2642 —
406 2614 558 2656 ,llixia
592 2615 782 2670 religyio:
832 2628 918 2670 quo
965 2616 1064 2659 iure
1097 2617 1443 2661 matrimonium
1486 2617 1713 2673 impediat
1762 2618 1847 2666 72:
1893 2620 1994 2674 quis
2035 2618 2084 2662 in
2126 2632 2180 2662 ea

406 2689 669 2744 dispensare
722 2690 869 2745 possit
921 2691 1000 2745 733
1073 2691 1155 2735 sub
1211 2692 1374 2747 quibus
1448 2693 1790 2737 condicionibus
1846 2694 1926 2748 73;
1996 2694 2178 2749 quando

409 2764 756 2808 matrimonium
791 2765 989 2808 mixtum
1023 2766 1204 2810 licitum
1239 2767 1302 2810 sit
1334 2767 1402 2810 74.

318 2864 371 2868 —
407 2839 701 2882 dirimentia:
736 2844 846 2894 quot
880 2841 974 2884 sint
1007 2842 1087 2894 63;
1123 2843 1346 2896 quomodo
1381 2843 1651 2887 dividantur
1684 2845 1754 2887 66.

317 2938 370 2943 —-
406 2914 584 2956 Error:
645 2913 993 2971 substantialis,
1057 2917 1354 2961 accidentalis
1411 2918 1493 2969 76;
1573 2919 1722 2974 qualis
1778 2919 1967 2963 dirimat
2021 2919 2177 2964 matri-

407 2989 611 3032 monium
648 2990 716 3031 77.

410 3063 644 3107 Condicio:
679 3065 788 3119 quid
823 3065 885 3109 sit
917 3070 964 3109 et
997 3073 1223 3120 quatenus
1259 3068 1448 3112 dirimat
1481 3070 1828 3114 matrimonium
1864 3071 1932 3113 78.

418 3138 490 3181 Vis
524 3142 568 3181 et
597 3142 769 3183 mettis:
804 3140 886 3183 sub
919 3141 1082 3196 quibus
1126 3143 1466 3187 condicionibus
1491 3144 1681 3189 dirimat
1713 3145 2058 3189 matrimonium
2095 3145 2174 3198 793

408 3226 517 3256 num
552 3213 691 3257 etiam
727 3219 878 3258 metus
910 3218 1226 3261 reverentialis
1263 3219 1329 3261 79.

406 3287 611 3344 Raptus:
645 3289 754 3344 quid
789 3290 851 3333 sit
884 3291 969 3343 813
1005 3299 1230 3347 quatenus
1265 3294 1453 3338 dirimat
1490 3295 1836 3339 matrimonium
1870 3296 1940 3338 82.

406 3364 579 3406 Aetas:
613 3377 728 3418 quae
761 3365 818 3408 ad
851 3366 1058 3410 validum
1093 3369 1438 3413 matrimonium
1475 3370 1736 3425 requiratur
1768 3371 1826 3414 83
1859 3384 1916 3414 ss.

405 3437 704 3493 Impotentia:
763 3439 873 3494 quid
929 3441 991 3483 sit
1044 3442 1125 3493 85;
1176 3446 1427 3500 quotuplex
1472 3446 1533 3489 sit
1581 3447 1659 3499 86;
1710 3450 1934 3501 quatenus
1984 3445 2175 3490 dirimat

406 3513 751 3557 matrimonium
788 3516 867 3565 87;
905 3516 959 3559 de
992 3517 1286 3562 matrimonio
1319 3533 1420 3563 cum
1454 3519 1702 3576 impotenti
1734 3520 1852 3565 inito
1886 3522 1955 3565 88.

315 3087 371 3092 ἱ

317 3161 368 3167 l

319 3311 368 3317 Ι

316 3386 370 3391 Ι

316 3461 369 3465 Ι
