2269 3898
747 173 814 215 De
846 172 1080 227 gravitate
1113 177 1411 227 peecatorum.
1924 174 2006 217 315

142 307 555 358 incommodum
595 323 726 356 vero
769 324 880 356 non
921 306 997 356 ita
1038 324 1208 373 grave
1264 305 1453 356 saltem
1508 325 1539 356 a
1580 306 1795 357 mortali
1849 325 2007 357 exeu-

140 413 260 446 sare
299 402 478 463 potest
518 401 571 444 et
610 395 1098 461 transgressionem
1141 395 1422 444 constituit
1462 394 1754 450 venialem.

288 498 338 548 3.
380 497 467 547 Ex
508 496 826 547 conscientia
866 513 1100 557 erronea,
1162 514 1303 564 quae
1357 497 1758 549 invincibiliter
1798 499 2009 550 iudicat

140 584 353 654 aliquid
395 584 609 636 veniale
651 592 940 653 peecatum
1001 601 1132 649 esse,
1190 584 1337 653 quod
1390 587 1571 653 reipsa
1625 588 1852 639 mortale
1894 596 2004 639 est:

142 674 284 724 sieut
324 674 471 724 enim
515 673 852 724 conscientia
893 671 1295 722 invincibiliter
1325 691 1551 725 erronea
1593 675 1661 725 ab
1705 679 1854 727 omni
1883 695 2006 745 pee-

140 770 278 827 cato‚
321 763 397 812 ita
438 762 602 812 etiam
645 781 677 812 a
716 763 874 829 gravi
917 770 1142 830 peceato
1186 771 1428 812 excusat.

287 867 338 917 4.
382 867 467 916 Eoe
497 867 771 935 parvitate
799 868 1083 917 materiae:
1125 865 1221 916 ubi
1251 868 1513 918 nimirum
1542 876 1895 936 praeceptum
1939 887 2007 919 ex

139 972 195 1005 se
237 972 407 1022 grave
450 955 508 1005 in
548 973 605 1005 re
646 954 756 1005 levi
798 963 1012 1005 tantum
1055 953 1310 1020 violatur,
1353 964 1640 1023 peecatum
1683 974 1792 1007 non
1834 964 2011 1026 potest

140 1061 256 1094 esse
296 1062 483 1112 grave,
528 1044 674 1113 quod
718 1045 1025 1095 necessario
1079 1045 1245 1094 etiam
1300 1046 1586 1096 materiam
1641 1063 1868 1113 gravem
1919 1063 2007 1113 po-

141 1131 321 1186 stulat.

286 1295 411 1349 5289.
471 1296 786 1349 Peccatum
842 1310 916 1348 ex
971 1310 1187 1361 genere
1243 1310 1350 1348 suo
1402 1295 1528 1347 leve
1585 1296 1646 1348 in
1695 1296 2006 1351 individuo

136 1384 270 1437 fieri
310 1388 509 1451 potest
552 1399 762 1451 grave:

291 1477 334 1526 1.
376 1475 605 1525 Ratione
661 1474 1011 1523 eonscientiae
1067 1491 1332 1538 erroneae,
1391 1491 1499 1541 qua
1555 1475 1676 1541 quis
1719 1482 2008 1541 peceatum

136 1561 259 1612 leve
299 1580 396 1631 pro
437 1564 595 1631 gravi
636 1562 834 1614 habet:
879 1570 994 1612 tum
1039 1562 1188 1611 enim
1229 1559 1401 1611 libere
1446 1564 1721 1612 consentit
1777 1563 1832 1613 in
1874 1581 2007 1628 rem,

137 1669 303 1721 quam
346 1658 404 1701 ut
443 1653 688 1719 graviter
739 1649 938 1701 malam
981 1649 1369 1719 apprehendit.
1449 1650 1581 1701 Ideo
1638 1652 1794 1719 pueri
1848 1669 2009 1702 omne

137 1740 489 1792 mendacium
532 1740 620 1790 vel
662 1739 871 1791 furtum
914 1741 1082 1791 etiam
1124 1741 1202 1790 rei
1247 1738 1387 1790 levis
1431 1757 1528 1808 pro
1584 1749 1810 1808 peceato
1852 1741 2009 1807 gravi

135 1827 403 1880 habentes
444 1847 553 1879 non
595 1848 716 1880 raro
760 1847 829 1879 ex
859 1831 1199 1880 conscientia
1227 1847 1456 1880 erronea
1484 1829 1731 1896 graviter
1762 1836 2008 1896 peceant.

289 1919 336 1968 2.
380 1919 612 1969 Ratione
637 1918 771 1986 finis
808 1920 1041 1987 yraviter
1082 1919 1238 1982 mali,·
1279 1920 1357 1969 sie
1397 1918 1603 1969 furtum
1645 1919 1721 1968 rei
1762 1917 1902 1969 levis
1943 1917 2015 1969 ad

138 2006 501 2058 homicidium
545 2008 1001 2059 committendum
1043 2016 1319 2077 patratum
1373 2026 1541 2076 grave
1586 2016 1874 2075 peecatum
1917 2015 2011 2072 est,

138 2114 248 2147 non
291 2096 515 2165 quidem
558 2097 626 2148 ob
681 2096 980 2148 laesionem
1023 2099 1078 2148 in
1121 2096 1284 2148 bonis
1325 2096 1594 2161 fortunae,
1655 2095 1750 2147 sed
1791 2105 2014 2165 propter

141 2187 503 2236 intentionem
545 2186 925 2237 committendi
967 2186 1365 2237 homicidium:
1410 2186 1655 2236 medium
1700 2187 1846 2236 enim
1890 2203 2007 2253 par-

138 2276 333 2343 ticipat
374 2274 641 2325 malitiam
683 2275 836 2338 finis3
880 2275 1005 2326 finis
1047 2285 1230 2326 autem
1272 2276 1517 2343 graviter
1558 2273 1733 2325 malus
1775 2283 1869 2325 est.

293 2362 378 2416 Qui
414 2376 468 2406 ex
501 2363 759 2406 intentione
792 2363 1023 2418 gradatim
1057 2363 1350 2418 perveniendi
1383 2364 1441 2406 ad
1486 2377 1670 2418 gravem
1706 2362 2013 2417 quantitatem

137 2437 346 2491 repetitis
380 2437 556 2480 vicibus
589 2438 815 2480 modicum
850 2437 958 2491 quid
989 2440 1186 2492 furatur,
1219 2439 1291 2481 vel
1325 2438 1400 2492 qui
1434 2451 1488 2480 ex
1521 2437 1776 2480 intentione
1809 2437 2013 2480 violandi

136 2511 357 2554 ieiunium
408 2512 586 2566 saepius
636 2512 862 2555 modicum
908 2511 1015 2566 quid
1061 2512 1278 2566 eomedit,
1331 2512 1525 2566 singulis
1574 2512 1750 2554 actibus
1810 2512 2015 2566 graviter

138 2590 316 2639 peccat:
350 2585 458 2628 finis
491 2586 610 2628 enim
642 2586 850 2629 intentus
898 2586 1102 2641 graviter
1150 2587 1296 2629 malus
1345 2590 1435 2636 est;
1486 2586 1636 2628 media
1684 2590 1852 2639 autem,
1902 2598 2014 2639 quae

138 2659 196 2702 ad
228 2660 366 2702 finem
400 2659 689 2714 adhibentur,
723 2660 1004 2714 participant
1055 2659 1278 2702 malitiam
1332 2659 1458 2707 finis:
1509 2672 1614 2713 ergo
1664 2659 1835 2714 singuli
1884 2664 2013 2702 actus

139 2746 325 2788 gravem
359 2733 585 2776 malitiam
618 2734 805 2783 habent3
861 2739 1069 2777 attamen
1103 2734 1275 2789 singuli
1324 2739 1452 2776 aetus
1500 2733 1678 2776 ratione
1725 2733 2012 2787 intentionis,

137 2822 164 2850 a
197 2821 285 2862 qua
316 2809 565 2862 procedunt
598 2812 644 2851 et
675 2808 999 2857 informantur,
1031 2809 1079 2851 in
1111 2809 1326 2851 moralem
1376 2808 1604 2851 unitatem
1653 2807 1936 2862 colliguntur
1967 2812 2011 2850 et

138 2881 372 2924 moraliter
402 2895 543 2924 unum
576 2887 809 2937 peecatum
845 2883 1147 2925 constituunt.

288 2970 334 3017 3.
378 2965 611 3016 Ratione
665 2963 915 3015 scandali
953 2966 1146 3032 mavis,
1193 2964 1343 3033 quod
1399 2983 1467 3014 ex
1521 2971 1748 3032 peceato
1807 2963 2011 3014 veniali

154 3055 420 3104 oriturum
462 3053 851 3122 praevidetur3
896 3055 975 3105 sie
1015 3053 1268 3105 levitates
1311 3051 1558 3103 veniales
1586 3051 1889 3103 sacerdotis
1931 3070 2011 3102 eo-

140 3160 257 3193 ram
287 3143 682 3208 saeeularibus,
725 3151 778 3193 et
800 3143 971 3194 verba
999 3142 1293 3194 venialiter
1323 3141 1467 3193 mala
1507 3150 1798 3211 parentum
1828 3159 2009 3192 eoram

137 3229 263 3282 filiis
304 3239 534 3299 possunt
573 3231 690 3282 fieri
731 3250 902 3300 grave
943 3240 1235 3300 peceatum
1278 3239 1501 3300 propter
1542 3230 1884 3282 scandalum.

287 3329 338 3379 4.
382 3329 611 3378 Ratione
652 3337 937 3379 contemtus
963 3328 1222 3398 formalis
1265 3330 1381 3379 sive
1422 3327 1559 3396 legis
1597 3328 1714 3378 sive
1742 3325 2010 3393 legislato-

137 3417 238 3468 ris:
300 3418 392 3485 qui
435 3417 582 3466 enim
623 3416 1025 3484 transgreditur
1080 3416 1257 3484 legem
1313 3435 1382 3467 ex
1435 3415 1651 3467 formali
1713 3421 2007 3479 contemtu,

139 3505 317 3572 ipsam
359 3513 684 3573 potestatem
724 3504 1092 3572 legislativam
1148 3507 1478 3571 contemnit3
1537 3507 1629 3574 qui
1683 3522 1812 3554 vero
1866 3503 2009 3554 hane
