2269 3898
918 1028 1146 1108 Liber
1203 1029 1546 1125 quintus

965 1209 1045 1273 Dc
1094 1208 1432 1273 Virtutibus
1447 1208 1506 1289 1).

900 1461 1238 1546 Quaestio
1288 1461 1558 1543 prima.

655 1629 757 1681 De
799 1627 1317 1681 virtutibus
1360 1628 1450 1679 in
1494 1638 1816 1691 genere.

946 1786 1242 1845 Articulus
1282 1787 1519 1860 primus.

857 1925 946 1963 De
978 1927 1230 1963 natura
1262 1924 1618 1964 virtutum.

443 2070 568 2126 2:29.
611 2071 920 2125 Definitio.
998 2074 1045 2123 1.
1088 2070 1267 2122 Virtus
1309 2072 1366 2121 in
1407 2089 1608 2139 genere
1651 2070 1913 2123 definitur
1954 2071 2183 2126 habitus

291 2163 615 2230 potentiam,
676 2162 764 2211 cui
822 2159 1090 2226 inhaeret,
1146 2161 1439 2229 perficiens
1490 2160 1560 2211 ad
1612 2159 1756 2211 bene
1812 2162 2178 2230 operandum.

443 2264 485 2293 a.
518 2250 699 2305 Duplex
732 2247 1060 2307 [distinguitur
1110 2249 1311 2304 habitus,
1358 2249 1682 2302 substantivus,
1730 2249 1806 2305 qui
1853 2249 2035 2294 animae
2082 2252 2179 2295 sub-

294 2325 496 2370 stantiae
527 2326 737 2369 inhaeret
779 2325 909 2380 eique
940 2339 1108 2368 novum
1143 2324 1321 2368 essendi
1355 2325 1538 2367 modum
1572 2324 1753 2378 tribuit,
1804 2324 2061 2368 cuiusmodi
2104 2329 2174 2369 est

293 2400 449 2455 gratia
470 2400 796 2451 sanctificans;
832 2406 878 2443 ct
911 2400 1185 2456 oper'ffatmzs
1219 2399 1295 2454 qui
1329 2399 1508 2441 animae
1540 2398 1762 2454 potentiis
1784 2398 1992 2442 inhaeret
2015 2412 2181 2454 easque

290 2475 348 2519 ad
380 2475 610 2531 agendum
652 2475 848 2530 peificit‚
883 2474 1138 2518 cuiusmodi
1173 2478 1243 2517 est
1277 2473 1441 2516 viltus.

443 2550 479 2594 b.
509 2549 670 2593 Virtus
705 2554 774 2593 est
806 2547 992 2593 habitus
1026 2548 1305 2604 operativus,
1340 2547 1415 2602 qui
1449 2547 1706 2603 potentiam
1732 2548 1789 2591 ad
1816 2547 2045 2602 agendum
2067 2561 2178 2603 per·

282 2625 393 2681 sicit.
459 2625 584 2668 Haec
615 2624 837 2680 perfectio
875 2630 1029 2667 autem
1066 2622 1261 2678 duplicis
1281 2621 1460 2677 generis
1485 2635 1580 2665 esse
1601 2625 1777 2677 potest:
1813 2626 1896 2665 aut
1920 2622 2176 2677 potentiam

289 2700 347 2742 ad
380 2699 690 2754 operationem
726 2713 854 2742 suam
893 2698 985 2742 iam
1021 2698 1294 2753 completam
1327 2697 1385 2740 ad
1425 2697 1654 2751 agendum
1697 2696 1923 2751 inclinat,
1969 2697 2080 2740 adeo
2121 2700 2178 2740 ut

441 2847 478 2903 1)
511 2848 558 2891 S.
597 2848 790 2891 Thomas
820 2849 856 2890 1.
891 2847 942 2890 II.
969 2861 1009 2902 q.
1031 2846 1221 2890 55---6L
1284 2846 1495 2898 Lessz'zzs,
1516 2846 1584 2889 De
1600 2845 1786 2889 iustitia
1808 2849 1854 2889 et
1877 2845 1979 2889 iure
1999 2845 2176 2890 ceteris·

289 2935 375 2977 que
396 2922 649 2966 virtutibus
673 2922 994 2966 cardinalibus.
1033 2923 1167 2978 ἆνερ.
1193 2921 1248 2964 de
1283 2921 1505 2974 Valentia)
1536 2920 1842 2966 Commentar.
1878 2920 2090 2963 scholast.
2113 2918 2174 2962 ΙΙ.

289 2996 404 3052 disp.
436 2997 473 3039 I.
509 3011 548 3050 q.
583 2997 624 3040 ἴ).
690 3000 743 3040 A.
782 2998 978 3049 Tanner,
1024 2996 1273 3051 Theologia
1322 2996 1533 3039 scholast.
1583 2994 1639 3039 II.
1691 2995 1806 3050 disp.
1859 2995 1900 3038 3.
1950 3009 1990 3049 q.
2041 2995 2067 3037 2
2115 3007 2172 3039 SS.

285 3071 537 3123 Mcteeella,
570 3071 638 3114 De
670 3071 923 3115 virtutibus
955 3071 1124 3114 infusis
1167 3071 1370 3124 (Romae.
1412 3070 1617 3114 Forzani.
1665 3069 1812 3124 1894).
1892 3069 2175 3126 Waffelaert,

286 3146 351 3190 De
383 3131 637 3190 virtutibus
673 3146 980 3189 cardinalibus
1012 3145 1444 3200 (Brugis.-Beyaert.
1488 3144 1632 3199 1889).
1702 3144 1945 3187 Tractatus
1989 3144 2043 3188 de
2085 3142 2172 3186 vir-

285 3221 466 3265 tutibus
498 3222 556 3265 ad
588 3219 721 3265 usum
759 3221 1005 3276 'seminarii
1037 3220 1376 3264 Mechliniensis
1420 3220 1725 3273 (Mechliniae.
1774 3218 1981 3262 Dessain.
2026 3217 2172 3271 1896).

286 3296 343 3342 Ε.
378 3296 565 3349 Μῑῑῖῖεν,
598 3296 848 3351 Theologia
880 3295 1088 3339 moralis⁷
1121 3294 1449 3351 <Vindobonae
1483 3295 1628 3349 Mayr.
1663 3293 1800 3348 1894)
1833 3292 1870 3335 Ι.
1906 3291 1947 3347 ἓ.
1985 3291 2072 3334 104
2113 3303 2172 3334 ss.

285 3370 502 3414 Hilarius
534 3384 562 3413 a
593 3370 782 3424 Sexten,
814 3370 1142 3425 Compendium
1176 3370 1435 3425 theologiae
1467 3383 1578 3415 mor.
1610 3369 1641 3412 I.
1677 3382 1712 3412 c.
1745 3368 1786 3413 4.
1851 3366 1890 3409 I.
1925 3367 1984 3409 B.
2004 3365 2171 3409 Scara-

287 3445 424 3497 melli,
468 3445 772 3489 Directorium
805 3444 1050 3488 asceticum
1094 3449 1127 3489 t.
1170 3444 1210 3487 3.
1286 3445 1354 3487 De
1393 3443 1647 3488 virtutibus
1689 3441 1846 3485 moral.
1910 3440 2171 3497 (Augustae

284 3519 460 3563 Vindel.
497 3519 645 3577 1770).
