<?xml version="1.0" encoding="UTF-8"?>
<!DOCTYPE html PUBLIC "-//W3C//DTD XHTML 1.0 Transitional//EN"
    "http://www.w3.org/TR/xhtml1/DTD/xhtml1-transitional.dtd">
<html xmlns="http://www.w3.org/1999/xhtml" xml:lang="en" lang="en">
 <head>
  <title>
</title>
<meta http-equiv="Content-Type" content="text/html;charset=utf-8" />
  <meta name='ocr-system' content='tesseract 3.04.00' />
  <meta name='ocr-capabilities' content='ocr_page ocr_carea ocr_par ocr_line ocrx_word'/>
</head>
<body>
  <div class='ocr_page' id='page_1' title='image "./summatheologiaem00nold_0468.png"; bbox 0 0 2269 3898; ppageno 0'>
   <div class='ocr_carea' id='block_1_1' title="bbox 258 158 1393 211">
    <p class='ocr_par' dir='ltr' id='par_1_1' title="bbox 258 158 1393 211">
     <span class='ocr_line' id='line_1_1' title="bbox 258 158 1393 211; baseline -0.011 0"><span class='ocrx_word' id='word_1_1' title='bbox 258 166 344 211; x_wconf 87' lang='lat'>100</span> <span class='ocrx_word' id='word_1_2' title='bbox 990 160 1056 202; x_wconf 90' lang='lat' dir='ltr'>De</span> <span class='ocrx_word' id='word_1_3' title='bbox 1088 158 1393 202; x_wconf 89' lang='lat' dir='ltr'>matrimonio.</span> 
     </span>
    </p>
   </div>
   <div class='ocr_carea' id='block_1_2' title="bbox 257 290 2134 497">
    <p class='ocr_par' dir='ltr' id='par_1_2' title="bbox 257 290 2134 497">
     <span class='ocr_line' id='line_1_2' title="bbox 409 290 2132 347; baseline -0.002 -8"><span class='ocrx_word' id='word_1_4' title='bbox 409 301 445 347; x_wconf 61' lang='grc'>,3.</span> <span class='ocrx_word' id='word_1_5' title='bbox 496 296 696 341; x_wconf 78' lang='lat' dir='ltr'>Ecclesia</span> <span class='ocrx_word' id='word_1_6' title='bbox 744 293 1094 337; x_wconf 78' lang='lat' dir='ltr'>declarationem</span> <span class='ocrx_word' id='word_1_7' title='bbox 1145 290 1479 335; x_wconf 76' lang='lat' dir='ltr'>benedictinam</span> <span class='ocrx_word' id='word_1_8' title='bbox 1533 305 1767 346; x_wconf 83' lang='lat' dir='ltr'>nunquam</span> <span class='ocrx_word' id='word_1_9' title='bbox 1817 291 2028 336; x_wconf 81' lang='lat' dir='ltr'>extendit</span> <span class='ocrx_word' id='word_1_10' title='bbox 2075 293 2132 335; x_wconf 88' lang='lat' dir='ltr'>ad</span> 
     </span>
     <span class='ocr_line' id='line_1_3' title="bbox 257 365 2132 426; baseline -0.005 -8"><span class='ocrx_word' id='word_1_11' title='bbox 257 377 352 418; x_wconf 87' lang='lat' dir='ltr'>loca</span> <span class='ocrx_word' id='word_1_12' title='bbox 381 374 430 416; x_wconf 91' lang='lat' dir='ltr'>in</span> <span class='ocrx_word' id='word_1_13' title='bbox 466 371 626 426; x_wconf 86' lang='lat' dir='ltr'>quibus</span> <span class='ocrx_word' id='word_1_14' title='bbox 661 373 779 412; x_wconf 87' lang='lat' dir='ltr'>certe</span> <span class='ocrx_word' id='word_1_15' title='bbox 812 368 1155 423; x_wconf 86' lang='lat' dir='ltr'>promulgatum</span> <span class='ocrx_word' id='word_1_16' title='bbox 1189 367 1343 409; x_wconf 64' lang='lat' dir='ltr'>&#39;iuerat</span> <span class='ocrx_word' id='word_1_17' title='bbox 1381 366 1610 409; x_wconf 89' lang='lat' dir='ltr'>decretum</span> <span class='ocrx_word' id='word_1_18' title='bbox 1633 365 1956 409; x_wconf 88' lang='lat' dir='ltr'>tridentinum.</span> <span class='ocrx_word' id='word_1_19' title='bbox 2003 367 2132 409; x_wconf 88' lang='lat' dir='ltr'>Elen-</span> 
     </span>
     <span class='ocr_line' id='line_1_4' title="bbox 257 439 2134 497; baseline -0.003 -9"><span class='ocrx_word' id='word_1_20' title='bbox 257 451 387 492; x_wconf 80' lang='lat' dir='ltr'>chum</span> <span class='ocrx_word' id='word_1_21' title='bbox 436 448 648 497; x_wconf 88' lang='lat' dir='ltr'>locorum,</span> <span class='ocrx_word' id='word_1_22' title='bbox 697 442 753 485; x_wconf 90' lang='lat' dir='ltr'>ad</span> <span class='ocrx_word' id='word_1_23' title='bbox 803 455 916 496; x_wconf 88' lang='lat' dir='ltr'>quae</span> <span class='ocrx_word' id='word_1_24' title='bbox 958 440 1203 484; x_wconf 77' lang='lat' dir='ltr'>declaratio</span> <span class='ocrx_word' id='word_1_25' title='bbox 1249 439 1539 483; x_wconf 87' lang='lat' dir='ltr'>benedictina</span> <span class='ocrx_word' id='word_1_26' title='bbox 1583 444 1770 493; x_wconf 78' lang='lat' dir='ltr'>extensa</span> <span class='ocrx_word' id='word_1_27' title='bbox 1818 446 1901 495; x_wconf 88' lang='lat' dir='ltr'>est,</span> <span class='ocrx_word' id='word_1_28' title='bbox 1951 440 2134 484; x_wconf 79' lang='lat' dir='ltr'>exhibet</span> 
     </span>
    </p>
   </div>
   <div class='ocr_carea' id='block_1_3' title="bbox 256 518 717 565">
    <p class='ocr_par' dir='ltr' id='par_1_3' title="bbox 256 518 717 565">
     <span class='ocr_line' id='line_1_5' title="bbox 256 518 717 565; baseline -0.013 0"><span class='ocrx_word' id='word_1_29' title='bbox 256 521 511 565; x_wconf 68' lang='lat' dir='ltr'>Lelemlmlzl</span> <span class='ocrx_word' id='word_1_30' title='bbox 540 533 583 563; x_wconf 92' lang='lat' dir='ltr'>n.</span> <span class='ocrx_word' id='word_1_31' title='bbox 620 518 717 560; x_wconf 68' lang='lat'>785.</span> 
     </span>
    </p>
   </div>
   <div class='ocr_carea' id='block_1_4' title="bbox 252 649 2132 1000">
    <p class='ocr_par' dir='ltr' id='par_1_4' title="bbox 252 649 2132 1000">
     <span class='ocr_line' id='line_1_6' title="bbox 951 649 1418 704; baseline 0.002 -11"><span class='ocrx_word' id='word_1_32' title='bbox 951 649 983 704; x_wconf 53' lang='grc' dir='ltr'><em>ἕ</em></span> <span class='ocrx_word' id='word_1_33' title='bbox 1017 652 1072 693; x_wconf 83' lang='grc'>9.</span> <span class='ocrx_word' id='word_1_34' title='bbox 1127 650 1418 703; x_wconf 72' lang='lat' dir='ltr'>Ooynatio.</span> 
     </span>
     <span class='ocr_line' id='line_1_7' title="bbox 410 745 2129 821; baseline -0.003 -18"><span class='ocrx_word' id='word_1_35' title='bbox 410 751 661 821; x_wconf 65' lang='lat' dir='ltr'>Coqnatio</span> <span class='ocrx_word' id='word_1_36' title='bbox 712 748 1015 816; x_wconf 79' lang='lat' dir='ltr'>generatim</span> <span class='ocrx_word' id='word_1_37' title='bbox 1068 755 1248 797; x_wconf 88' lang='lat' dir='ltr'>sumta</span> <span class='ocrx_word' id='word_1_38' title='bbox 1293 745 1553 796; x_wconf 89' lang='lat' dir='ltr'>definitur</span> <span class='ocrx_word' id='word_1_39' title='bbox 1593 748 1976 816; x_wconf 84' lang='lat' dir='ltr'>propinquitas</span> <span class='ocrx_word' id='word_1_40' title='bbox 2016 765 2129 815; x_wconf 88' lang='lat' dir='ltr'>per-</span> 
     </span>
     <span class='ocr_line' id='line_1_8' title="bbox 254 834 2132 905; baseline -0.005 -10"><span class='ocrx_word' id='word_1_41' title='bbox 254 860 512 894; x_wconf 86' lang='lat' dir='ltr'>sonarum</span> <span class='ocrx_word' id='word_1_42' title='bbox 555 858 626 892; x_wconf 81' lang='lat' dir='ltr'>ex</span> <span class='ocrx_word' id='word_1_43' title='bbox 667 838 1022 905; x_wconf 75' lang='lat' dir='ltr'>generatione</span> <span class='ocrx_word' id='word_1_44' title='bbox 1066 844 1198 887; x_wconf 87' lang='lat' dir='ltr'>orta.</span> <span class='ocrx_word' id='word_1_45' title='bbox 1254 834 1360 885; x_wconf 89' lang='lat' dir='ltr'>Pro</span> <span class='ocrx_word' id='word_1_46' title='bbox 1399 835 1719 886; x_wconf 88' lang='lat' dir='ltr'>diversitate</span> <span class='ocrx_word' id='word_1_47' title='bbox 1760 836 2132 904; x_wconf 79' lang='lat' dir='ltr'>generationis</span> 
     </span>
     <span class='ocr_line' id='line_1_9' title="bbox 252 924 2129 1000; baseline -0.004 -17"><span class='ocrx_word' id='word_1_48' title='bbox 252 930 453 1000; x_wconf 80' lang='lat' dir='ltr'>triplex</span> <span class='ocrx_word' id='word_1_49' title='bbox 496 929 854 995; x_wconf 80' lang='lat' dir='ltr'>distinguitur</span> <span class='ocrx_word' id='word_1_50' title='bbox 896 926 1179 992; x_wconf 80' lang='lat' dir='ltr'>cognatio:</span> <span class='ocrx_word' id='word_1_51' title='bbox 1223 924 1495 975; x_wconf 73' lang='lat' dir='ltr'>naturalis</span> <span class='ocrx_word' id='word_1_52' title='bbox 1532 943 1628 975; x_wconf 91' lang='lat' dir='ltr'>seu</span> <span class='ocrx_word' id='word_1_53' title='bbox 1658 926 2129 994; x_wconf 81' lang='lat' dir='ltr'>consanguinitas,</span> 
     </span>
    </p>
   </div>
   <div class='ocr_carea' id='block_1_5' title="bbox 251 1011 2129 1177">
    <p class='ocr_par' dir='ltr' id='par_1_5' title="bbox 251 1011 2129 1177">
     <span class='ocr_line' id='line_1_10' title="bbox 254 1011 2129 1090; baseline -0.003 -19"><span class='ocrx_word' id='word_1_54' title='bbox 254 1039 393 1090; x_wconf 89' lang='lat' dir='ltr'>quae</span> <span class='ocrx_word' id='word_1_55' title='bbox 435 1038 504 1070; x_wconf 82' lang='lat' dir='ltr'>ex</span> <span class='ocrx_word' id='word_1_56' title='bbox 544 1017 899 1086; x_wconf 84' lang='lat' dir='ltr'>generatione</span> <span class='ocrx_word' id='word_1_57' title='bbox 941 1013 1196 1078; x_wconf 87' lang='lat' dir='ltr'>naturali,</span> <span class='ocrx_word' id='word_1_58' title='bbox 1248 1011 1570 1083; x_wconf 70' lang='lat' dir='ltr'>spiritualis,</span> <span class='ocrx_word' id='word_1_59' title='bbox 1616 1033 1756 1083; x_wconf 90' lang='lat' dir='ltr'>quae</span> <span class='ocrx_word' id='word_1_60' title='bbox 1800 1033 1869 1065; x_wconf 84' lang='lat' dir='ltr'>ex</span> <span class='ocrx_word' id='word_1_61' title='bbox 1909 1032 2129 1083; x_wconf 90' lang='lat' dir='ltr'>regene-</span> 
     </span>
     <span class='ocr_line' id='line_1_11' title="bbox 251 1103 2129 1177; baseline -0.004 -16"><span class='ocrx_word' id='word_1_62' title='bbox 251 1111 461 1161; x_wconf 88' lang='lat' dir='ltr'>ratione</span> <span class='ocrx_word' id='word_1_63' title='bbox 503 1105 773 1177; x_wconf 88' lang='lat' dir='ltr'>spirituali</span> <span class='ocrx_word' id='word_1_64' title='bbox 817 1106 872 1155; x_wconf 89' lang='lat' dir='ltr'>in</span> <span class='ocrx_word' id='word_1_65' title='bbox 915 1105 1275 1155; x_wconf 81' lang='lat' dir='ltr'>sacramentis</span> <span class='ocrx_word' id='word_1_66' title='bbox 1305 1103 1566 1172; x_wconf 85' lang='lat' dir='ltr'>baptismi</span> <span class='ocrx_word' id='word_1_67' title='bbox 1597 1113 1650 1154; x_wconf 92' lang='lat' dir='ltr'>et</span> <span class='ocrx_word' id='word_1_68' title='bbox 1677 1104 2129 1169; x_wconf 87' lang='lat' dir='ltr'>confirmationis,</span> 
     </span>
    </p>
   </div>
   <div class='ocr_carea' id='block_1_6' title="bbox 252 1193 1587 1267">
    <p class='ocr_par' dir='ltr' id='par_1_6' title="bbox 252 1193 1587 1267">
     <span class='ocr_line' id='line_1_12' title="bbox 252 1193 1587 1267; baseline -0.004 -16"><span class='ocrx_word' id='word_1_69' title='bbox 252 1208 303 1251; x_wconf 90' lang='lat' dir='ltr'>et</span> <span class='ocrx_word' id='word_1_70' title='bbox 345 1198 544 1267; x_wconf 67' lang='lat' dir='ltr'>Zeqalis,</span> <span class='ocrx_word' id='word_1_71' title='bbox 589 1215 727 1266; x_wconf 86' lang='lat' dir='ltr'>quae</span> <span class='ocrx_word' id='word_1_72' title='bbox 771 1213 839 1246; x_wconf 82' lang='lat' dir='ltr'>ex</span> <span class='ocrx_word' id='word_1_73' title='bbox 880 1193 1016 1262; x_wconf 88' lang='lat' dir='ltr'>legis</span> <span class='ocrx_word' id='word_1_74' title='bbox 1058 1193 1356 1261; x_wconf 86' lang='lat' dir='ltr'>adoptione</span> <span class='ocrx_word' id='word_1_75' title='bbox 1400 1193 1587 1246; x_wconf 88' lang='lat' dir='ltr'>oritur.</span> 
     </span>
    </p>
   </div>
   <div class='ocr_carea' id='block_1_7' title="bbox 992 1357 1376 1412">
    <p class='ocr_par' dir='ltr' id='par_1_7' title="bbox 992 1357 1376 1412">
     <span class='ocr_line' id='line_1_13' title="bbox 992 1357 1376 1412; baseline -0.005 -9"><span class='ocrx_word' id='word_1_76' title='bbox 992 1357 1376 1412; x_wconf 70' lang='lat' dir='ltr'>Consanquinitas.</span> 
     </span>
    </p>
   </div>
   <div class='ocr_carea' id='block_1_8' title="bbox 253 1455 2129 1615">
    <p class='ocr_par' dir='ltr' id='par_1_8' title="bbox 253 1455 2129 1615">
     <span class='ocr_line' id='line_1_14' title="bbox 397 1455 2129 1525; baseline -0.004 -12"><span class='ocrx_word' id='word_1_77' title='bbox 397 1461 493 1513; x_wconf 78' lang='lat'>99.</span> <span class='ocrx_word' id='word_1_78' title='bbox 530 1459 753 1513; x_wconf 76' lang='lat' dir='ltr'>Natura</span> <span class='ocrx_word' id='word_1_79' title='bbox 786 1456 1224 1524; x_wconf 78' lang='lat' dir='ltr'>impedimenti.</span> <span class='ocrx_word' id='word_1_80' title='bbox 1268 1455 1739 1525; x_wconf 89' lang='lat' dir='ltr'>Impedimentum</span> <span class='ocrx_word' id='word_1_81' title='bbox 1764 1457 2129 1524; x_wconf 64' lang='lat' dir='ltr'>conscmquini-</span> 
     </span>
     <span class='ocr_line' id='line_1_15' title="bbox 253 1544 2127 1615; baseline -0.004 -11"><span class='ocrx_word' id='word_1_82' title='bbox 253 1555 379 1604; x_wconf 67' lang='lat' dir='ltr'>tatis</span> <span class='ocrx_word' id='word_1_83' title='bbox 408 1553 466 1602; x_wconf 88' lang='lat' dir='ltr'>in</span> <span class='ocrx_word' id='word_1_84' title='bbox 496 1568 559 1602; x_wconf 91' lang='lat' dir='ltr'>eo</span> <span class='ocrx_word' id='word_1_85' title='bbox 588 1548 852 1612; x_wconf 76' lang='lat' dir='ltr'>consistit,</span> <span class='ocrx_word' id='word_1_86' title='bbox 885 1546 1031 1615; x_wconf 90' lang='lat' dir='ltr'>quod</span> <span class='ocrx_word' id='word_1_87' title='bbox 1054 1563 1321 1614; x_wconf 86' lang='lat' dir='ltr'>personae</span> <span class='ocrx_word' id='word_1_88' title='bbox 1343 1546 1400 1595; x_wconf 91' lang='lat' dir='ltr'>in</span> <span class='ocrx_word' id='word_1_89' title='bbox 1425 1553 1570 1596; x_wconf 83' lang='lat' dir='ltr'>certo</span> <span class='ocrx_word' id='word_1_90' title='bbox 1596 1544 1780 1614; x_wconf 87' lang='lat' dir='ltr'>aliquo</span> <span class='ocrx_word' id='word_1_91' title='bbox 1804 1545 1981 1612; x_wconf 89' lang='lat' dir='ltr'>gradu</span> <span class='ocrx_word' id='word_1_92' title='bbox 2005 1563 2127 1596; x_wconf 88' lang='lat' dir='ltr'>con·</span> 
     </span>
    </p>
   </div>
   <div class='ocr_carea' id='block_1_9' title="bbox 247 1636 2130 2005">
    <p class='ocr_par' dir='ltr' id='par_1_9' title="bbox 251 1636 2125 1709">
     <span class='ocr_line' id='line_1_16' title="bbox 251 1636 2125 1709; baseline -0.003 -16"><span class='ocrx_word' id='word_1_93' title='bbox 251 1642 586 1709; x_wconf 84' lang='lat' dir='ltr'>sanguineae</span> <span class='ocrx_word' id='word_1_94' title='bbox 610 1636 857 1689; x_wconf 89' lang='lat' dir='ltr'>validum</span> <span class='ocrx_word' id='word_1_95' title='bbox 891 1636 1304 1686; x_wconf 84' lang='lat' dir='ltr'>matrimonium</span> <span class='ocrx_word' id='word_1_96' title='bbox 1334 1636 1474 1685; x_wconf 89' lang='lat' dir='ltr'>inter</span> <span class='ocrx_word' id='word_1_97' title='bbox 1504 1654 1559 1686; x_wconf 85' lang='lat' dir='ltr'>se</span> <span class='ocrx_word' id='word_1_98' title='bbox 1588 1636 1727 1685; x_wconf 91' lang='lat' dir='ltr'>inire</span> <span class='ocrx_word' id='word_1_99' title='bbox 1757 1653 1867 1685; x_wconf 92' lang='lat' dir='ltr'>non</span> <span class='ocrx_word' id='word_1_100' title='bbox 1897 1636 2125 1703; x_wconf 88' lang='lat' dir='ltr'>possint.</span> 
     </span>
    </p>

    <p class='ocr_par' dir='ltr' id='par_1_10' title="bbox 247 1724 2130 2005">
     <span class='ocr_line' id='line_1_17' title="bbox 399 1724 2130 1781; baseline -0.002 -10"><span class='ocrx_word' id='word_1_101' title='bbox 399 1744 439 1774; x_wconf 83' lang='grc' dir='ltr'>(ι.</span> <span class='ocrx_word' id='word_1_102' title='bbox 478 1726 859 1781; x_wconf 74' lang='lat' dir='ltr'>Consanfflzim&#39;tas</span> <span class='ocrx_word' id='word_1_103' title='bbox 891 1730 961 1767; x_wconf 88' lang='lat' dir='ltr'>est</span> <span class='ocrx_word' id='word_1_104' title='bbox 994 1724 1314 1779; x_wconf 86' lang='lat' dir='ltr'>propinquitas</span> <span class='ocrx_word' id='word_1_105' title='bbox 1360 1737 1653 1779; x_wconf 84' lang='lat' dir='ltr'>personarum</span> <span class='ocrx_word' id='word_1_106' title='bbox 1689 1738 1743 1767; x_wconf 81' lang='lat' dir='ltr'>ex</span> <span class='ocrx_word' id='word_1_107' title='bbox 1775 1724 1929 1767; x_wconf 90' lang='lat' dir='ltr'>eodem</span> <span class='ocrx_word' id='word_1_108' title='bbox 1966 1724 2130 1779; x_wconf 83' lang='lat' dir='ltr'>stipite</span> 
     </span>
     <span class='ocr_line' id='line_1_18' title="bbox 249 1799 2129 1861; baseline -0.003 -13"><span class='ocrx_word' id='word_1_109' title='bbox 249 1804 452 1861; x_wconf 76' lang='lat' dir='ltr'>proximo</span> <span class='ocrx_word' id='word_1_110' title='bbox 488 1816 564 1858; x_wconf 90' lang='lat' dir='ltr'>per</span> <span class='ocrx_word' id='word_1_111' title='bbox 596 1802 853 1845; x_wconf 88' lang='lat' dir='ltr'>naturalem</span> <span class='ocrx_word' id='word_1_112' title='bbox 895 1799 1235 1855; x_wconf 84' lang='lat' dir='ltr'>generationem</span> <span class='ocrx_word' id='word_1_113' title='bbox 1290 1799 1660 1842; x_wconf 89' lang='lat' dir='ltr'>descendentium</span> <span class='ocrx_word' id='word_1_114' title='bbox 1677 1817 1689 1858; x_wconf 71' lang='grc' dir='ltr'>ιι</span> <span class='ocrx_word' id='word_1_115' title='bbox 1731 1799 1876 1841; x_wconf 88' lang='lat' dir='ltr'>oritur</span> <span class='ocrx_word' id='word_1_116' title='bbox 1923 1812 2030 1853; x_wconf 85' lang='lat' dir='ltr'>ergo</span> <span class='ocrx_word' id='word_1_117' title='bbox 2074 1813 2129 1842; x_wconf 76' lang='lat' dir='ltr'>ex</span> 
     </span>
     <span class='ocr_line' id='line_1_19' title="bbox 248 1874 2127 1934; baseline -0.002 -13"><span class='ocrx_word' id='word_1_118' title='bbox 248 1877 602 1934; x_wconf 82' lang='lat' dir='ltr'>participatione</span> <span class='ocrx_word' id='word_1_119' title='bbox 638 1876 838 1919; x_wconf 88' lang='lat' dir='ltr'>eiusdem</span> <span class='ocrx_word' id='word_1_120' title='bbox 874 1874 1126 1929; x_wconf 81' lang='lat' dir='ltr'>sanguinis.</span> <span class='ocrx_word' id='word_1_121' title='bbox 1192 1874 1376 1917; x_wconf 88' lang='lat' dir='ltr'>Dicitur</span> <span class='ocrx_word' id='word_1_122' title='bbox 1397 1875 1643 1930; x_wconf 68' lang='lat' dir='ltr'>proximo:</span> <span class='ocrx_word' id='word_1_123' title='bbox 1693 1874 1769 1928; x_wconf 88' lang='lat' dir='ltr'>qui</span> <span class='ocrx_word' id='word_1_124' title='bbox 1803 1874 1921 1917; x_wconf 90' lang='lat' dir='ltr'>enim</span> <span class='ocrx_word' id='word_1_125' title='bbox 1957 1888 1984 1917; x_wconf 90' lang='lat' dir='ltr'>a</span> <span class='ocrx_word' id='word_1_126' title='bbox 2016 1888 2127 1918; x_wconf 92' lang='lat' dir='ltr'>com-</span> 
     </span>
     <span class='ocr_line' id='line_1_20' title="bbox 247 1949 2127 2005; baseline -0.002 -9"><span class='ocrx_word' id='word_1_127' title='bbox 247 1953 372 1996; x_wconf 88' lang='lat' dir='ltr'>muni</span> <span class='ocrx_word' id='word_1_128' title='bbox 423 1959 594 1995; x_wconf 87' lang='lat' dir='ltr'>remoto</span> <span class='ocrx_word' id='word_1_129' title='bbox 645 1950 806 2005; x_wconf 86' lang='lat' dir='ltr'>stipite</span> <span class='ocrx_word' id='word_1_130' title='bbox 852 1950 993 2002; x_wconf 70' lang='lat' dir='ltr'>&lt;ultra</span> <span class='ocrx_word' id='word_1_131' title='bbox 1034 1956 1244 2003; x_wconf 83' lang='lat' dir='ltr'>quartam</span> <span class='ocrx_word' id='word_1_132' title='bbox 1279 1949 1641 2003; x_wconf 64' lang='lat' dir='ltr'>generationem)</span> <span class='ocrx_word' id='word_1_133' title='bbox 1692 1949 1988 2004; x_wconf 87' lang='lat' dir='ltr'>descendunt,</span> <span class='ocrx_word' id='word_1_134' title='bbox 2037 1964 2127 1993; x_wconf 90' lang='lat' dir='ltr'>non</span> 
     </span>
    </p>
   </div>
   <div class='ocr_carea' id='block_1_10' title="bbox 245 2024 2128 2603">
    <p class='ocr_par' dir='ltr' id='par_1_11' title="bbox 247 2024 2128 2529">
     <span class='ocr_line' id='line_1_21' title="bbox 247 2024 1178 2081; baseline -0.006 -10"><span class='ocrx_word' id='word_1_135' title='bbox 247 2029 391 2072; x_wconf 87' lang='lat' dir='ltr'>solent</span> <span class='ocrx_word' id='word_1_136' title='bbox 426 2026 623 2081; x_wconf 86' lang='lat' dir='ltr'>amplius</span> <span class='ocrx_word' id='word_1_137' title='bbox 655 2024 806 2068; x_wconf 85' lang='lat' dir='ltr'>vocari</span> <span class='ocrx_word' id='word_1_138' title='bbox 841 2024 1178 2078; x_wconf 86' lang='lat' dir='ltr'>consanguinei.</span> 
     </span>
     <span class='ocr_line' id='line_1_22' title="bbox 396 2097 2128 2155; baseline -0.002 -11"><span class='ocrx_word' id='word_1_139' title='bbox 396 2103 433 2144; x_wconf 64' lang='lat' dir='ltr'>lt.</span> <span class='ocrx_word' id='word_1_140' title='bbox 467 2099 853 2155; x_wconf 86' lang='lat' dir='ltr'>Consanguinitas</span> <span class='ocrx_word' id='word_1_141' title='bbox 887 2106 978 2142; x_wconf 87' lang='lat' dir='ltr'>est:</span> <span class='ocrx_word' id='word_1_142' title='bbox 1016 2113 1056 2141; x_wconf 86' lang='grc' dir='ltr'>α.</span> <span class='ocrx_word' id='word_1_143' title='bbox 1091 2099 1309 2154; x_wconf 64' lang='lat' dir='ltr'>leffitinm,</span> <span class='ocrx_word' id='word_1_144' title='bbox 1344 2097 1380 2140; x_wconf 86' lang='lat' dir='ltr'>si</span> <span class='ocrx_word' id='word_1_145' title='bbox 1415 2111 1468 2140; x_wconf 84' lang='lat' dir='ltr'>ex</span> <span class='ocrx_word' id='word_1_146' title='bbox 1503 2098 1796 2141; x_wconf 89' lang='lat' dir='ltr'>matrimonio</span> <span class='ocrx_word' id='word_1_147' title='bbox 1819 2098 2045 2153; x_wconf 90' lang='lat' dir='ltr'>legitim0‚</span> <span class='ocrx_word' id='word_1_148' title='bbox 2080 2105 2128 2141; x_wconf 89' lang='lat' dir='ltr'>et</span> 
     </span>
     <span class='ocr_line' id='line_1_23' title="bbox 247 2171 2125 2232; baseline -0.003 -12"><span class='ocrx_word' id='word_1_149' title='bbox 247 2187 313 2221; x_wconf 83' lang='lat' dir='ltr'>est</span> <span class='ocrx_word' id='word_1_150' title='bbox 348 2177 597 2232; x_wconf 70' lang='lat' dir='ltr'>illessitima,</span> <span class='ocrx_word' id='word_1_151' title='bbox 633 2175 669 2217; x_wconf 92' lang='lat' dir='ltr'>si</span> <span class='ocrx_word' id='word_1_152' title='bbox 704 2188 757 2217; x_wconf 73' lang='lat' dir='ltr'>ex</span> <span class='ocrx_word' id='word_1_153' title='bbox 790 2173 1023 2216; x_wconf 88' lang='lat' dir='ltr'>natalibus</span> <span class='ocrx_word' id='word_1_154' title='bbox 1056 2173 1318 2227; x_wconf 81' lang='lat' dir='ltr'>illegitimis</span> <span class='ocrx_word' id='word_1_155' title='bbox 1353 2172 1522 2221; x_wconf 88' lang='lat' dir='ltr'>oritur;</span> <span class='ocrx_word' id='word_1_156' title='bbox 1569 2180 1638 2215; x_wconf 89' lang='lat' dir='ltr'>est</span> <span class='ocrx_word' id='word_1_157' title='bbox 1675 2173 1712 2220; x_wconf 73' lang='grc'>,3.</span> <span class='ocrx_word' id='word_1_158' title='bbox 1746 2172 1954 2227; x_wconf 70' lang='lat' dir='ltr'>simplex,</span> <span class='ocrx_word' id='word_1_159' title='bbox 1999 2171 2037 2215; x_wconf 90' lang='lat' dir='ltr'>si</span> <span class='ocrx_word' id='word_1_160' title='bbox 2070 2185 2125 2215; x_wconf 81' lang='lat' dir='ltr'>ex</span> 
     </span>
     <span class='ocr_line' id='line_1_24' title="bbox 247 2246 2125 2304; baseline -0.004 -9"><span class='ocrx_word' id='word_1_161' title='bbox 247 2267 333 2295; x_wconf 87' lang='lat' dir='ltr'>uno</span> <span class='ocrx_word' id='word_1_162' title='bbox 357 2258 540 2294; x_wconf 90' lang='lat' dir='ltr'>tantum</span> <span class='ocrx_word' id='word_1_163' title='bbox 573 2252 715 2303; x_wconf 70' lang='lat' dir='ltr'>fonte,</span> <span class='ocrx_word' id='word_1_164' title='bbox 750 2254 795 2291; x_wconf 86' lang='lat' dir='ltr'>et</span> <span class='ocrx_word' id='word_1_165' title='bbox 817 2248 1069 2304; x_wconf 58' lang='lat' dir='ltr'>multiplea:</span> <span class='ocrx_word' id='word_1_166' title='bbox 1103 2248 1139 2290; x_wconf 91' lang='lat' dir='ltr'>si</span> <span class='ocrx_word' id='word_1_167' title='bbox 1172 2261 1226 2290; x_wconf 78' lang='lat' dir='ltr'>ex</span> <span class='ocrx_word' id='word_1_168' title='bbox 1250 2247 1421 2302; x_wconf 89' lang='lat' dir='ltr'>duplici</span> <span class='ocrx_word' id='word_1_169' title='bbox 1445 2248 1517 2290; x_wconf 72' lang='lat' dir='ltr'>vel</span> <span class='ocrx_word' id='word_1_170' title='bbox 1541 2246 1789 2302; x_wconf 88' lang='lat' dir='ltr'>multiplici</span> <span class='ocrx_word' id='word_1_171' title='bbox 1811 2248 1941 2289; x_wconf 68' lang='lat' dir='ltr'>tonte</span> <span class='ocrx_word' id='word_1_172' title='bbox 1965 2246 2125 2288; x_wconf 88' lang='lat' dir='ltr'>oritur.</span> 
     </span>
     <span class='ocr_line' id='line_1_25' title="bbox 282 2312 2125 2378; baseline -0.004 -9"><span class='ocrx_word' id='word_1_173' title='bbox 282 2312 285 2314; x_wconf 28' lang='lat'>¹</span> <span class='ocrx_word' id='word_1_174' title='bbox 395 2341 425 2369; x_wconf 73' lang='lat' dir='ltr'>c.</span> <span class='ocrx_word' id='word_1_175' title='bbox 460 2326 599 2368; x_wconf 85' lang='lat' dir='ltr'>Patet</span> <span class='ocrx_word' id='word_1_176' title='bbox 630 2323 1009 2378; x_wconf 87' lang='lat' dir='ltr'>impedimentum</span> <span class='ocrx_word' id='word_1_177' title='bbox 1045 2322 1328 2365; x_wconf 87' lang='lat' dir='ltr'>matrimonii</span> <span class='ocrx_word' id='word_1_178' title='bbox 1363 2335 1502 2376; x_wconf 85' lang='lat' dir='ltr'>aeque</span> <span class='ocrx_word' id='word_1_179' title='bbox 1535 2335 1589 2364; x_wconf 83' lang='lat' dir='ltr'>ex</span> <span class='ocrx_word' id='word_1_180' title='bbox 1633 2321 1846 2375; x_wconf 89' lang='lat' dir='ltr'>legitima</span> <span class='ocrx_word' id='word_1_181' title='bbox 1892 2325 2031 2374; x_wconf 83' lang='lat' dir='ltr'>atque</span> <span class='ocrx_word' id='word_1_182' title='bbox 2071 2333 2125 2363; x_wconf 84' lang='lat' dir='ltr'>ex</span> 
     </span>
     <span class='ocr_line' id='line_1_26' title="bbox 248 2396 2125 2456; baseline -0.004 -11"><span class='ocrx_word' id='word_1_183' title='bbox 248 2401 495 2456; x_wconf 83' lang='lat' dir='ltr'>illegitima</span> <span class='ocrx_word' id='word_1_184' title='bbox 528 2398 931 2453; x_wconf 88' lang='lat' dir='ltr'>consanguinitate</span> <span class='ocrx_word' id='word_1_185' title='bbox 964 2397 1084 2442; x_wconf 89' lang='lat' dir='ltr'>oriri.</span> <span class='ocrx_word' id='word_1_186' title='bbox 1129 2398 1266 2449; x_wconf 75' lang='lat' dir='ltr'>Porro</span> <span class='ocrx_word' id='word_1_187' title='bbox 1300 2398 1357 2440; x_wconf 89' lang='lat' dir='ltr'>ad</span> <span class='ocrx_word' id='word_1_188' title='bbox 1392 2396 1858 2451; x_wconf 64' lang='lat' dir='ltr'>consanguinitatem,</span> <span class='ocrx_word' id='word_1_189' title='bbox 1890 2408 2004 2449; x_wconf 86' lang='lat' dir='ltr'>quae</span> <span class='ocrx_word' id='word_1_190' title='bbox 2036 2408 2125 2437; x_wconf 89' lang='lat' dir='ltr'>ma-</span> 
     </span>
     <span class='ocr_line' id='line_1_27' title="bbox 249 2469 2126 2529; baseline -0.004 -10"><span class='ocrx_word' id='word_1_191' title='bbox 249 2476 452 2519; x_wconf 88' lang='lat' dir='ltr'>trimonii</span> <span class='ocrx_word' id='word_1_192' title='bbox 473 2474 852 2529; x_wconf 87' lang='lat' dir='ltr'>impedimentum</span> <span class='ocrx_word' id='word_1_193' title='bbox 877 2472 1137 2527; x_wconf 82' lang='lat' dir='ltr'>constituit,</span> <span class='ocrx_word' id='word_1_194' title='bbox 1169 2472 1286 2514; x_wconf 88' lang='lat' dir='ltr'>nihil</span> <span class='ocrx_word' id='word_1_195' title='bbox 1312 2474 1466 2526; x_wconf 81' lang='lat' dir='ltr'>refert,</span> <span class='ocrx_word' id='word_1_196' title='bbox 1499 2479 1654 2514; x_wconf 85' lang='lat' dir='ltr'>utrum</span> <span class='ocrx_word' id='word_1_197' title='bbox 1689 2477 1879 2524; x_wconf 89' lang='lat' dir='ltr'>uterque</span> <span class='ocrx_word' id='word_1_198' title='bbox 1912 2484 1970 2512; x_wconf 92' lang='lat' dir='ltr'>an</span> <span class='ocrx_word' id='word_1_199' title='bbox 1992 2469 2126 2512; x_wconf 88' lang='lat' dir='ltr'>alter-</span> 
     </span>
    </p>

    <p class='ocr_par' dir='ltr' id='par_1_12' title="bbox 245 2547 1152 2603">
     <span class='ocr_line' id='line_1_28' title="bbox 245 2547 1152 2603; baseline -0.003 -11"><span class='ocrx_word' id='word_1_200' title='bbox 245 2561 346 2594; x_wconf 82' lang='lat' dir='ltr'>uter</span> <span class='ocrx_word' id='word_1_201' title='bbox 378 2557 562 2593; x_wconf 87' lang='lat' dir='ltr'>tantum</span> <span class='ocrx_word' id='word_1_202' title='bbox 597 2561 758 2603; x_wconf 88' lang='lat' dir='ltr'>parens</span> <span class='ocrx_word' id='word_1_203' title='bbox 793 2548 854 2590; x_wconf 86' lang='lat' dir='ltr'>sit</span> <span class='ocrx_word' id='word_1_204' title='bbox 888 2547 1152 2590; x_wconf 88' lang='lat' dir='ltr'>communis.</span> 
     </span>
    </p>
   </div>
   <div class='ocr_carea' id='block_1_11' title="bbox 243 2681 2121 3198">
    <p class='ocr_par' dir='ltr' id='par_1_13' title="bbox 243 2681 2121 2933">
     <span class='ocr_line' id='line_1_29' title="bbox 393 2681 2121 2750; baseline -0.005 -12"><span class='ocrx_word' id='word_1_205' title='bbox 393 2684 524 2739; x_wconf 87' lang='grc'><strong>100.</strong></span> <span class='ocrx_word' id='word_1_206' title='bbox 575 2683 1049 2737; x_wconf 72' lang='lat' dir='ltr'>Declaratio&#39;ne&#39;s.</span> <span class='ocrx_word' id='word_1_207' title='bbox 1121 2681 1194 2732; x_wconf 86' lang='lat' dir='ltr'>Ut</span> <span class='ocrx_word' id='word_1_208' title='bbox 1235 2681 1694 2750; x_wconf 88' lang='lat' dir='ltr'>impedimentum</span> <span class='ocrx_word' id='word_1_209' title='bbox 1738 2681 2121 2750; x_wconf 88' lang='lat' dir='ltr'>consanguini-</span> 
     </span>
     <span class='ocr_line' id='line_1_30' title="bbox 243 2770 2119 2841; baseline -0.003 -15"><span class='ocrx_word' id='word_1_210' title='bbox 243 2776 370 2826; x_wconf 83' lang='lat' dir='ltr'>tatis</span> <span class='ocrx_word' id='word_1_211' title='bbox 410 2776 512 2825; x_wconf 89' lang='lat' dir='ltr'>rite</span> <span class='ocrx_word' id='word_1_212' title='bbox 555 2771 909 2841; x_wconf 86' lang='lat' dir='ltr'>intelligatur,</span> <span class='ocrx_word' id='word_1_213' title='bbox 952 2774 1057 2822; x_wconf 90' lang='lat' dir='ltr'>tria</span> <span class='ocrx_word' id='word_1_214' title='bbox 1100 2770 1434 2841; x_wconf 83' lang='lat' dir='ltr'>explicanda</span> <span class='ocrx_word' id='word_1_215' title='bbox 1476 2779 1629 2822; x_wconf 90' lang='lat' dir='ltr'>sunt:</span> <span class='ocrx_word' id='word_1_216' title='bbox 1675 2770 1808 2840; x_wconf 85' lang='lat' dir='ltr'>quid</span> <span class='ocrx_word' id='word_1_217' title='bbox 1838 2772 1908 2821; x_wconf 88' lang='lat' dir='ltr'>sit</span> <span class='ocrx_word' id='word_1_218' title='bbox 1936 2771 2119 2839; x_wconf 88' lang='lat' dir='ltr'>stipes,</span> 
     </span>
     <span class='ocr_line' id='line_1_31' title="bbox 246 2863 1017 2933; baseline 0.001 -19"><span class='ocrx_word' id='word_1_219' title='bbox 246 2864 376 2933; x_wconf 86' lang='lat' dir='ltr'>quid</span> <span class='ocrx_word' id='word_1_220' title='bbox 417 2864 579 2929; x_wconf 89' lang='lat' dir='ltr'>linea,</span> <span class='ocrx_word' id='word_1_221' title='bbox 625 2863 757 2933; x_wconf 88' lang='lat' dir='ltr'>quid</span> <span class='ocrx_word' id='word_1_222' title='bbox 799 2863 1017 2930; x_wconf 71' lang='lat' dir='ltr'>gradus</span> 
     </span>
    </p>

    <p class='ocr_par' dir='ltr' id='par_1_14' title="bbox 243 2948 2121 3198">
     <span class='ocr_line' id='line_1_32' title="bbox 394 2948 2117 3022; baseline -0.004 -17"><span class='ocrx_word' id='word_1_223' title='bbox 394 2955 441 3005; x_wconf 81' lang='grc'>1.</span> <span class='ocrx_word' id='word_1_224' title='bbox 487 2952 660 3022; x_wconf 71' lang='lat' dir='ltr'>Stipes</span> <span class='ocrx_word' id='word_1_225' title='bbox 700 2952 905 3003; x_wconf 84' lang='lat' dir='ltr'>dicitur</span> <span class='ocrx_word' id='word_1_226' title='bbox 945 2951 1037 3002; x_wconf 84' lang='lat' dir='ltr'>illa</span> <span class='ocrx_word' id='word_1_227' title='bbox 1074 2968 1323 3020; x_wconf 83' lang='lat' dir='ltr'>persona,</span> <span class='ocrx_word' id='word_1_228' title='bbox 1369 2969 1437 3001; x_wconf 79' lang='lat' dir='ltr'>ex</span> <span class='ocrx_word' id='word_1_229' title='bbox 1472 2968 1580 3019; x_wconf 91' lang='lat' dir='ltr'>qua</span> <span class='ocrx_word' id='word_1_230' title='bbox 1609 2948 1750 3000; x_wconf 89' lang='lat' dir='ltr'>aliae</span> <span class='ocrx_word' id='word_1_231' title='bbox 1782 2967 1876 3018; x_wconf 89' lang='lat' dir='ltr'>per</span> <span class='ocrx_word' id='word_1_232' title='bbox 1903 2956 2117 2999; x_wconf 88' lang='lat' dir='ltr'>natura-</span> 
     </span>
     <span class='ocr_line' id='line_1_33' title="bbox 244 3039 2121 3110; baseline -0.002 -17"><span class='ocrx_word' id='word_1_233' title='bbox 244 3043 351 3094; x_wconf 90' lang='lat' dir='ltr'>lem</span> <span class='ocrx_word' id='word_1_234' title='bbox 392 3044 805 3110; x_wconf 88' lang='lat' dir='ltr'>generationem</span> <span class='ocrx_word' id='word_1_235' title='bbox 849 3040 1211 3105; x_wconf 84' lang='lat' dir='ltr'>descendunt,</span> <span class='ocrx_word' id='word_1_236' title='bbox 1265 3047 1316 3090; x_wconf 91' lang='lat' dir='ltr'>et</span> <span class='ocrx_word' id='word_1_237' title='bbox 1364 3041 1420 3090; x_wconf 91' lang='lat' dir='ltr'>in</span> <span class='ocrx_word' id='word_1_238' title='bbox 1466 3059 1574 3109; x_wconf 89' lang='lat' dir='ltr'>qua</span> <span class='ocrx_word' id='word_1_239' title='bbox 1614 3047 1897 3108; x_wconf 85' lang='lat' dir='ltr'>tamquam</span> <span class='ocrx_word' id='word_1_240' title='bbox 1940 3039 2121 3107; x_wconf 86' lang='lat' dir='ltr'>prima</span> 
     </span>
     <span class='ocr_line' id='line_1_34' title="bbox 243 3128 2118 3198; baseline -0.003 -15"><span class='ocrx_word' id='word_1_241' title='bbox 243 3133 429 3183; x_wconf 88' lang='lat' dir='ltr'>radice</span> <span class='ocrx_word' id='word_1_242' title='bbox 497 3132 864 3197; x_wconf 74' lang='lat' dir='ltr'>conveniunt3</span> <span class='ocrx_word' id='word_1_243' title='bbox 927 3132 1005 3182; x_wconf 89' lang='lat' dir='ltr'>sic</span> <span class='ocrx_word' id='word_1_244' title='bbox 1066 3131 1260 3181; x_wconf 88' lang='lat' dir='ltr'>fratres</span> <span class='ocrx_word' id='word_1_245' title='bbox 1321 3131 1563 3198; x_wconf 89' lang='lat' dir='ltr'>stipitem</span> <span class='ocrx_word' id='word_1_246' title='bbox 1624 3128 1833 3180; x_wconf 86' lang='lat' dir='ltr'>habent</span> <span class='ocrx_word' id='word_1_247' title='bbox 1886 3136 2118 3198; x_wconf 87' lang='lat' dir='ltr'>patrem,</span> 
     </span>
    </p>
   </div>
   <div class='ocr_carea' id='block_1_12' title="bbox 243 3219 2119 3364">
    <p class='ocr_par' dir='ltr' id='par_1_15' title="bbox 243 3219 2119 3364">
     <span class='ocr_line' id='line_1_35' title="bbox 243 3219 1650 3289; baseline -0.001 -17"><span class='ocrx_word' id='word_1_248' title='bbox 243 3221 340 3272; x_wconf 81' lang='lat' dir='ltr'>filii</span> <span class='ocrx_word' id='word_1_249' title='bbox 383 3221 617 3271; x_wconf 90' lang='lat' dir='ltr'>duorum</span> <span class='ocrx_word' id='word_1_250' title='bbox 659 3220 887 3271; x_wconf 83' lang='lat' dir='ltr'>fratrum</span> <span class='ocrx_word' id='word_1_251' title='bbox 931 3222 1172 3289; x_wconf 87' lang='lat' dir='ltr'>stipitem</span> <span class='ocrx_word' id='word_1_252' title='bbox 1214 3219 1423 3270; x_wconf 88' lang='lat' dir='ltr'>habent</span> <span class='ocrx_word' id='word_1_253' title='bbox 1464 3237 1650 3270; x_wconf 84' lang='lat' dir='ltr'>avum.</span> 
     </span>
     <span class='ocr_line' id='line_1_36' title="bbox 392 3308 2119 3364; baseline -0.001 -12"><span class='ocrx_word' id='word_1_254' title='bbox 392 3325 431 3353; x_wconf 81' lang='lat' dir='ltr'>a.</span> <span class='ocrx_word' id='word_1_255' title='bbox 489 3310 727 3354; x_wconf 86' lang='lat' dir='ltr'>Ordinarie</span> <span class='ocrx_word' id='word_1_256' title='bbox 780 3323 1060 3353; x_wconf 89' lang='lat' dir='ltr'>communem</span> <span class='ocrx_word' id='word_1_257' title='bbox 1116 3309 1323 3364; x_wconf 85' lang='lat' dir='ltr'>stipitem</span> <span class='ocrx_word' id='word_1_258' title='bbox 1379 3308 1670 3351; x_wconf 83' lang='lat' dir='ltr'>constituunt</span> <span class='ocrx_word' id='word_1_259' title='bbox 1718 3308 1833 3350; x_wconf 90' lang='lat' dir='ltr'>duae</span> <span class='ocrx_word' id='word_1_260' title='bbox 1885 3320 2119 3362; x_wconf 87' lang='lat' dir='ltr'>personae,</span> 
     </span>
    </p>
   </div>
   <div class='ocr_carea' id='block_1_13' title="bbox 241 3382 2116 3515">
    <p class='ocr_par' dir='ltr' id='par_1_16' title="bbox 241 3382 2116 3515">
     <span class='ocr_line' id='line_1_37' title="bbox 241 3382 2116 3439; baseline -0.002 -11"><span class='ocrx_word' id='word_1_261' title='bbox 241 3385 413 3428; x_wconf 85' lang='lat' dir='ltr'>scilicet</span> <span class='ocrx_word' id='word_1_262' title='bbox 444 3389 676 3439; x_wconf 87' lang='lat' dir='ltr'>parentes;</span> <span class='ocrx_word' id='word_1_263' title='bbox 713 3385 788 3427; x_wconf 87' lang='lat' dir='ltr'>sed</span> <span class='ocrx_word' id='word_1_264' title='bbox 822 3384 921 3427; x_wconf 88' lang='lat' dir='ltr'>fieri</span> <span class='ocrx_word' id='word_1_265' title='bbox 956 3384 1094 3427; x_wconf 87' lang='lat' dir='ltr'>etiam</span> <span class='ocrx_word' id='word_1_266' title='bbox 1129 3388 1295 3439; x_wconf 87' lang='lat' dir='ltr'>potest,</span> <span class='ocrx_word' id='word_1_267' title='bbox 1328 3389 1382 3427; x_wconf 85' lang='lat' dir='ltr'>ut</span> <span class='ocrx_word' id='word_1_268' title='bbox 1413 3384 1545 3426; x_wconf 91' lang='lat' dir='ltr'>illum</span> <span class='ocrx_word' id='word_1_269' title='bbox 1590 3382 1845 3426; x_wconf 88' lang='lat' dir='ltr'>constituat</span> <span class='ocrx_word' id='word_1_270' title='bbox 1889 3395 1981 3425; x_wconf 86' lang='lat' dir='ltr'>una</span> <span class='ocrx_word' id='word_1_271' title='bbox 2023 3395 2116 3437; x_wconf 87' lang='lat' dir='ltr'>per-</span> 
     </span>
     <span class='ocr_line' id='line_1_38' title="bbox 242 3450 2116 3515; baseline -0.002 -13"><span class='ocrx_word' id='word_1_272' title='bbox 242 3473 349 3502; x_wconf 87' lang='lat' dir='ltr'>sona</span> <span class='ocrx_word' id='word_1_273' title='bbox 380 3459 491 3512; x_wconf 68' lang='lat' dir='ltr'>[sive</span> <span class='ocrx_word' id='word_1_274' title='bbox 522 3459 593 3502; x_wconf 76' lang='lat' dir='ltr'>vir</span> <span class='ocrx_word' id='word_1_275' title='bbox 626 3458 721 3501; x_wconf 85' lang='lat' dir='ltr'>sive</span> <span class='ocrx_word' id='word_1_276' title='bbox 754 3458 952 3515; x_wconf 88' lang='lat' dir='ltr'>mulier),</span> <span class='ocrx_word' id='word_1_277' title='bbox 987 3458 1023 3501; x_wconf 87' lang='lat' dir='ltr'>si</span> <span class='ocrx_word' id='word_1_278' title='bbox 1057 3459 1165 3501; x_wconf 86' lang='lat' dir='ltr'>haec</span> <span class='ocrx_word' id='word_1_279' title='bbox 1212 3472 1302 3501; x_wconf 91' lang='lat' dir='ltr'>non</span> <span class='ocrx_word' id='word_1_280' title='bbox 1357 3472 1456 3501; x_wconf 91' lang='lat' dir='ltr'>cum</span> <span class='ocrx_word' id='word_1_281' title='bbox 1506 3472 1598 3500; x_wconf 90' lang='lat' dir='ltr'>una</span> <span class='ocrx_word' id='word_1_282' title='bbox 1645 3458 1722 3501; x_wconf 89' lang='lat' dir='ltr'>sed</span> <span class='ocrx_word' id='word_1_283' title='bbox 1767 3450 1867 3500; x_wconf 73' lang='lat' dir='ltr'>c&#39;um</span> <span class='ocrx_word' id='word_1_284' title='bbox 1909 3456 2116 3511; x_wconf 87' lang='lat' dir='ltr'>pluribus</span> 
     </span>
    </p>
   </div>
   <div class='ocr_carea' id='block_1_14' title="bbox 242 3533 854 3587">
    <p class='ocr_par' dir='ltr' id='par_1_17' title="bbox 242 3533 854 3587">
     <span class='ocr_line' id='line_1_39' title="bbox 242 3533 854 3587; baseline -0.002 -12"><span class='ocrx_word' id='word_1_285' title='bbox 242 3533 443 3587; x_wconf 79' lang='lat' dir='ltr'>personis</span> <span class='ocrx_word' id='word_1_286' title='bbox 475 3534 645 3587; x_wconf 87' lang='lat' dir='ltr'>prolem</span> <span class='ocrx_word' id='word_1_287' title='bbox 680 3533 854 3575; x_wconf 79' lang='lat' dir='ltr'>habuit.</span> 
     </span>
    </p>
   </div>
  </div>
 </body>
</html>
