2269 3898
717 117 782 158 De
816 121 1062 170 systemate
1095 118 1270 161 morali.
1837 124 1922 167 225

55 248 312 299 Iansenio
352 247 489 316 ,plus
531 266 704 316 aequo
748 249 988 300 addicti:
1055 251 1303 319 Opstraet
1353 253 1403 321 (T
1447 254 1625 321 1720),
1685 255 1924 326 Steyaert

59 336 113 403 (ξ-
156 335 339 402 1701),
383 337 646 388 Henm'cus
687 357 719 388 α
760 356 798 388 3.
842 339 1051 408 Ιφὶαΐίο
1094 340 1149 407 (ἥ-
1193 341 1357 408 1719)
1401 350 1500 395 eto.
1584 344 1657 394 Hi
1700 346 1922 414 quidem

60 424 321 474 duritiam
375 425 657 476 doctrinae
711 428 1066 478 iansenianae
1122 429 1177 478 in
1220 427 1369 479 hunc
1411 431 1634 482 modum
1681 434 1922 486 emollire

59 514 240 563 conati
283 522 424 578 sunt,
477 514 623 582 quod
665 514 1017 566 admitterent
1059 518 1375 585 opinionem
1418 520 1921 587 probabilissimam

58 619 155 670 pro
195 600 462 655 libertate.
530 601 784 654 Ceterum
825 604 1020 655 iisdem
1051 609 1387 671 argumentis
1416 608 1723 661 doctrinam
1767 631 1922 664 suam

60 689 368 741 defendunt
422 710 486 742 ac
542 693 865 746 ianseniani.
943 694 1171 744 Recenti
1228 703 1472 763 tempore
1529 697 1658 748 huic
1715 710 1923 751 senten-

58 782 184 845 tiae,
243 799 405 849 quam
462 800 608 833 nunc
667 801 826 833 nemo
880 783 1116 852 amplius
1173 792 1336 851 tenet,
1396 787 1690 839 cardinalis
1739 788 1925 842 Gerclz‘l

59 869 244 938 (1802)
287 870 582 936 accessitl).

210 973 471 1028 Complures
506 981 614 1017 sunt
646 974 1040 1029 probabilioristae
1088 975 1319 1031 (Autome,
1371 978 1655 1034 Gaesmn'ya,
1708 981 1925 1034 Patnsei,

59 1047 115 1091 L.
150 1047 332 1090 Habert
361 1049 476 1102 etc),
511 1048 587 1102 qui
619 1048 850 1103 maiorem,
884 1063 1016 1103 quam
1051 1051 1109 1093 ad
1140 1050 1267 1093 licite
1310 1052 1536 1106 agendum
1581 1058 1737 1097 contra
1780 1055 1925 1109 legem

59 1122 298 1176 requirunt
320 1121 706 1177 probabilitatem,
731 1124 840 1166 adeo
867 1128 1164 1179 exaggerant,
1197 1132 1252 1168 ut
1286 1126 1437 1180 opinio
1469 1127 1743 1181 probabilior
1760 1130 1926 1172 evadat

59 1196 425 1251 probabilissima
458 1210 699 1252 eorumque
731 1198 1150 1252 probabiliorismus
1185 1200 1425 1254 degeneret
1459 1201 1506 1243 in
1553 1202 1924 1261 tiiti01·ism11m'²).

211 1287 260 1338 2.
304 1285 594 1355 Restabat-ar
646 1287 842 1338 iisdem
897 1291 1237 1355 argumentis
1289 1309 1351 1340 ac
1393 1293 1733 1344 tutiorismus
1774 1293 1924 1345 abso·

59 1375 235 1441 lutus3
278 1377 504 1445 insuper
530 1377 834 1427 notandum
864 1386 972 1427 est:
1017 1398 1064 1428 a.
1109 1380 1449 1430 tutiorismus
1492 1383 1774 1448 mitigatus
1816 1400 1926 1433 non

61 1474 142 1516 est
183 1465 406 1535 quidem
448 1465 516 1516 ab
561 1465 791 1516 ecclesia
831 1468 1182 1535 proscriptus,
1240 1475 1295 1518 at
1351 1472 1657 1520 necessario
1705 1473 1762 1521 in
1805 1471 1927 1522 doc-

59 1556 260 1606 trinam
318 1556 682 1624 proscriptam
739 1555 960 1618 recidit,
1023 1558 1129 1606 nisi
1186 1556 1462 1608 affirmare
1524 1558 1656 1610 velit
1714 1559 1927 1611 licitum

28 1662 178 1705 ,esse
228 1662 388 1711 agere
445 1661 566 1693 cum
613 1644 950 1694 conscientia
995 1645 1233 1712 practice
1277 1645 1462 1699 dubia.
1543 1647 1671 1698 Ideo
1716 1648 1759 1700 b.
1803 1666 1928 1698 cum

0 1734 178 1808 Jsipse
234 1732 775 1809 p1²inciiffifiexa
833 1741 883 1783 et
939 1733 1170 1801 proinde
1226 1736 1619 1787 conscientiam
1662 1737 1929 1787 indirecte

63 1831 267 1873 certam
297 1839 407 1873 non
437 1821 707 1887 admittat,
738 1822 840 1872 hoc
868 1832 1190 1890 argumento
1220 1824 1446 1875 refutari
1491 1834 1694 1894 potest:
1741 1828 1925 1895 opinio

62 1910 524 1980 probabilissima,
580 1930 745 1980 quam
801 1914 952 1980 sequi
1005 1911 1133 1963 licet
1187 1922 1375 1964 contra
1417 1913 1611 1983 legem,
1654 1915 1741 1966 vel
1785 1917 1929 1983 parit

65 2001 459 2053 conscientiam
515 2009 718 2051 certam
772 2000 860 2051 Vel
914 2019 1051 2066 non,
1111 2003 1153 2052 si
1207 2004 1464 2071 primum,
1521 2003 1818 2054 incidimus
1871 2005 1927 2054 in

62 2091 430 2141 tutiorismum
476 2089 821 2155 damnatum,
866 2092 909 2140 si
952 2090 1200 2155 alterum,
1243 2090 1456 2142 licitum
1496 2102 1575 2143 est
1612 2110 1772 2161 agere
1803 2110 1926 2142 cum

65 2181 401 2231 conscientia
443 2180 682 2248 practice
726 2179 912 2244 dubia,
955 2180 1099 2248 quod
1142 2180 1339 2232 falsum
1384 2189 1480 2233 est.

599 2386 642 2441 δῖ’.
677 2388 732 2430 3.
776 2388 858 2430 De
884 2388 1396 2440 probabiliori-emo.

216 2505 349 2559 207.
392 2505 973 2559 Probabiliorismus
1017 2504 1204 2557 docet:
1247 2504 1374 2556 licet
1414 2508 1568 2576 sequi
1611 2508 1928 2575 opinionem

65 2613 163 2664 pro
192 2594 462 2661 libertate,
506 2596 548 2645 si
580 2613 641 2646 ea
672 2596 740 2645 sit
774 2593 1115 2662 probabilior
1156 2613 1319 2663 quam
1363 2597 1612 2663 opposita
1652 2614 1748 2665 pro
1790 2595 1925 2662 lege.

218 2699 373 2752 Quoad
406 2699 599 2754 gradum
632 2698 1202 2754 maioris'probabilitatis,
1237 2713 1370 2753 quam
1414 2712 1521 2754 prae
1564 2712 1608 2742 se
1639 2701 1757 2741 ferre
1800 2697 1931 2741 debet»

68 2773 219 2829 opinio
253 2773 540 2828 probabilior,
573 2778 627 2816 ut
660 2787 758 2817 eam
781 2773 906 2828 sequi
930 2773 1083 2827 liceat,
1106 2772 1500 2828 probabilioristae
1521 2787 1611 2815 non
1634 2771 1927 2815 conveniunt:

67 2848 148 2892 alii
181 2847 299 2891 enim
333 2847 540 2902 exigunt,
571 2850 625 2890 ut
657 2847 719 2890 sit
749 2847 1016 2890 notabiliter
1049 2847 1323 2902 probabilior
1354 2848 1544 2902 ideoque
1573 2849 1667 2890 fere
1698 2846 1932 2889 moraliter

69 2927 205 2977 certa,
238 2922 332 2976 alii,
365 2926 418 2964 ut
449 2922 498 2964 in
533 2925 714 2964 tantum
748 2921 809 2964 sit
841 2921 1130 2976 probabilior,
1163 2925 1215 2965 ut
1249 2935 1374 2965 mens
1423 2922 1463 2965 ei
1512 2921 1725 2965 assentiri
1772 2920 1932 2976 possit.

68 2997 255 3052 Insuper
294 2996 374 3040 alii
407 2998 647 3040 assumunt
678 2997 895 3039 reflexum
929 2996 1203 3051 principium
1266 2996 1325 3039 ad
1357 2996 1693 3039 informandam
1713 2994 1933 3038 conscien-

68 3071 200 3126 tiam,
232 3070 312 3114 alii
344 3071 522 3114 nullum
554 3069 811 3113 admittunt
845 3071 1168 3113 contendentes
1202 3070 1259 3113 ad
1292 3071 1480 3113 honeste
1515 3067 1792 3125 operandum
1838 3081 1933 3110 con-

72 3145 309 3189 scientiam
341 3158 431 3188 non
465 3145 623 3188 debere
654 3157 749 3188 esse
780 3144 979 3200 practice
1013 3150 1199 3188 certam.

228 3321 259 3378 ¹)
296 3322 470 3375 Gerdil,
503 3322 645 3378 Opere
676 3322 798 3366 edite
829 3323 884 3365 ed
915 3322 1088 3366 inedite
1121 3323 1340 3379 (Firenze.
1376 3324 1502 3367 Gelli.
1538 3322 1687 3377 1850).
1711 3322 1808 3364 Vol.
1831 3320 1930 3364 VH.

73 3410 108 3440 c.
141 3397 183 3439 3.
216 3400 262 3440 et
293 3398 335 3439 4.

224 3469 261 3527 2)
295 3471 362 3515 Cf.
399 3471 732 3531 Bonquillonl.
766 3486 801 3515 c.
834 3486 878 3527 p.
911 3472 1011 3515 517.
1043 3476 1137 3515 not.
1171 3473 1210 3514 4.

164 3562 360 3602 Noldin,
385 3562 442 3592 De
467 3562 677 3601 principiis.
1378 3608 1384 3615 ‚
1471 3615 1473 3617 ι
1705 3546 1758 3587 lo
