2269 3898
761 100 827 143 De
859 99 1059 143 subiecto
1092 99 1222 155 legis.
1844 102 1925 144 143

211 247 252 276 a.
302 232 388 286 Qui
423 232 494 275 die
525 232 684 275 ieiunii
718 232 1008 287 particularis
1053 237 1182 275 extra
1225 231 1507 276 territorium
1542 246 1672 275 suum
1705 238 1927 287 versatur,
1956 280 1966 286 ,

58 306 280 350 1011111111111
315 319 491 349 servare
522 319 611 348 non
644 309 839 348 tenetur.
875 331 929 335 —
964 305 1049 358 Qui
1083 319 1213 348 mane
1253 305 1484 349 discedens
1518 319 1541 349 0
1572 307 1682 361 1000,
1729 306 1806 348 ubi
1838 320 1927 350 11011

57 384 130 423 est
160 380 395 439 ieiunium,
427 379 546 422 redit
570 378 787 421 inlocum
812 378 1030 421 domicilii
1054 379 1138 433 sui,
1171 379 1248 422 ubi
1283 380 1552 423 servandum
1588 384 1657 423 est
1689 380 1926 435 ieiunium,

61 458 213 509 potest
243 453 307 496 ibi
339 466 470 496 mane
512 452 720 496 carnibus
768 452 898 506 plene
946 465 992 495 se
1024 453 1220 507 reficere,
1262 453 1348 495 etsi
1382 453 1494 496 sciat
1538 467 1583 496 se
1615 454 1804 497 meridie
1835 454 1926 497 iam

58 529 266 570 futurum
309 540 403 570 esse
444 527 493 569 in
535 527 629 569 loco
675 526 892 568 domicilii
926 526 1010 580 sui,
1060 527 1180 569 domi
1213 531 1367 570 tamen
1401 541 1426 569 a
1459 528 1667 571 carnibus
1700 528 1927 571 abstinere

57 605 107 644 et
137 600 355 644 ieiunium
390 605 576 644 eatenus
609 613 786 643 servare
820 599 965 654 debet,
1010 604 1233 654 quatenus
1277 601 1424 643 adhuc
1467 602 1635 644 servari
1669 606 1834 656 potest.
1870 628 1923 632 —

62 674 148 727 Qui
179 688 310 717 mane
343 673 536 717 discedit
569 687 591 716 e
625 673 851 716 domicilio
885 687 979 728 srio,
1027 674 1076 716 in
1109 688 1193 728 quo
1238 678 1307 717 est
1343 674 1582 728 ieiunium,
1624 680 1742 717 certo
1777 675 1922 718 sciens

66 761 111 791 se
141 761 324 803 vespere
354 749 562 791 futurum
597 760 691 790 esse
723 748 771 790 in
803 748 912 802 loco,
958 748 1004 790 in
1039 761 1124 802 quo
1157 748 1378 791 ieiunium
1412 762 1501 790 non
1535 752 1617 802 est,
1651 753 1803 803 potest
1835 748 1925 791 iam

60 835 193 865 mane
232 823 363 877 plene
403 835 448 865 se
488 823 685 876 reficere,
727 821 831 875 quia
871 821 1093 864 ieiunium
1141 827 1195 864 ut
1242 835 1311 865 res
1344 821 1545 864 indivisa
1577 821 1869 876 praecipitur,
1901 837 1926 864 a

64 896 271 939 carnibus
304 899 456 939 autem
490 895 717 939 abstinere
751 894 897 949 debet,
943 896 1048 950 quia
1081 896 1362 939 abstinentia
1395 896 1600 950 singulas
1633 896 1926 939 comestiones

54 968 316 1025 prohibet1).

207 1074 244 1115 b.
296 1072 380 1126 Qui
413 1076 566 1115 tamen
601 1072 882 1115 territorium
925 1073 1076 1128 elapso
1127 1074 1306 1117 demum
1340 1079 1542 1129 tempore
1575 1074 1632 1116 ad
1665 1074 1811 1128 legem
1845 1073 1924 1115 im-

58 1147 268 1202 plendam
301 1146 408 1188 utili
440 1146 673 1201 relinquit,
707 1146 815 1200 quin
847 1147 939 1201 legi
974 1147 1263 1202 satisfecerit,
1306 1153 1463 1191 contra
1494 1149 1639 1202 legem
1674 1151 1844 1202 peccat,
1872 1151 1924 1189 ut

57 1221 95 1264 si
129 1220 228 1275 quis
259 1221 420 1275 locum,
461 1220 508 1262 in
550 1234 635 1274 quo
676 1220 929 1263 celebratur
968 1222 1138 1263 festum
1182 1220 1473 1275 particulare,
1523 1222 1674 1276 elapso
1724 1225 1926 1275 tempore

55 1294 209 1338 ultimi
242 1294 356 1338 sacri
390 1295 581 1348 deserat,
615 1294 723 1348 quin
755 1295 940 1337 missam
974 1294 1195 1348 audierit3
1246 1295 1322 1349 qui
1355 1308 1459 1338 vero
1503 1309 1603 1339 eum
1642 1295 1710 1338 ita
1744 1295 1925 1349 deserit,

59 1374 112 1412 ut
144 1374 250 1412 ante
282 1374 463 1423 tempus
494 1368 686 1411 ultimae
719 1369 884 1412 missae
916 1368 1175 1423 pervenerit
1209 1372 1338 1411 extra
1369 1369 1532 1423 locum,
1564 1368 1641 1411 ubi
1675 1368 1926 1412 celebratur

59 1445 242 1497 festum,
284 1456 374 1486 non
416 1447 586 1498 peccat,
635 1442 673 1485 si
706 1443 884 1485 nullum
926 1456 1101 1485 sacrum
1152 1442 1336 1485 audiat:
1388 1456 1493 1485 nam
1529 1442 1566 1486 si
1601 1442 1846 1485 mansisset
1877 1442 1925 1484 in

57 1518 166 1572 loco,
205 1516 282 1560 ubi
339 1521 628 1572 praeceptum
672 1516 921 1571 obligabat,
969 1520 1150 1570 poterat
1198 1516 1511 1570 impletionem
1563 1516 1744 1559 differre
1787 1516 1842 1558 ad
1877 1516 1925 1558 id

53 1594 250 1645 tempus,
283 1591 461 1645 quando
494 1594 645 1633 autem
680 1590 888 1644 pervenit
921 1590 978 1633 ad
1012 1590 1152 1632 alium
1186 1591 1348 1645 locum,
1387 1590 1555 1633 desinit
1590 1589 1864 1645 obligatio2).

201 1697 249 1746 2.
312 1695 435 1746 Non
488 1695 732 1763 gaudent
775 1693 1080 1764 privilegiis
1137 1696 1219 1745 sui
1278 1694 1567 1746 domicilii:
1631 1694 1923 1763 privilegia-

53 1786 199 1835 enim
241 1785 360 1853 pari
402 1784 563 1835 modo
606 1783 956 1835 territorialia
998 1792 1138 1847 sunt,
1193 1802 1333 1853 quae
1375 1784 1606 1853 proinde
1647 1784 1922 1852 peregrini

53 1893 149 1944 per
189 1873 489 1925 discessum
532 1892 559 1924 e
598 1873 716 1924 1000
760 1872 1027 1924 domicilii
1069 1875 1387 1925 amiserunt.

202 1961 287 2015 Qui
331 1962 516 2006 veniens
558 1975 581 2005 e
623 1963 718 2005 loco
763 1961 982 2005 domicilii
1017 1962 1100 2006 sui.
1148 1962 1225 2005 ubi
1267 1962 1396 2005 feriis
1429 1967 1623 2016 quatuor
1663 1965 1918 2015 temporum

48 2037 161 2080 licet
192 2050 345 2080 carnes
379 2037 623 2090 comedere,
656 2041 860 2079 moratur
891 2037 939 2079 in
962 2037 1071 2090 loco,
1104 2036 1180 2079 ubi
1204 2037 1286 2079 hoc
1309 2036 1603 2091 privilegium
1632 2049 1720 2078 non
1745 2034 1920 2089 existit,

55 2126 144 2154 non
175 2115 328 2167 potest
358 2110 485 2153 licite
518 2123 672 2153 carnes
707 2111 948 2153 comedere.

202 2216 229 2236 c)

200 2236 250 2267 ε).
315 2215 435 2266 Non
492 2222 747 2266 tenentur
800 2214 997 2283 chibus
1044 2213 1464 2284 particularibus
1529 2214 1643 2279 loci,
1711 2215 1768 2263 in
1823 2231 1919 2282 quo

54 2313 358 2356 versantur:
396 2303 544 2372 leges
585 2306 731 2355 enim
774 2322 883 2355 non
926 2303 1173 2373 obligant
1214 2306 1318 2356 nisi
1349 2303 1623 2369 subditos3
1667 2302 1921 2354 subditus

51 2401 234 2446 autem
291 2392 464 2444 solum
519 2400 627 2459 est,
691 2395 785 2462 qui
841 2393 1181 2445 domicilium
1239 2393 1326 2444 vel
1370 2391 1917 2463 quasi-domicilium

52 2484 222 2535 habet
260 2483 317 2533 in
358 2483 627 2533 territorio
669 2481 1011 2551 legislatoris,
1071 2482 1282 2547 Quodsi
1326 2482 1517 2533 eadem
1559 2481 1648 2532 lex
1691 2484 1747 2532 in
1777 2488 1915 2531 utro-

50 2689 225 2732 ratione
258 2688 493 2743 territorii,
525 2689 602 2731 sed
624 2690 801 2733 ratione
822 2690 919 2733 voti
944 2690 1240 2744 obedientiae,
1274 2703 1358 2744 quo
1393 2689 1692 2744 personaliter
1726 2687 1917 2742 superio-

47 2761 174 2805 ribus
206 2761 523 2805 subiiciuntur.

201 2834 327 2888 Quod
362 2835 530 2879 dicitur
564 2837 616 2879 de
650 2837 904 2893 peregrino,
938 2838 1014 2892 qui
1047 2851 1208 2893 nempe
1230 2842 1441 2882 versatur
1466 2842 1596 2881 extra
1618 2836 1917 2889 territorium,

48 2909 177 2952 valet
209 2909 347 2952 etiam
383 2909 437 2952 de
469 2923 533 2964 eo,
583 2911 658 2965 qui
691 2911 917 2966 reperitur
956 2912 1004 2955 in
1036 2913 1131 2955 loco
1165 2916 1366 2956 exemto:
1417 2926 1523 2955 nam
1555 2912 1678 2954 locus
1712 2914 1917 2954 exemtus

52 2982 329 3026 considerari
362 2983 492 3027 debet
524 2989 578 3027 ut
609 2985 731 3028 locus
764 2991 894 3029 extra
927 2986 1210 3030 territorium
1244 2986 1523 3041 legislatoris
1555 2986 1746 3041 positus.
1781 2986 1916 3027 Porro

50 3057 149 3099 loca
181 3060 360 3100 exemta
392 3062 511 3101 certe
544 3062 651 3101 sunt
682 3060 920 3113 parochiae
952 3061 1024 3104 vel
1066 3061 1247 3116 oppida,
1292 3074 1405 3115 quae
1436 3061 1516 3104 alii
1550 3060 1776 3103 ordinario
1811 3062 1914 3101 sunt

55 3130 277 3184 subiecta;
310 3134 355 3174 et
377 3131 673 3186 probabiliter
705 3133 843 3177 etiam
868 3135 1080 3178 ecclesiae
1103 3140 1148 3178 et
1172 3135 1449 3178 monasteria
1470 3134 1763 3190 regularium.
1798 3132 1916 3175 Hinc

48 3204 90 3247 01
122 3204 356 3260 episcopus
388 3205 470 3248 sub
503 3207 967 3252 excommunicatione
999 3209 1172 3252 clericis
1214 3209 1470 3265 prohiberet
1512 3210 1661 3252 lusum
1700 3208 1915 3259 alearum,

50 3278 199 3322 clerici
230 3280 440 3323 ludentes
472 3280 521 3322 in
551 3280 646 3323 loco
679 3286 856 3325 exemto
889 3284 1399 3328 excommunicationem
1440 3297 1530 3335 non
1561 3284 1854 3325 incurrerent.

205 3358 234 3411 ¹)
266 3359 332 3402 Cf.
366 3360 438 3402 De
458 3363 721 3418 praeceptis
751 3378 794 3407 n.
829 3364 928 3408 663.
962 3379 1005 3409 11.
1040 3366 1141 3410 670.

200 3439 234 3495 2>
266 3440 311 3484 S.
344 3442 601 3498 Alplzonsus
631 3458 674 3488 n.
706 3446 803 3490 157.
