2269 3898
306 145 335 186 4
1045 144 1111 187 De
1143 144 1448 187 matrimonio.

456 291 487 320 c.
524 276 604 319 Ius
636 278 680 319 in
716 289 890 332 colpus,
933 277 1096 331 quibus
1128 276 1277 320 verbis
1321 277 1612 332 significatur
1654 278 1877 322 obiectum
1923 286 2188 325 contractus

305 351 673 405 matrimonialis,
723 351 840 405 quod
885 351 1025 394 etiam
1073 351 1228 394 innuit
1273 365 1307 394 5.
1341 352 1512 395 Paulus
1560 352 1630 395 his
1678 353 1849 396 verbis:
1898 355 2064 398 mulier
2111 357 2193 399 sm'

304 425 508 480 emporis
526 428 798 480 potestatem
831 438 917 467 non
951 425 1101 478 hahet,
1133 425 1215 468 sed
1247 425 1348 480 cir,·
1379 426 1594 469 similiter
1627 430 1775 469 (altem
1809 431 1853 470 et
1884 429 1953 471 τίν
1984 429 2060 472 sm?
2089 443 2182 473 cot·-

293 499 429 554 poris
450 501 723 554 potestatem
757 512 843 542 non
876 499 1025 552 habet,
1058 500 1140 543 secl
1171 499 1387 555 mulz'et·¹).

453 588 495 631 (l.
529 588 785 631 Essentiale
818 589 1031 632 obiectum
1067 591 1324 632 contractus
1355 589 1711 633 matrimonialis
1753 596 1823 633 est
1854 591 2002 646 igitur
2032 591 2104 635 ius
2136 598 2187 636 et

302 668 505 716 potestas
537 662 586 704 in
619 676 794 718 corpus,
828 663 905 706 sed
939 668 1127 706 eatenus
1161 668 1360 717 tantum,
1395 668 1619 717 quatenus
1653 678 1707 708 ex
1741 678 1787 708 se
1819 671 1978 720 apt-um
2013 671 2083 709 est
2124 667 2184 709 ad
2245 716 2249 720 ,

301 740 454 779 actum
478 737 762 792 coniugalem
797 750 874 780 seu
907 738 965 780 ad
989 737 1295 792 generandam
1328 738 1515 792 prolem.
1579 737 1762 782 Scilicet
1786 739 2012 795 distingui
2046 739 2178 784 debet

304 826 342 853 α.
376 811 447 854 ius
481 816 525 854 et
566 815 770 866 potestas
813 811 861 854 in
906 811 1112 866 coniugis
1147 825 1321 866 corpuS,
1365 816 1588 866 quatenus
1632 816 1791 868 aptum
1833 818 1903 857 est
1935 814 1993 857 ad
2025 818 2177 857 actum

301 885 624 940 generationis,
659 886 777 940 quod
811 891 880 929 est
912 886 983 928 ius
1015 885 1177 929 utendi
1208 898 1390 941 corpore
1423 886 1481 929 ad
1513 890 1666 929 actum
1690 887 1974 942 coniugalem
1998 901 2076 931 seu
2107 889 2186 932 ius

300 959 483 1014 petendi
532 960 735 1003 debitum
781 960 1042 1015 coniugale:
1095 961 1133 1010 ,3.
1165 955 1281 1003 usus
1323 973 1401 1004 seu
1442 960 1708 1004 exercitium
1751 961 1864 1004 iuris
1907 975 1986 1016 per
2026 962 2177 1016 ipsum

299 1044 451 1077 actum
486 1033 794 1089 coniugalem;
844 1034 935 1077 iam
981 1047 1086 1078 vero
1127 1033 1324 1089 primum
1369 1036 1427 1078 ad
1470 1035 1712 1079 essentiale
1757 1035 1981 1079 obiectum
2024 1036 2179 1080 matri-

299 1109 509 1152 monialis
553 1113 811 1153 contractus
853 1109 1079 1164 pertinet;
1124 1110 1319 1152 alterum
1361 1122 1466 1153 vero
1499 1110 1556 1153 ad
1590 1110 1686 1153 eius
1719 1110 1962 1154 essentiam
1995 1125 2084 1154 non
2116 1124 2178 1155 re-

299 1183 511 1238 quiritur,
543 1183 733 1238 ideoque
767 1184 893 1227 salva
916 1183 1199 1227 matrimonii
1224 1183 1422 1227 essentia
1454 1185 1510 1227 ab
1544 1184 1717 1229 obiecto
1740 1190 2000 1228 contractus
2025 1185 2182 1228 matri-

299 1256 507 1300 monialis
541 1257 719 1300 excludi
758 1261 923 1312 potest.

448 1360 484 1389 e.
519 1345 892 1401 Quandoquidem
936 1347 1007 1390 ius
1040 1347 1088 1390 in
1132 1361 1291 1402 corpus
1336 1361 1467 1390 suum
1512 1347 1705 1402 quilibet
1748 1348 1993 1403 coniugum
2041 1348 2180 1392 alteri

297 1421 458 1476 tradit,
490 1434 580 1463 non
614 1421 758 1464 solum
793 1425 950 1464 contra
973 1421 1252 1477 castitatem,
1287 1423 1365 1466 sed
1398 1422 1538 1466 etiam
1572 1427 1730 1466 contra
1751 1423 1979 1466 iustitiam
2006 1428 2178 1478 peccat,

295 1502 394 1540 tum
430 1496 505 1551 qui
540 1500 642 1551 post
674 1496 843 1540 initum
873 1497 1216 1541 matrimonium
1250 1498 1348 1553 ipse
1381 1497 1591 1541 abutitur
1622 1510 1803 1553 corpore
1836 1511 1930 1553 suo,
1962 1504 2062 1540 tum
2095 1497 2179 1552 qui

295 1570 429 1614 alteri
464 1577 677 1614 extraneo
710 1584 843 1614 usum
878 1572 1074 1627 corporis
1108 1572 1177 1615 sui
1211 1572 1428 1616 concedit.

446 1735 501 1788 3.
562 1735 742 1789 Fines
803 1737 1198 1790 matrimonii.
1294 1737 1451 1788 Fines
1510 1738 1837 1788 matrimonii
1895 1736 1988 1787 alii
2049 1745 2184 1787 sunt.

296 1824 613 1876 essentiales
655 1834 707 1876 et
749 1826 970 1892 interni,
1015 1844 1149 1895 quos
1178 1826 1332 1877 Deus
1369 1827 1425 1877 in
1461 1827 1805 1877 institutione
1836 1827 2176 1878 matrimonii·

293 1913 556 1981 intendit,
616 1913 710 1965 alii
764 1915 1139 1966 accidentales
1197 1923 1250 1966 et
1306 1916 1535 1982 externi,
1595 1934 1730 1985 quos
1786 1914 2181 1967 contrahentes.

293 2012 509 2073 praeter
565 2004 882 2055 essentiales
939 2005 1226 2056 intendere
1287 2013 1545 2074 possunt3
1608 2004 1912 2057 essentiales
1973 2007 2175 2056 iterum·

291 2093 379 2145 vel
422 2101 548 2145 sunt
589 2095 836 2163 primarii
879 2094 967 2145 vel
1010 2094 1341 2147 secundarii.

441 2219 487 2252 a.
534 2199 688 2250 Finis
730 2199 1027 2251 essentialis
1064 2200 1362 2269 primarius
1391 2208 1472 2251 est
1499 2201 1805 2270 procreatio
1834 2207 1887 2251 et
1912 2199 2166 2251 educatio

290 2287 483 2357 prolis:
538 2290 749 2340 crescite
804 2298 852 2340 et
904 2287 1336 2359 multiplicamini
1382 2298 1429 2340 et
1466 2288 1662 2360 replete
1705 2288 1976 2356 terram2);
2035 2288 2177 2339 fines„

290 2378 606 2430 essentiales
641 2378 955 2430 secundarii
985 2388 1139 2430 sunt:
1185 2388 1439 2430 mutuum
1483 2381 1629 2431 vitae
1672 2379 2008 2431 adiutorium
2049 2385 2173 2428 tum.

290 2469 347 2524 in
390 2468 636 2519 curanda
676 2486 733 2519 re
777 2467 1078 2520 domestica
1129 2478 1246 2520 tum
1301 2470 1357 2519 in
1407 2467 1558 2537 prole
1601 2467 1895 2520 educanda
1942 2474 2057 2518 tum
2109 2467 2166 2517 in

290 2564 478 2609 sancto
532 2575 717 2627 amore
774 2558 1137 2627 praestando:
1183 2559 1459 2629 faciamus
1515 2560 1562 2609 ei
1616 2557 1942 2609 adiutorium
1995 2554 2175 2607 simile·

289 2647 456 2712 sibi-3),
488 2646 688 2698 deinde
724 2649 932 2700 sedatio
976 2649 1477 2717 concupiscentiae,
1521 2666 1661 2717 quae
1703 2665 1814 2698 non
1856 2647 2053 2698 incitat
2093 2644 2166 2697 ad

286 2735 496 2802 illicita,
540 2738 583 2787 si
627 2738 673 2788 ei
717 2756 814 2807 per
854 2746 1040 2789 actum
1080 2736 1429 2803 coniugalem
1472 2736 1623 2788 licite
1664 2736 1875 2802 satisfit,
1919 2735 1976 2787 id
2015 2733 2163 2804 quod

288 2826 526 2877 innuunt
558 2825 755 2879 verba:
799 2827 987 2897 quodsi
1025 2845 1132 2878 non
1172 2845 1225 2878 se
1267 2827 1547 2889 continent,
1590 2826 1822 2877 nubant:
1863 2823 2047 2876 melius
2088 2833 2163 2876 est

287 2916 422 2966 enim
460 2915 651 2966 ozicbei'e
692 2936 847 2986 qil-am
886 2917 1036 2984 *uo-54).
1893 2907 1898 2910 Ι

435 3019 478 3071 l).
523 3021 681 3072 Fines
724 3021 1077 3073 accidentales
1119 3020 1427 3090 complures
1469 3019 1604 3089 fingi
1645 3027 1876 3089 possunt
1918 3037 1960 3069 0.
1992 3037 2043 3087 g.
2087 3017 2167 3069 ad.

288 3126 477 3176 pacem
515 3108 851 3160 familiarum
890 3109 1312 3175 conciliandam,
1351 3109 1421 3160 ad
1460 3109 1722 3160 honorem
1760 3107 1998 3160 familiae
2039 3125 2169 3158 con--

440 3286 474 3339 ¹)
510 3289 549 3329 1.
583 3286 680 3332 Cor.
716 3287 756 3341 7,
788 3287 828 3328 4.

440 3359 473 3415 ²)
508 3360 618 3404 Gen.
655 3362 694 3415 1,
728 3361 799 3403 28.

440 3433 471 3488 ³)
508 3435 618 3479 Gen.
653 3435 694 3490 2,
730 3436 797 3478 18.

433 3509 471 3563 4)
510 3511 544 3551 l.
579 3509 676 3553 Cor.
712 3509 751 3563 7,
785 3509 824 3551 9.
