2269 3898
273 170 329 214 88
989 158 992 160 ’
1011 166 1078 208 De
1110 163 1416 207 matrimonio.

275 303 574 359 permittitur,
608 307 661 344 ut
695 298 958 342 cohabitent
989 298 1048 341 ad
1081 298 1264 340 modum
1297 295 1458 340 fratris
1480 299 1527 339 et
1550 295 1728 349 sororis,
1763 295 2006 339 dummodo
2031 295 2153 339 absit

275 378 523 433 periculum
559 373 771 430 peccandi
783 372 824 426 ¹).

425 451 460 494 b.
496 449 540 491 Si
575 446 875 491 confessarius
908 444 1112 489 advertit
1145 443 1358 498 coniuges
1393 457 1488 487 esse
1520 443 1568 486 in
1616 443 1732 487 bona
1779 444 1871 487 fide
1917 443 1947 487 i.
1996 456 2031 487 e.
2081 456 2155 487 eos
2197 484 2201 488 ,

275 530 436 580 put-are
469 537 514 566 se
546 522 594 565 in
626 521 835 577 legitimo
869 519 1161 563 matrimonio
1194 518 1347 561 vivere
1373 522 1417 561 et
1442 518 1579 561 simul
1605 518 1807 561 advertit
1832 517 2155 573 impotentiam

275 613 369 642 esse
401 598 639 650 occultam,
673 594 1004 650 separationem
1038 598 1191 636 autem
1226 592 1461 635 moraliter
1493 592 1838 647 impossibilem,
1871 592 2017 635 eos'in
2040 591 2156 635 bona

275 674 364 716 fide
396 672 647 726 relinquere
679 676 846 725 potest.

425 748 475 799 2.
530 745 588 798 Si
642 745 969 814 impotentia
1019 742 1184 793 dubia
1238 749 1320 792 est
1372 742 1511 808 (sive
1555 741 1791 793 dubium
1833 743 2156 811 supervenit

276 840 393 889 sive
434 837 771 905 praecessit),
816 832 1145 901 coniugibus
1188 831 1317 882 olim
1359 831 1429 883 ab
1474 831 1707 882 ecclesia
1749 830 2158 883 concedebatur

277 925 555 978 triennalis
621 925 979 994 experientia,
1047 941 1152 991 quo
1218 929 1463 989 tempore
1533 920 1784 972 debitum
1852 928 2040 990 petere
2107 928 2161 971 et

275 1014 504 1068 reddere
548 1022 814 1083 poterant,
858 1023 918 1063 ut
959 1012 1064 1063 hac
1104 1012 1317 1062 ratione
1353 1017 1582 1075 constet,
1628 1028 1760 1061 num
1790 1028 1985 1061 revera
2014 1009 2161 1060 adsit

276 1106 615 1174 impotentia.
717 1102 920 1171 Elapso
984 1101 1528 1166 demumtriennio,
1595 1101 1637 1150 si
1702 1099 1769 1150 de
1829 1100 2155 1168 impotentia

277 1192 589 1257 constabat,
660 1193 1076 1243 matrimonium
1137 1188 1523 1241 declarabatur
1590 1187 1894 1254 solutum2).
1989 1186 2157 1238 quta

276 1283 600 1335 hodiernam
656 1282 876 1350 praxim
935 1279 1206 1332 eiusmodi
1261 1279 1708 1355 experimentum
1763 1295 1873 1328 non
1923 1276 2160 1346 amplius

276 1373 590 1443 requiritur,
647 1371 742 1422 sed
797 1369 1122 1422 conceditur
1165 1368 1503 1437 dispensatio
1548 1369 1605 1418 in
1649 1368 1999 1418 matrimonio
2041 1375 2159 1418 rato

278 1472 330 1515 et
370 1481 480 1514 non
523 1468 921 1513 consummato

428 1553 475 1605 3.
521 1550 577 1603 Si
621 1558 834 1602 constat
876 1550 1292 1601 matrimonium
1334 1565 1443 1599 non
1489 1547 1658 1598 fuisse
1697 1553 2163 1613 consummatum,

278 1641 492 1694 facilior
548 1649 600 1692 et
656 1640 878 1692 brevior
934 1647 1086 1690 extat
1142 1640 1236 1690 via
1287 1637 1540 1689 solvendi
1596 1638 2031 1702 matrimonium,
2085 1637 2163 1686 ni-

279 1733 479 1783 mirum
522 1730 758 1800 petendo
801 1730 983 1799 potius
1028 1729 1497 1798 dispensationem
1550 1727 1604 1777 in
1648 1728 2001 1778 matrimonio
2044 1733 2161 1776 rato

279 1839 391 1873 non
433 1832 833 1881 consummato,
878 1837 1044 1888 quam
1089 1817 1520 1869 declarationem
1563 1815 1850 1880 nullitatis,
1896 1816 2026 1884 quia
2068 1816 2164 1865 im-

279 1911 525 1980 potentia
567 1909 900 1961 antecedens
943 1916 996 1959 et
1039 1916 1306 1977 perpetua
1349 1905 1648 1957 difficulter
1695 1905 1919 1975 probari
1969 1912 2161 1974 potest.

947 2102 1004 2146 De
1037 2099 1502 2157 hermaphrodismffl).

429 2195 521 2248 89·
603 2209 668 2251 Ut
711 2213 862 2252 status
905 2206 1185 2261 quaestionis
1230 2209 1404 2261 pateat,
1455 2205 1835 2260 distinguendum
1882 2208 1950 2247 est
1995 2204 2166 2247 herma-

281 2284 569 2341 phrodismus
602 2285 845 2338 perfectus,
878 2283 1176 2338 imperfectus
1209 2286 1255 2324 et
1288 2280 1536 2336 improprie
1570 2280 1733 2323 dictus.

431 2373 470 2401 a.
505 2358 888 2415 Hermapltroditi
916 2357 1141 2413 (Zwitter)
1175 2356 1354 2412 proprie
1399 2355 1615 2398 dicuntur
1657 2355 1877 2409 homines,
1919 2354 1995 2409 qui
2042 2367 2166 2409 orga-

279 2447 439 2477 norum
473 2433 712 2488 utriusque
746 2446 878 2476 sexus
911 2432 1158 2488 participes
1193 2436 1315 2485 sunt,
1359 2430 1550 2484 ideoque
1591 2429 1640 2472 in
1684 2442 1815 2485 opere
1858 2428 2167 2485 generationis

281 2523 360 2564 pro
401 2508 553 2551 lubitu
596 2508 668 2551 vel
712 2507 860 2550 virum
895 2507 967 2550 vel
1009 2505 1230 2550 feminam
1273 2518 1408 2560 agere
1449 2507 1654 2559 possunt.
1719 2503 1956 2547 Eiusmodi
1997 2503 2168 2546 herma-

281 2583 517 2639 phroditos
540 2596 668 2626 veros
692 2587 829 2637 atque
850 2583 1090 2639 perfectos
1116 2594 1349 2635 nunquam
1384 2579 1594 2622 extitisse
1626 2591 1708 2622 nec
1741 2579 1935 2622 existere
1967 2590 2167 2632 unquam

282 2672 424 2714 posse,
463 2658 596 2701 hodie
629 2671 683 2701 ex
716 2657 1030 2712 physiologiae
1077 2655 1257 2711 legibus
1307 2660 1480 2698 certum
1530 2658 1622 2705 est:
1673 2658 1724 2696 at
1771 2651 2168 2707 hermaphroditos

284 2735 574 2788 imperfectos
607 2738 653 2776 et
686 2732 932 2788 improprie
967 2732 1112 2774 dictos
1148 2730 1343 2774 existere
1392 2733 1435 2772 et
1471 2733 1608 2772 antea
1642 2727 1852 2771 extitisse
1886 2726 2168 2782 experientia

284 2813 561 2863 compertum
597 2811 678 2851 est.

432 2883 553 2938 Ergo
587 2884 876 2938 antiquorum
908 2881 963 2924 de
996 2879 1388 2936 leern'zapllroditis
1421 2879 1647 2931 doctrina,
1681 2891 1816 2933 quam
1839 2890 1876 2919 S.
1911 2875 2172 2932 Alphonsns

285 2969 339 3000 ex
372 2956 658 2999 Busenbaum
693 2956 760 2999 ita
795 2954 1030 3011 proponit:
1070 2954 1137 3010 „si
1171 2954 1288 2997 alter
1322 2966 1454 2996 sexus
1488 2952 1702 3006 emineat,
1747 2950 1994 2994 secundum
2038 2948 2169 2991 illum

286 3037 469 3074 tantum
503 3031 677 3074 valebit
710 3030 1075 3080 matrimonium;
1134 3029 1172 3072 si
1204 3032 1395 3083 uterque
1446 3028 1507 3070 sit
1555 3040 1651 3082 par,
1702 3026 1827 3081 optio
1859 3025 1971 3082 ¹‚illis
2020 3025 2171 3078 datur,

284 3105 505 3148 utrolibet
536 3109 743 3159 utantur,
776 3105 845 3148 ita
889 3109 1058 3158 tamen,
1102 3109 1156 3146 ut
1200 3116 1331 3158 quem
1374 3103 1511 3146 semel
1555 3101 1806 3157 elegerint,
1852 3111 2027 3155 semper
2068 3097 2172 3141 reti-

286 3181 452 3223 neant“
491 3205 545 3210 —
580 3180 687 3223 haec
719 3180 904 3234 inquam
943 3178 1151 3222 doctrina
1182 3176 1338 3221 haberi
1373 3176 1505 3220 (lebet
1540 3181 1777 3231 tamquam
1812 3174 2070 3229 antiquata.

444 3315 472 3369 ¹)
507 3314 547 3358 S.
582 3314 628 3358 C.
663 3314 707 3357 C.
745 3314 812 3356 15.
849 3314 939 3356 dec.
977 3314 1105 3356 1877.
1141 3312 1186 3356 S.
1228 3312 1434 3369 Officium
1470 3313 1510 3356 8.
1546 3315 1680 3354 mart.
1718 3310 1849 3353 1900.

443 3387 472 3443 ²)
504 3389 549 3432 C.
583 3387 879 3432 Laudabilem
915 3388 940 3431 5
975 3388 1046 3430 De
1070 3387 1269 3444 friffl'dis
1302 3389 1347 3430 et
1375 3386 1663 3443 maleficiatis
1695 3383 1787 3439 (IV.
1815 3384 1901 3438 15).

441 3462 477 3514 3)
509 3463 922 3518 Hermaphroditus
955 3460 1342 3517 (ἑρμαφρόδιτος)
1376 3461 1545 3504 dicitur
1578 3461 1738 3514 homo,
1773 3459 1849 3513 qui
1883 3472 1909 3501 a
1948 3456 2170 3501 Mercurio

288 3538 494 3593 (Ἑρμῆς)
525 3542 569 3580 et
602 3538 774 3581 Venere
807 3537 1097 3592 (Ἀφροδίτη)
1131 3542 1268 3580 natus
1301 3536 1541 3590 utriusque
1574 3548 1707 3578 sexus
1739 3533 1969 3589 particeps
2004 3536 2088 3575 est.
