2269 3898
720 205 787 247 De
821 205 1113 249 distinctione
1146 210 1444 261 peccatorum.
1938 209 2023 251 ‘297

151 337 424 388 dixerinms,
448 337 655 391 quoniam
671 340 903 392 peccatum
929 351 1014 379 non
1041 339 1272 391 habemns,
1305 340 1395 395 ipsi
1413 353 1495 382 7103
1516 340 1771 383 seducimus
1793 343 1837 382 εἴ
1857 341 2026 383 ceritas·

151 411 197 453 in
230 410 358 452 nobis
389 423 473 452 non
509 410 644 464 affy:
677 411 721 452 in
755 411 909 453 multis
943 412 1058 454 enim
1094 413 1364 467 offendimus·
1398 413 1619 469 omnesssl·
1663 414 1791 468 atqui
1824 419 2023 469 peccata,

151 497 267 539 quae
298 483 529 526 iustitiam
562 498 652 526 non
685 485 948 539 excludunt,
980 499 1069 528 non
1102 492 1293 540 possunt
1327 500 1420 530 esse
1453 488 1540 530 nisi
1574 489 1784 531 venialia.

304 558 340 599 b.
376 558 539 611 Textu,
574 557 649 612 qui
682 558 875 601 habetur
909 560 947 602 1.
982 559 1077 602 Cor.
1133 559 1173 614 3,
1225 561 1429 613 11—15.‚
1471 562 1673 616 theologi
1721 566 1918 605 utuntur
1966 563 2023 605 ad

150 632 551 676 demonstrandam
586 632 879 675 existentiam
903 639 1188 687 peccatorum
1211 634 1455 677 venialium
1475 654 1480 676 :
1517 649 1649 689 super
1671 637 2022 679 fundamentum

152 706 261 749 fidei
285 705 477 748 caritate
498 707 725 749 formatae
743 707 899 749 fideles
922 709 993 750 vel
1018 721 1151 762 opera
1184 708 1299 751 bona
1332 710 1526 763 (aurum,-
1558 715 1816 764 argentum,
1849 711 2024 765 lapides

151 780 391 836 pretiosos)
427 783 603 834 ponunt
636 780 708 822 vel
742 793 876 834 opera
899 782 1020 824 mala
1040 782 1199 836 (ligna,
1231 783 1430 836 foenum,
1465 783 1723 837 stipulam‘jz
1758 784 1866 827 haec
1891 797 2023 838 opera

150 855 273 898 mala
305 868 394 897 non
428 860 536 896 sunt
568 858 754 908 peccata
786 855 1023 898 mortalia:
1058 870 1165 898 nam
1197 857 1550 899 fundamentum
1585 857 1692 900 fidei
1727 866 1772 900 et
1816 858 2024 901 caritatis·

151 942 230 984 per
263 942 314 971 ea
345 941 436 971 non
470 927 742 981 destruit111‘;
776 928 975 983 insuper,
1009 930 1085 984 qui
1119 943 1170 973 ea
1203 930 1569 985 superaedificat,
1603 931 1755 973 salvus
1789 931 1891 985 erit,
1939 932 2025 974 etsi

151 1017 230 1058 per
261 1002 438 1058 ignem;
474 1015 580 1057 ergo
615 1007 723 1045 sunt
755 1007 941 1057 peccata
973 1003 1230 1057 venialiass).
1295 1003 1463 1057 Quodsi
1496 1005 1826 1048 concedendum
1861 1005 2027 1048 sithoc

151 1079 248 1121 loco
281 1090 529 1120 sermonem
563 1090 653 1119 non
686 1090 781 1120 esse
816 1077 868 1119 de
901 1077 1113 1120 fidelibus
1146 1082 1192 1120 et
1227 1079 1279 1121 de
1312 1078 1508 1133 peccatis
1540 1079 1808 1134 venialibus,
1852 1080 1929 1122 sed
1974 1081 2027 1122 de

152 1151 410 1195 doctoribus
445 1156 488 1194 et
525 1152 577 1194 de
612 1150 818 1194 doctrina
841 1165 959 1194 vana
983 1155 1026 1194 et
1050 1151 1222 1206 inutili,
1257 1166 1389 1206 quam
1415 1153 1695 1207 praedicant,
1727 1153 2026 1196 nihilominus

151 1240 206 1270 ex
239 1239 287 1269 eo
321 1225 557 1280 colligitur
583 1225 830 1268 existentia
864 1225 1037 1279 peccati
1071 1225 1288 1269 venialis:
1324 1226 1393 1269 illi
1419 1226 1535 1270 enim
1566 1229 1768 1270 doctores
1792 1242 1883 1271 non
1907 1229 2024 1271 dam-

150 1304 334 1354 nantur,
369 1301 446 1343 sed
479 1304 634 1343 tamen
667 1313 856 1354 poenam
892 1299 1066 1343 dabunt
1110 1301 1435 1355 temporalem;
1486 1314 1591 1355 ergo
1641 1307 1900 1356 peccarunt,
1949 1303 2026 1344 sed

150 1375 396 1418 venialiter
428 1374 665 1428 tant11m4>.

301 1523 428 1577 272.
469 1522 750 1576 ESSeutia
785 1525 1015 1590 peceati
1041 1523 1294 1581 venialis
1324 1525 1380 1573 in
1409 1542 1468 1573 eo
1500 1525 1761 1589 consistit,
1801 1544 1848 1577 α.
1881 1524 2023 1592 quod

150 1622 233 1664 est
285 1614 453 1675 actio,
511 1631 651 1681 quae
711 1614 767 1662 in
823 1612 1022 1677 Deum,
1082 1612 1247 1662 finem
1308 1611 1588 1677 ultimum,
1649 1630 1758 1663 non
1816 1623 1895 1663 est
1951 1631 2025 1663 re-

150 1701 400 1767 feribilis,
460 1719 586 1752 cum
642 1700 822 1752 ordini
879 1701 1070 1752 morali
1119 1702 1336 1770 Deique
1392 1700 1663 1752 voluntati
1719 1710 2025 1771 repugnet3

151 1791 196 1843 b.
242 1791 389 1860 quod
430 1810 460 1842 a
500 1792 631 1856 Deo⁷
675 1790 783 1841 fine
826 1789 1036 1855 ultimo,
1093 1808 1203 1840 non
1246 1791 1446 1840 avertit
1489 1789 1730 1858 quidem,
1774 1790 1869 1841 sed
1912 1793 2027 1842 eius

190 1938 308 1954 l

40 1893 44 1897 '
108 1925 115 1945 2
152 1880 554 1937 assecutionem
598 1878 831 1947 impedit
872 1888 1036 1948 atque
1077 1879 1337 1930 retardat.

309 1997 349 2028 a.
388 1982 472 2036 Qui
507 1986 742 2037 peccatum
776 1982 954 2025 veniale
988 1982 1253 2036 committit,
1287 1982 1586 2037 apprehendit
1621 1981 1860 2037 actionem,
1894 1996 2027 2037 quam

151 2061 418 2112 patraturus
454 2062 538 2111 est,
588 2070 681 2100 esse
719 2056 899 2111 quidem
945 2062 1101 2100 contra
1144 2057 1431 2100 voluntatem
1477 2057 1561 2100 Dei
1603 2057 1731 2111 eique
1776 2057 2026 2112 displicere,

148 2136 198 2175 at
233 2132 328 2176 eius
361 2132 567 2175 amicitia
599 2146 688 2175 non
722 2131 902 2186 privare
934 2145 1013 2175 nec
1046 2145 1236 2187 poenam
1271 2136 1501 2175 aeternam
1537 2132 1711 2186 mereri,
1760 2132 1837 2175 sed
1884 2133 2027 2175 solum

149 2206 463 2260 temporalem,
513 2217 699 2258 eamque
731 2205 856 2247 nullo
890 2205 1021 2247 modo
1068 2206 1275 2247 facturus
1321 2209 1452 2258 esset,
1501 2205 1537 2247 si
1587 2218 1666 2260 per
1719 2218 1816 2248 eam
1865 2220 1890 2249 a
1938 2207 2028 2249 fine

150 2280 315 2323 ultimo
351 2279 590 2322 excideret.
654 2279 842 2322 Retinet
878 2291 983 2333 ergo
1017 2279 1303 2322 essentialem
1338 2285 1382 2322 et
1415 2279 1714 2322 necessariam
1760 2280 2026 2323 relationem

149 2355 208 2398 ad
241 2355 379 2396 finem
412 2353 645 2407 ultimum,
679 2353 756 2396 sed
789 2352 919 2408 ponit
952 2353 1191 2407 actionem,
1237 2367 1350 2407 quae
1383 2354 1440 2396 ad
1488 2355 1625 2396 finem
1674 2354 1890 2396 ultimum
1938 2368 2028 2397 non

151 2429 363 2472 conducit
409 2433 453 2471 et
504 2442 637 2482 quam
687 2427 868 2482 expiare
913 2427 1059 2481 debet,
1109 2433 1354 2482 antequam
1402 2429 1460 2471 ad
1508 2430 1646 2471 finem
1697 2442 1828 2471 suum
1877 2428 2027 2482 reipsa

153 2503 403 2559 perveniat.

301 2578 337 2622 b.
386 2577 588 2630 P'ezzz‘aQ
624 2576 851 2630 dicuntur,
884 2590 974 2619 non
1008 2576 1113 2630 quia
1146 2575 1326 2619 veniam
1361 2575 1615 2630 accipiunt:
1664 2576 1746 2619 hoc
1789 2576 1907 2619 enim
1950 2589 2030 2631 per

377 2627 519 2641 Vs)
2036 2621 2068 2635 ἰθ
2094 2622 2135 2649 fs*
2163 2637 2167 2640 .

158 2651 514 2694 misericordiam
547 2650 631 2694 Dei
681 2651 820 2694 etiam
869 2650 1139 2693 mortalibus
1188 2650 1412 2705 convenit,
1461 2650 1537 2693 sed
1587 2650 1692 2704 quia
1726 2656 1900 2705 ,natura
1949 2645 2159 2703 siia',„'‚“'
2214 2645 2265 2683 Ὗ

1728 2702 1868 2723 μ’(

153 2725 333 2769 veniam
368 2725 568 2780 accipere
600 2730 806 2780 possunt,
839 2730 883 2768 et
918 2725 955 2768 si
989 2725 1083 2768 sola
1116 2730 1317 2779 manent,
1367 2724 1545 2767 veniam
1591 2724 1791 2779 accipere
1839 2713 2047 2768 debent?
2082 2715 2112 2755 st‘
2133 2724 2151 2737 ⁵

159 2799 372 2843 mortalia
425 2803 608 2843 econtra
660 2800 946 2843 considerata
998 2813 1150 2842 eorum
1204 2803 1370 2842 nat-ura
1421 2812 1510 2842 non
1564 2803 1671 2842 sunt
1723 2798 2028 2843 remissibilia.

156 2873 371 2917 Mortalia
436 2873 555 2916 enim
609 2874 811 2928 gratiam
866 2874 1109 2916 destruunt
1163 2878 1210 2916 et
1262 2887 1405 2928 poena
1459 2878 1644 2916 aeterna
1698 2873 1840 2928 digna
1896 2877 2025 2917 sunt;

154 2948 353 2992 venialia
385 2961 490 2990 vero
524 2947 724 3002 gratiam
757 2961 847 2990 non
881 2948 1123 2991 destruunt
1158 2953 1204 2991 et
1238 2948 1382 2990 solum
1416 2960 1559 3002 poena
1602 2946 1842 3001 temporali
1889 2948 2029 3002 digna

155 3029 284 3073 sunt;
335 3023 455 3065 unde
498 3023 570 3076 fit,
618 3025 672 3064 ut
704 3022 835 3064 homo
869 3035 948 3076 pro
982 3022 1053 3064 his
1087 3022 1350 3065 satisfacere
1383 3022 1541 3076 possit,
1590 3035 1669 3076 pro
1716 3021 1810 3064 illis
1859 3035 1937 3076 per
1983 3035 2030 3065 se

157 3111 247 3140 non
279 3095 436 3151 possit.

310 3258 347 3314 1)
381 3261 420 3302 1.
455 3259 579 3302 Ioan.
616 3260 656 3313 1,
690 3260 728 3302 8.

310 3332 346 3387 2)
379 3332 468 3375 Iac.
502 3334 543 3387 3,
576 3333 616 3375 2.

310 3406 344 3459 ³)
379 3407 446 3450 Cf.
481 3407 731 3450 Concilium
766 3407 877 3450 trid.
898 3402 1015 3473 sess.
1051 3409 1090 3450 6.
1127 3421 1162 3450 c.
1192 3408 1271 3454 Π,

309 3481 343 3535 ⁴)
374 3481 442 3524 Cf,
479 3481 686 3537 Cornely,
719 3481 1080 3524 Commentarius
1113 3481 1160 3524 in
1202 3495 1234 3523 s.
1269 3481 1400 3525 Pauli
1434 3482 1519 3542 Ap.
1561 3480 1778 3552 epistolas
1809 3478 2027 3533 (Parisiis.

158 3555 461 3598 Lethielleux.
498 3555 628 3607 1890)
662 3554 720 3597 II.
754 3569 796 3609 p.
831 3556 886 3598 82
921 3569 975 3597 ss.
