2269 3898
280 158 363 199 144
1016 155 1081 197 De
1114 153 1418 197 matrimonio.

280 292 433 355 satio,
465 289 773 359 complures
803 288 1026 358 quidem
1054 295 1276 356 negant,
1308 287 1540 338 eandem
1570 306 1638 339 ex
1669 287 1862 340 eadem
1890 307 2056 340 causa
2083 289 2155 342 ab

279 379 555 430 ordinario
599 379 710 447 peti
765 395 955 445 posse3
1014 394 1207 427 verum
1265 394 1392 427 cum
1446 376 1629 428 nullus
1685 385 1869 430 textus
1923 379 2056 430 iuris
2096 380 2155 431 id

279 467 588 537 prohibeat,
646 467 957 518 ordinarius
1013 465 1155 516 adiri
1212 472 1266 516 et
1321 466 1591 517 existente
1650 468 1792 517 iusta
1850 486 2016 519 causa
2056 485 2154 537 pro

264 558 390 626 foro
438 558 641 607 interno
685 556 1153 624 dispensationem
1197 553 1498 605 concedere
1539 555 1780 624 potestl).

422 647 472 697 4.
518 644 765 696 Libellus
792 643 1027 713 supplex
1069 644 1130 694 fit
1169 645 1393 695 nomine
1436 653 1729 712 oratorum,
1773 663 1883 696 non
1925 645 2152 714 parochi

277 735 363 786 vel
405 735 740 801 confessarii,
785 745 837 785 et
879 733 1119 803 quidem,
1165 735 1208 785 si
1254 734 1590 803 dispensatio
1634 754 1730 803 pro
1773 735 1889 786 foro
1925 743 2152 786 externo

274 828 495 895 petitur,
559 826 849 894 expressis,
912 825 956 875 si
1017 842 1146 874 vero
1207 823 1542 892 dispensatio
1605 843 1702 894 pro
1761 824 1877 875 foro
1937 826 2152 876 interno

274 917 495 983 petitur,
539 915 697 965 tectis
724 922 1000 965 oratorum
1030 912 1364 965 nominibus
1445 914 1511 964 In
1551 913 1751 965 libellis
1779 914 1850 965 ad
1881 914 2151 966 datariam

275 1005 498 1056 directis
540 1003 903 1073 alloquendus
961 1010 1040 1053 est
1081 1021 1120 1055 s.
1165 1001 1415 1070 pontifex
1458 1004 1800 1073 (beatissime
1841 1005 2051 1070 pater)3
2093 1005 2151 1054 in

270 1094 468 1145 libellis
532 1093 601 1144 ad
661 1093 1143 1162 poenitentiariam
1202 1091 1423 1142 directis
1479 1094 2153 1163 poenitentiarius-maior

273 1184 730 1251 (eminentissime
771 1182 1068 1251 princeps).

420 1272 468 1326 ἵ).
511 1272 604 1324 Ad
646 1270 1033 1341 praecavenda
1090 1272 1245 1321 varia
1286 1271 1655 1338 incommoda,
1714 1291 1853 1341 quae
1906 1291 1975 1322 ex
2017 1273 2148 1341 peti·

270 1364 416 1414 tione
471 1362 943 1430 dispensationum
991 1379 1092 1430 per
1134 1358 1488 1430 teleyraplmm
1530 1363 1848 1429 contingere
1902 1372 2149 1431 possunt7

270 1453 372 1503 Leo
415 1452 566 1503 XIII.
611 1450 911 1520 prohibuit,
967 1469 1035 1500 ne
1078 1469 1143 1503 ss.
1189 1452 1644 1520 congregationes
1701 1452 1977 1503 ordinarie
2018 1453 2150 1521 peti-

269 1543 445 1593 tiones
485 1541 589 1592 hoc
633 1540 815 1592 medio
859 1540 1031 1591 factas
1065 1541 1397 1609 acciperent,
1442 1541 1701 1610 idemque
1742 1541 1812 1592 ab
1855 1541 2152 1592 ordinariis

270 1633 478 1681 servari
529 1630 833 1682 mandavit.
919 1630 976 1682 Si
1017 1638 1204 1680 tamen
1257 1632 1554 1682 necessitas
1605 1632 2015 1700 quamprimum
2060 1631 2148 1683 ob-

269 1720 532 1771 tinendae
575 1720 1003 1789 dispensationis
1045 1727 1253 1788 urgeat,
1317 1738 1428 1771 non
1469 1720 1810 1789 prohibetur,
1855 1721 2151 1790 quominus

270 1811 723 1879 congregationes
785 1809 874 1860 vel
935 1808 1200 1860 ordinarii
1261 1811 1554 1878 petitiones
1611 1829 1709 1879 per
1764 1809 2148 1879 telegraphum

267 1901 458 1951 missas
499 1899 844 1968 accipiant‘2).

417 1991 466 2042 6.
509 1990 863 2058 Dispensatio
897 1989 1016 2058 peti
1068 1987 1270 2038 dicitur
1325 1989 1381 2038 in
1409 1988 1598 2058 forma
1640 1989 1923 2040 ordinaria
1962 1989 2052 2040 vel
2092 1990 2151 2040 in

255 2080 446 2150 forma
486 2078 757 2144 nobil-ium,
814 2079 857 2129 si
901 2087 1139 2128 oratores
1181 2076 1479 2128 solvendae
1522 2087 1684 2129 taxae
1735 2097 1845 2130 non
1887 2087 2014 2130 sunt
2053 2079 2149 2130 im-

267 2189 455 2238 pares3
514 2169 848 2238 dispensatio
893 2169 1097 2236 petitur
1136 2168 1194 2218 in
1220 2166 1411 2236 forma
1444 2187 1764 2238 pauperum,
1821 2169 1865 2220 si
1907 2176 2152 2220 oratores

269 2258 550 2310 declarant
592 2276 648 2309 se
691 2257 988 2309 solvendae
1018 2269 1180 2308 taxae
1222 2266 1317 2308 aut
1343 2259 1567 2309 omnino
1610 2267 1705 2309 aut
1746 2277 1815 2309 ex
1855 2266 2009 2327 parte
2052 2260 2149 2309 im-

266 2367 424 2417 pares
467 2366 600 2401 esse.
681 2348 807 2399 Pari
844 2347 1006 2398 modo
1050 2347 1387 2415 dispensatio
1432 2348 1487 2398 in
1529 2347 1708 2399 forma
1749 2347 2030 2400 ordinaria
2059 2347 2148 2399 vel

268 2437 537 2489 nobilium
565 2438 779 2489 concedi
808 2438 1026 2503 dicitur,
1072 2436 1293 2506 quando
1324 2438 1565 2506 exigitur
1591 2447 1737 2504 taxa,
1781 2447 1834 2489 et
1874 2439 1931 2489 in
1972 2439 2149 2489 forma

266 2546 575 2597 pauperum
631 2527 861 2579 concedi
920 2526 1136 2593 dicitur,
1193 2526 1413 2597 quando
1472 2536 1566 2577 aut
1618 2525 1770 2578 nulla
1822 2534 1918 2578 aut
1971 2527 2147 2579 solum

268 2636 441 2687 parva
483 2618 792 2686 iniungitur
833 2625 978 2669 taxa.

412 2795 536 2851 141.
608 2796 764 2869 Quae
822 2796 887 2848 in
946 2795 1155 2850 libello
1223 2795 1484 2863 supplici
1545 2794 1940 2864 exprimenda
1999 2795 2147 2849 sint.

265 2886 382 2937 Etsi
425 2884 595 2936 libelli
628 2885 903 2955 supplices
945 2904 1013 2936 ex
1054 2904 1158 2936 usu
1201 2885 1544 2936 diversarum
1588 2886 1877 2954 regionum
1920 2882 2146 2936 diversi-

267 2974 425 3026 mode
456 2975 836 3042 conficiantur,
881 2974 1165 3044 complura
1195 2982 1380 3025 tamen
1411 2982 1553 3041 sunt⁷
1598 2993 1739 3044 quae
1769 2975 1887 3025 sive
1916 2992 1985 3025 ex
2027 2970 2146 3026 iure

265 3065 382 3115 sive
425 3083 493 3114 ex
535 3063 656 3115 stilo
715 3066 900 3116 curiae
941 3065 1250 3116 necessario
1307 3065 1670 3134 exprimenda
1725 3072 1867 3129 sunt,
1927 3071 1986 3115 ut
2041 3063 2145 3116 dis-

266 3154 512 3221 pensatio
555 3153 743 3205 valida
785 3154 920 3220 sit3).

419 3302 447 3353 ¹)
480 3303 546 3349 Cf.
581 3302 872 3346 D'Ameibale
904 3303 937 3344 I.
971 3317 1015 3345 n.
1053 3303 1120 3345 77.
1155 3302 1563 3358 Ebusum-Putem*
1594 3317 1638 3345 n.
1673 3304 1743 3344 41.

419 3376 449 3430 2)
482 3377 747 3420 Secretaria
781 3380 929 3419 statas
964 3377 1031 3419 10.
1069 3378 1159 3420 dec.
1196 3378 1324 3421 1891.

418 3451 449 3506 ⁸)
481 3452 822 3495 Enumerantur
854 3452 963 3494 haec
994 3451 1040 3494 in
1074 3451 1378 3496 instructione
1410 3466 1446 3496 S.
1485 3452 1528 3495 C.
1554 3451 1930 3509 clep1²0pay‚fide
1966 3452 2006 3494 9.
2032 3450 2143 3495 maii

267 3526 393 3579 1877,
430 3539 566 3580 supra
598 3540 641 3569 n.
677 3526 764 3569 630
796 3525 844 3568 in
876 3532 986 3569 nota
1017 3525 1108 3568 iam
1143 3526 1301 3571 citata.
