2269 3898
672 108 738 151 De
771 108 1067 151 dissolutione
1099 108 1392 151 matrimonii.
1893 109 1976 153 193

252 241 292 284 (Z.
325 240 405 286 Ex
436 240 511 286 his
555 240 776 285 omnibus
798 253 890 296 pro
912 241 1064 295 praxi
1102 240 1152 285 id
1187 241 1434 298 sequitur:
1478 241 1699 299 quamvis
1735 240 1977 286 affirmari

103 329 197 360 non
228 314 385 374 possit
432 313 826 372 cooperationem
876 312 1053 359 iudicis
1102 314 1183 360 vel
1232 315 1432 372 syndici
1479 315 1529 360 in
1578 315 1790 361 divortio
1841 315 1976 361 civili

103 393 237 435 certo
270 388 460 434 licitam
496 401 617 443 esse,
668 387 719 432 id
753 387 930 433 saltem
975 388 1178 433 concedi
1216 396 1396 446 potest,
1446 403 1539 434 non
1590 395 1817 435 constare
1867 403 1974 434 eam

104 463 330 509 illicitam
365 467 415 508 et
446 461 652 520 proinde
679 461 922 507 iudicibus
947 462 1304 520 prohibendam
1342 477 1462 517 esse,
1497 464 1593 509 nisi
1621 463 1833 510 ecclesia
1868 476 1973 509 eam

99 536 331 582 illicitam
366 535 725 591 declaraverit3
763 549 912 594 quare
948 535 1152 584 iudices,
1186 535 1266 593 qui
1300 549 1407 582 eam
1442 538 1569 583 bona
1593 537 1689 583 fide
1727 547 1974 593 exercent,

101 624 195 656 non
229 619 339 656 sunt
373 609 696 668 inquietandi.

251 774 384 827 180.
433 774 518 827 De
560 774 939 841 coniugibus.
1021 793 1070 826 (ι.
1125 772 1182 824 Si
1226 775 1487 841 coniuges
1529 792 1638 825 non
1680 774 1975 825 intendunt

100 873 284 933 petere
326 863 644 928 divortium,
689 873 748 913 ut
789 863 860 914 ad
902 861 1037 913 alias
1079 863 1301 931 nuptias
1338 864 1577 914 transire
1612 865 1837 932 possint,
1880 862 1974 914 sed

100 952 274 1004 solum
317 959 376 1003 ut
417 953 829 1003 matrimonium
872 951 1163 1004 effectibus
1206 950 1465 1003 civilibus
1508 953 1758 1021 privetur
1787 960 1839 1002 et
1866 953 1971 1020 ipsi

100 1040 204 1093 hac
244 1042 455 1092 ratione
498 1061 528 1092 a
569 1042 727 1109 gravi
769 1039 911 1092 malo
955 1048 1007 1091 et
1047 1041 1396 1092 incommodo
1438 1040 1758 1107 liberentur,
1801 1060 1832 1092 a
1862 1059 1966 1110 quo

99 1129 206 1181 alia
247 1131 339 1181 via
379 1129 601 1181 liberari
643 1148 752 1181 non
793 1138 1045 1199 possunt,
1099 1129 1155 1181 id
1209 1130 1408 1198 licetl).
1491 1130 1533 1183 b.
1592 1129 1648 1182 Si
1692 1131 1855 1182 finem
1899 1132 1975 1181 in-

97 1228 310 1271 tentum
353 1221 519 1271 etiam
561 1238 657 1289 per
691 1237 898 1270 meram
926 1221 1331 1289 separationem
1365 1219 1545 1290 quoad
1573 1219 1970 1271 habitationem

99 1317 151 1360 et
190 1307 336 1360 bona
377 1308 624 1360 obtinere
667 1318 910 1378 possunt,
967 1327 1075 1360 non
1125 1308 1258 1360 licet
1301 1311 1377 1360 eis
1419 1317 1603 1379 petere
1647 1310 1972 1361 sententiam

99 1397 354 1449 divortii:
399 1396 549 1448 nulla
591 1398 738 1448 enim
781 1407 859 1448 est
898 1399 1036 1449 ratio
1081 1416 1203 1449 eam
1245 1398 1490 1467 petendi.
1545 1419 1584 1451 e.
1623 1398 1680 1451 Si
1711 1399 1972 1466 coniuges

97 1495 291 1556 petunt
332 1488 510 1556 ipsam
554 1485 763 1538 vinculi
806 1485 1152 1552 solutionem,
1197 1496 1258 1538 ut
1285 1487 1355 1538 ad
1385 1487 1524 1538 alias
1553 1489 1775 1556 nuptias
1800 1495 1969 1538 trans-

98 1578 176 1628 ire
216 1577 440 1645 possint,
487 1575 786 1627 divortium
829 1584 1012 1644 petere
1067 1594 1180 1627 non
1234 1576 1381 1640 licet,
1439 1578 1567 1645 quia
1616 1584 1810 1646 petunt
1857 1593 1972 1626 rem

97 1665 299 1717 malam
342 1674 394 1717 et
435 1667 541 1716 iuri
585 1664 774 1716 divino
816 1673 1236 1734 repugnantem.
1295 1665 1344 1716 cl.
1391 1664 1531 1716 Cum
1567 1683 1764 1717 causae
1794 1666 1976 1716 matri-

97 1754 362 1806 moniales
416 1754 487 1806 ad
541 1754 828 1806 ecclesiam
885 1755 1224 1824 pertineant,
1288 1773 1398 1806 non
1455 1754 1587 1806 licet
1644 1753 1971 1823 coniugibus

96 1854 279 1913 petere
323 1844 623 1895 divortium
665 1843 846 1907 civile,
903 1844 1008 1895 nisi
1059 1852 1225 1894 antea
1267 1843 1334 1894 ob
1380 1862 1603 1895 causam
1647 1845 1970 1895 canonicam

95 1932 376 1984 licentiam
419 1951 474 1984 se
516 1932 810 2002 separandi
853 1931 1210 1987 obtinuerint.

250 2113 379 2166 181.
422 2113 509 2167 De
551 2113 876 2167 advocati&
932 2133 980 2165 α.
1025 2111 1081 2163 Si
1119 2112 1424 2164 advocatus
1460 2120 1642 2181 partes
1671 2111 1970 2163 defensoris

97 2202 308 2254 vinculi
350 2202 789 2268 matrimonialiS,
833 2202 983 2272 quod
1013 2221 1207 2254 verum
1242 2203 1656 2254 matrimonium
1701 2212 1794 2267 est,
1838 2203 1966 2270 agit,

96 2292 205 2343 alia
258 2291 558 2343 difficultas
610 2310 720 2344 non
775 2302 871 2359 est,
927 2301 1313 2362 praeterquam
1356 2291 1504 2361 quod
1548 2309 1714 2342 causa
1755 2292 1811 2341 in
1852 2290 1967 2341 foro

97 2384 493 2452 incompetenti
535 2401 733 2452 nempe
777 2382 930 2434 civili
986 2390 1196 2450 agatur.
1274 2381 1450 2450 Atqui
1504 2399 1542 2431 S.
1589 2379 1744 2431 sedes
1795 2377 1968 2430 decla·

95 2473 241 2523 ravit
301 2473 744 2541 cooperationem
811 2474 867 2524 in
935 2471 1207 2524 eiusmodi
1273 2472 1453 2522 causis
1514 2469 1732 2521 tolerari
1793 2488 1968 2539 posse,

96 2561 433 2627 „dummodo
467 2563 722 2631 episcopo
754 2569 964 2613 constet
993 2561 1059 2613 de
1089 2559 1361 2630 probitate
1391 2559 1669 2625 advocati,
1714 2568 1766 2610 et
1806 2558 1969 2609 advo-

99 2659 251 2702 catus
292 2650 434 2702 nihil
475 2659 618 2719 agat,
661 2651 808 2721 quod
851 2670 881 2702 a
922 2652 1214 2720 principiis
1256 2651 1389 2701 iuris
1419 2648 1689 2700 naturalis
1723 2657 1776 2699 et
1804 2646 1969 2699 eccle--

98 2742 305 2792 siastici
349 2739 708 2807 deflectat‘ffl).
773 2740 816 2793 b.
861 2740 916 2793 Si
957 2740 1262 2792 advocatus
1304 2756 1527 2790 causam
1573 2737 1796 2789 divortii
1837 2738 1967 2804 agit,

99 2830 318 2898 quando
362 2831 623 2897 coniuges
657 2829 806 2881 licite
834 2829 1135 2881 divortium
1172 2836 1383 2899 petunt,
1425 2827 1575 2878 licite
1605 2845 1701 2896 pro
1731 2826 1967 2878 divortio

254 3025 283 3078 ¹)
323 3025 395 3067 Ad
440 3024 774 3079 quaestionem:
824 3038 932 3067 num
982 3025 1175 3067 maritus
1224 3021 1368 3077 possit
1415 3026 1568 3076 petere
1617 3018 1864 3062 divortium
1913 3017 1970 3062 ab

97 3112 235 3142 uxore
275 3100 486 3143 adultera
527 3099 806 3142 intendendo
850 3105 1035 3142 tantum
1078 3097 1344 3151 abrumpere
1392 3096 1581 3138 effectus
1630 3105 1750 3136 mere
1798 3092 1968 3147 civiles,

98 3175 278 3228 quando
309 3173 487 3216 nullum
522 3174 648 3217 aliud
681 3173 878 3216 medium
915 3172 1121 3228 suppetit
1156 3170 1392 3214 obtinendi
1425 3167 1789 3224 repudiationem
1823 3170 1972 3221 pater-

99 3247 265 3290 nitatis
298 3247 414 3291 circa
453 3248 573 3290 filios
613 3246 895 3290 adulterinos
938 3247 1186 3300 horumque
1227 3243 1529 3288 exclusionem
1580 3255 1605 3284 a
1653 3246 1782 3295 parte
1829 3239 1969 3294 prolis

97 3322 335 3377 legitimae
382 3336 418 3365 s.
452 3322 819 3365 Paenitentiaria
865 3322 935 3364 30.
969 3320 1049 3363 iul.
1086 3319 1200 3363 1892
1247 3317 1508 3374 respondit:
1561 3317 1718 3357 orator
1767 3313 1971 3357 consulat

87 3397 310 3452 probatos
341 3400 564 3440 auctores.

255 3469 285 3526 2)
321 3471 367 3514 S.
406 3472 611 3528 Officium
647 3472 715 3514 19.
751 3471 841 3514 dec.
878 3469 1005 3513 1860,

190 3569 220 3599 N
235 3578 256 3601 ο
269 3569 282 3599 l
297 3568 319 3598 d
332 3568 343 3598 i
357 3576 382 3598 n
399 3590 407 3605 ,
434 3567 491 3598 De
515 3566 770 3597 matrimonio.

1731 3536 1787 3578 13
