2269 3898
251 142 307 185 56
987 140 1053 182 De
1085 139 1390 184 matrimonio.

253 276 441 342 exigit,
502 281 560 324 ut
601 291 847 324 summus
901 274 1160 342 princeps
1202 275 1472 326 existente
1516 277 1658 327 iusta
1699 295 1865 328 causa
1909 276 2126 347 dispen-

251 383 370 416 sare
413 363 580 432 possit
621 363 676 412 in
720 363 853 426 iure,
899 361 1046 430 quod
1086 364 1246 413 tertio
1291 366 1601 433 quaesitum
1645 372 1740 417 est.

400 481 439 511 a.
475 465 724 520 Episcopus
759 469 912 519 potest
945 465 1127 519 quidem
1160 466 1208 509 in
1242 466 1388 510 causis
1423 468 1703 522 sponsalium
1750 467 1974 522 iudicare,
2018 482 2128 511 1111111

252 541 418 595 valida,
451 554 559 583 num
593 553 647 582 ex
679 544 873 594 utraque
905 546 1035 594 parte
1069 541 1235 593 soluta,
1280 554 1388 584 num
1423 554 1478 584 ex
1525 555 1616 585 una
1649 547 1779 598 parte
1821 542 2132 586 rescindibilia

252 616 359 669 sint,
393 619 442 657 at
475 613 631 657 valida
664 613 892 667 sponsalia
925 627 1004 668 per
1038 614 1423 669 dispensationem
1459 616 1631 660 solvere
1663 617 1846 671 nequit:
1890 616 1968 660 ubi
2009 617 2129 661 enim

251 690 299 732 in
333 687 619 744 sponsalibus
655 689 960 743 dispensatur,
994 688 1065 732 ius
1099 689 1373 743 acquisitum
1409 690 1599 734 alterius
1633 691 1779 747 partis
1803 693 2030 742 aufertur;
2065 695 2131 735 at-

249 764 325 819 qui
357 763 429 806 ius
460 763 581 806 iuste
606 762 879 817 acquisitum
904 765 1082 806 auferre
1104 777 1194 806 non
1217 769 1369 818 potest
1393 764 1485 807 nisi
1510 778 1714 809 summus
1738 766 1961 822 princeps,
1994 766 2130 821 idque

250 840 392 882 solum
427 838 504 881 11111
537 837 720 880 utilitas
754 837 936 892 publica
967 838 1014 880 id
1048 839 1268 892 postulat.

398 915 433 956 b.
469 912 680 956 Summus
713 913 922 967 pontifex
953 917 1048 968 <per
1083 913 1124 956 S
1159 913 1204 956 C.
1238 914 1303 967 G.)
1336 914 1598 969 dispensare
1631 916 1760 970 solet,
1806 916 1843 959 si
1887 929 1979 959 una
2025 929 2130 971 pars

248 989 574 1044 obligationem
609 987 889 1042 sponsalium
923 987 1128 1043 implere,
1162 989 1309 1032 altera
1341 1002 1446 1032 vero
1479 989 1550 1033 ius
1584 989 1860 1045 acquisitum
1894 989 2130 1033 remit-tere

247 1068 441 1117 recusat,
474 1067 520 1106 et
553 1062 590 1105 si
624 1062 832 1105 omnibus
866 1062 1165 1106 considerat-is
1198 1063 1372 1107 maiora
1405 1064 1522 1108 bona
1554 1078 1608 1108 ex
1641 1064 1868 1108 solutione
1901 1078 2036 1119 quam
2077 1077 2131 1107 ex

247 1137 575 1193 adimpletione
608 1137 887 1192 sponsalium
930 1137 1270 1192 praevidentur.
1337 1138 1520 1182 Occasio
1566 1139 1859 1194 dispensandi
1904 1151 1936 1181 s.
1985 1139 2132 1193 ponti-

249 1213 322 1256 fici
356 1217 456 1255 tum
491 1212 757 1267 praesertim
793 1225 838 1255 se
872 1214 1021 1266 offert,
1054 1212 1131 1255 ubi
1166 1212 1333 1267 aliquis
1376 1217 1479 1268 post
1523 1213 1643 1256 inita
1688 1213 1919 1268 sponsalia
1970 1213 2131 1256 relicta

247 1300 410 1341 sponsa
458 1300 559 1329 cum
607 1287 699 1329 alia
747 1285 1091 1329 matrimonium
1142 1287 1276 1330 civile
1325 1288 1557 1331 contrahit
1603 1294 1648 1332 et
1712 1295 1871 1343 postea
1915 1302 2012 1331 cum
2048 1289 2132 1331 hac

249 1361 590 1404 matrimonium
625 1374 772 1404 coram
808 1361 995 1404 ecclesia
1027 1361 1309 1417 inirepetit,
1356 1362 1504 1417 prima
1552 1376 1715 1418 sponsa
1759 1376 1864 1406 vero
1912 1363 2003 1406 iuri
2052 1376 2130 1406 suo

246 1436 470 1492 acquisito
504 1436 769 1480 renuntiare
801 1437 1033 1490 recusat¹).

427 1617 459 1671 ,ἕ
492 1619 545 1662 2.
579 1617 813 1670 Causae,
858 1617 922 1661 ob
956 1630 1102 1673 quas
1133 1620 1431 1672 sponsalia
1464 1621 1782 1663 rescindere
1812 1621 1954 1663 licet.

398 1737 686 1788 Existente
728 1755 911 1802 causa,
968 1755 1106 1806 quae
1149 1738 1245 1787 uni
1304 1738 1445 1806 parti
1502 1735 1820 1788 facultatem
1877 1737 2133 1789 concedit

247 1826 597 1878 rescindendi
642 1825 933 1896 sponsalia,
993 1826 1128 1878 haec
1170 1845 1297 1896 pars
1347 1846 1442 1896 pro
1493 1827 1674 1878 lubitu
1715 1827 1991 1896 sponsalia
2034 1826 2131 1879 sol-

249 1935 377 1968 vere
438 1924 645 1985 potest;
716 1915 910 1985 quodsi
972 1917 1092 1984 ipsa
1152 1935 1184 1967 a
1245 1915 1595 1985 sponsalibus
1655 1916 1918 1970 recedere
1979 1916 2131 1983 nolit,

248 2006 403 2058 alteri
469 2009 628 2076 parti,
697 2024 837 2075 quae
898 2024 1090 2056 ansam
1157 2005 1409 2057 solvendi
1472 2005 1640 2070 dedit,
1702 2006 1961 2058 recedere
2022 2024 2133 2057 non

248 2097 390 2163 licet,
435 2097 540 2148 nisi
581 2096 719 2147 forte
749 2097 1163 2147 matrimonium
1206 2096 1255 2146 ei
1299 2095 1617 2147 notabiliter
1647 2097 1873 2166 gravius
1915 2098 2133 2148 existat.

249 2186 540 2239 Eiusmodi
598 2204 796 2238 causae
854 2196 961 2237 tres
1018 2187 1299 2237 numerari
1354 2194 1614 2255 possunt:
1660 2206 1706 2240 a.
1750 2185 1944 2237 fractio
2002 2185 2132 2238 fidei

249 2276 628 2345 sponsalitiae3
672 2275 715 2329 b.
758 2283 929 2327 status
957 2294 1140 2327 rerum
1180 2295 1210 2325 a
1248 2277 1468 2342 cognito
1501 2275 1782 2342 diversus3
1828 2297 1868 2327 6.
1900 2277 2131 2328 mutatio

249 2365 525 2418 notabilis.

396 2530 491 2584 58.
536 2529 799 2583 violatio
839 2529 979 2582 fidei
1022 2530 1452 2597 sponsalitiae:
1496 2548 1625 2580 nam
1657 2528 1824 2579 fidem
1851 2528 2132 2597 frangenti

249 2620 384 2672 fides
441 2619 715 2672 servanda
773 2638 881 2671 non
925 2630 1036 2685 est3
1095 2621 1338 2671 actiones
1389 2629 1591 2683 autem,
1651 2636 1748 2688 per
1805 2636 1940 2688 quas
1998 2617 2135 2669 fides

249 2708 571 2779 sponsalitia
614 2709 808 2761 violari
851 2721 1122 2776 censetur,
1164 2719 1291 2761 sunt
1333 2710 1679 2779 potissimum
1723 2716 2045 2778 sequentes:

401 2819 447 2851 a.
481 2800 662 2851 Nimis
693 2798 909 2869 defferre
937 2800 1329 2851 matrimonium
1357 2798 1783 2852 contrahendum.
1851 2796 1958 2850 Vel
1986 2799 2135 2849 enim

251 2888 598 2957 sponsalibus
664 2889 944 2954 praefixus
1024 2897 1105 2940 est
1178 2890 1447 2940 terminus
1514 2888 1855 2939 matrimonii
1922 2894 2134 2939 contra-

254 2977 423 3029 hendi
454 2977 541 3029 vel
584 2978 765 3030 nullus
794 2980 1074 3048 praefixus
1117 2987 1211 3033 est.
1253 2996 1306 3030 α.
1351 2978 1404 3031 Si
1448 2979 1705 3048 primum,
1749 2976 1838 3028 vel
1867 2978 2135 3028 terminus

253 3067 531 3136 praefixus
592 3076 670 3119 est
730 3068 801 3120 ad
862 3068 1164 3121 finiendam
1230 3067 1641 3137 obligationem,
1711 3085 1818 3137 quo
1883 3068 1940 3117 in
2003 3084 2135 3117 casu

252 3156 435 3226 elapso
465 3158 698 3208 termino
741 3157 1017 3227 sponsalia
1060 3160 1177 3228 ipso
1221 3159 1337 3209 iure
1381 3176 1450 3209 ex
1493 3166 1724 3227 utraque
1759 3164 1914 3226 parte
1957 3154 2135 3207 soluta

254 3256 397 3313 sunt,
441 3246 528 3298 vel
557 3248 823 3298 terminus
852 3248 1131 3316 praefixus
1163 3257 1242 3299 est
1282 3248 1352 3299 ad
1382 3246 1691 3316 urgendam
1721 3245 2133 3313 obligationem,

257 3353 362 3405 quo
418 3337 474 3386 in
519 3354 666 3401 casu,
722 3337 837 3387 sive
894 3336 1159 3406 culpabili
1214 3338 1330 3388 sive
1385 3336 1712 3406 inculpabili
1767 3353 1919 3387 mora
1971 3335 2136 3386 unius

412 3515 438 3567 ¹)
468 3514 535 3557 Cf.
570 3515 681 3557 Acta
715 3528 751 3558 s.
785 3514 909 3557 sedis
940 3514 1038 3556 XV.
1074 3528 1114 3569 p.
1150 3516 1249 3558 586.
