2269 3898
819 177 886 219 De
918 175 1117 219 subiecto
1148 175 1277 230 legis.
1896 177 1980 219 139

117 323 153 353 e.
188 322 231 364 g.
268 323 321 352 ex
355 310 455 364 lege
488 308 691 351 naturali
715 308 931 362 procedit.
995 309 1092 352 Iam
1117 309 1365 363 quaeritur,
1386 322 1495 352 num
1522 309 1759 364 legislator
1776 313 1987 352 teneatur

116 383 295 438 legibus
328 397 355 426 a
387 395 433 425 se
462 382 588 426 latis.

267 457 302 498 b.
336 455 596 510 Legislator
628 456 700 498 vel
733 460 801 499 est
835 456 1076 511 collegium
1110 457 1325 511 plurium,
1359 458 1476 511 quod
1521 457 1664 500 solum
1710 459 1985 511 potestat-em

115 531 354 586 legiferam
388 543 592 573 exercere
624 533 777 585 potest
809 535 863 572 ut
894 530 941 573 in
984 531 1215 585 republica
1260 531 1501 585 collegium
1550 532 1871 585 deputatorum
1914 531 1986 573 vel

116 605 314 658 synodus
347 604 641 659 provincialis
683 605 755 647 vel
799 605 1052 660 capitulum
1099 606 1308 660 generale
1348 606 1396 647 in
1440 606 1707 659 quibusdam
1754 604 1986 647 ordinibus

114 678 356 734 religiosiS,
389 679 461 722 vel
494 682 562 721 est
596 678 844 733 singularis
877 692 1064 734 persona
1099 684 1151 722 ut
1175 694 1307 735 papa,
1332 679 1582 734 episcopus,
1615 680 1874 734 imperator,
1912 678 1987 733 qui

116 754 237 796 solus
270 754 393 808 leges
427 753 615 796 condere
647 758 813 808 potest.

273 842 318 895 1.
372 840 481 906 Qui
539 851 879 911 componunt
932 842 1222 911 collegium
1277 851 1546 912 potestate
1588 843 1815 912 legifera
1857 844 1982 893 insi-

114 932 348 999 gnitum,
390 939 649 983 tenentur
687 931 903 1000 legibus
932 952 964 983 a
1005 952 1061 984 se
1101 932 1257 984 latis:
1302 932 1505 1000 singuli
1549 934 1696 984 enim
1740 931 1985 999 collegio,

117 1021 265 1090 quod
318 1027 587 1089 potestate
647 1021 874 1088 legifera
926 1021 1115 1090 pollet,
1179 1040 1308 1073 vere
1365 1021 1749 1074 subiiciuntur.
1844 1021 1986 1090 Ergo

115 1129 335 1179 praeses
376 1109 716 1179 reipublicae
757 1118 975 1162 tenetur
1015 1109 1231 1180 legibus
1271 1110 1632 1180 reipublicae,
1678 1111 1988 1180 metropoli-

115 1210 278 1251 tanus
318 1199 533 1269 legibus
576 1200 773 1268 synodi
817 1201 1190 1270 provincialis,
1234 1201 1513 1271 praelatus
1554 1200 1820 1269 regularis
1861 1199 1988 1267 legi-

116 1289 220 1340 bus
262 1288 489 1357 capituli
531 1289 817 1357 generalis.

269 1394 523 1449 Singularis
555 1394 731 1445 relatio,
766 1408 853 1448 qua
897 1407 1099 1437 summus
1147 1394 1357 1448 pontifex
1404 1396 1600 1437 refertur
1646 1394 1704 1436 ad
1752 1393 1989 1436 concilium

116 1468 466 1523 oecumenicum,
499 1482 587 1523 qua
618 1469 835 1512 nimirum
870 1473 939 1511 est
972 1481 1109 1523 supra
1152 1468 1408 1521 concilium,
1462 1468 1622 1522 efficit,
1668 1472 1722 1510 ut
1761 1467 1858 1522 ipse
1901 1481 1990 1510 non

116 1542 177 1585 sit
211 1542 439 1585 subiectus
470 1542 650 1597 legibus
683 1543 731 1585 in
765 1542 952 1585 concilio
987 1542 1268 1586 oecumenico
1303 1543 1426 1587 latiS.

265 1632 314 1684 2.
358 1631 684 1700 Legislator,
727 1633 820 1701 qui
864 1632 1010 1683 solus
1039 1632 1182 1682 ferre
1209 1640 1389 1701 potest
1415 1631 1579 1700 leges,
1623 1651 1732 1684 non
1775 1640 1990 1683 tenetur

116 1721 227 1771 suis
267 1719 485 1788 legibus
527 1721 709 1791 quoad
751 1723 867 1772 vim
912 1723 1240 1784 coactivam,
1294 1721 1388 1772 sed
1432 1721 1606 1773 solum
1650 1721 1834 1791 quoad
1875 1722 1989 1772 vim

117 1811 548 1879 praeceptivam,
590 1818 835 1863 attamen
879 1811 1147 1862 indirecte
1189 1818 1421 1862 tantum.

265 1913 403 1956 Ratio
425 1915 576 1969 primi
606 1920 689 1969 est,
723 1915 829 1969 quia
860 1928 991 1958 nemo
1025 1929 1070 1957 se
1102 1915 1253 1970 ipsum
1289 1914 1490 1969 obligare
1523 1919 1675 1970 potest
1708 1915 1753 1957 vi
1773 1915 1990 1969 coactiva,

116 1987 164 2030 id
198 1988 315 2042 quod
351 2002 503 2031 omnes
537 1989 809 2041 concedunt,
860 1989 960 2032 ideo
994 2002 1074 2032 nec
1107 2003 1226 2044 papa
1259 2003 1339 2032 nec
1372 1989 1607 2044 episcopus
1654 1989 1848 2032 incurrit
1898 2003 1992 2032 cen-

118 2075 246 2105 suras
279 2076 305 2105 a
329 2076 374 2106 se
396 2063 530 2106 latas.
596 2063 734 2106 Ratio
757 2063 946 2106 secundi
966 2069 1049 2117 est,
1084 2063 1190 2117 quia
1213 2064 1357 2106 solum
1382 2063 1571 2106 inferior
1594 2077 1620 2106 a
1643 2077 1722 2106 suo
1747 2063 1990 2118 superiore,

116 2149 248 2179 nemo
281 2141 434 2179 autem
469 2151 495 2179 a
529 2136 675 2191 seipso
708 2150 811 2180 vere
845 2142 890 2180 et
924 2137 1093 2180 directe
1127 2136 1321 2192 obligari
1355 2141 1522 2192 potest,
1555 2138 1672 2192 quod
1692 2138 1991 2196 communiter

118 2211 173 2254 ab
206 2211 465 2254 auctoribus
498 2211 772 2256 conceditur.
836 2212 974 2255 Ratio
1008 2212 1137 2254 tertii
1166 2216 1250 2267 est,
1283 2212 1389 2267 quia
1421 2213 1522 2267 lege
1554 2213 1757 2256 naturali
1803 2217 1986 2256 tenetur

117 2284 356 2339 legislator
389 2299 434 2328 se
467 2287 747 2329 conformare
781 2286 874 2329 suis
907 2286 1104 2329 subditis
1137 2287 1185 2329 in
1220 2286 1533 2330 observatione
1565 2288 1734 2342 legum,
1760 2300 1871 2341 quas
1893 2287 1989 2341 ipse

118 2351 347 2404 condidit:
382 2360 546 2403 bonum
582 2361 701 2404 enim
734 2375 984 2410 commune,
1019 2361 1137 2416 quod
1171 2375 1411 2416 procurare
1444 2366 1641 2416 tenetur,
1676 2361 1873 2404 maxime
1895 2374 1989 2416 pro-

118 2439 327 2478 movetur
361 2434 473 2478 bono
507 2435 735 2490 exemplo:
770 2434 956 2490 insuper
991 2435 1132 2490 decet,
1165 2440 1218 2478 ut
1252 2440 1388 2490 caput
1423 2435 1769 2478 communitatis
1804 2449 1849 2478 se
1894 2449 1989 2478 con-

117 2511 286 2552 formet
319 2509 654 2564 communitati,
688 2510 759 2552 cui
792 2514 985 2565 praeest.

269 2601 316 2653 3.
357 2599 666 2668 Legislator
706 2609 908 2665 autem,
953 2602 1047 2670 qui
1089 2600 1267 2668 legem
1297 2620 1328 2652 a
1358 2619 1414 2652 se
1455 2600 1623 2651 latam
1667 2602 1785 2652 sine
1828 2618 1993 2651 causa

118 2707 229 2740 non
287 2674 559 2755 observat,
617 2689 827 2742 secluso
887 2689 1147 2742 scandalo
1208 2692 1453 2758 graviter
1511 2708 1621 2741 non
1684 2700 1878 2759 peccat
1939 2698 1992 2741 et

119 2779 418 2830 accedente
458 2779 776 2830 rationabili
821 2798 986 2831 causa
1027 2799 1058 2831 a
1099 2779 1218 2848 lege
1261 2781 1486 2830 omnino
1530 2786 1841 2843 excusatur,
1893 2780 1989 2829 etsi

120 2867 328 2919 subditi
371 2886 491 2918 eam
521 2867 794 2919 violantes
834 2871 1080 2936 graviter
1120 2864 1382 2938 peccent:
1426 2870 1544 2937 ipse
1587 2870 1732 2920 enim
1777 2887 1845 2919 ex
1886 2868 1994 2920 alia

119 2955 240 3025 lege
271 2964 324 3007 et
351 2974 419 3007 ex
448 2956 554 3007 alio
581 2957 688 3008 fine
718 2956 1010 3025 obligatur,
1054 2957 1266 3009 scilicet
1307 2967 1366 3009 ut
1409 2976 1464 3009 se
1507 2958 1811 3009 conformet
1853 2975 1991 3008 com—

120 3047 395 3112 munitati,
440 3047 528 3096 cui
569 3054 801 3115 praeest,
844 3047 901 3098 id
931 3047 1076 3117 quod
1121 3049 1294 3116 exigit
1335 3049 1585 3117 aequitas
1628 3055 1680 3098 et
1723 3048 1990 3099 decentia.

268 3209 386 3264 121.
435 3210 520 3263 De
560 3211 787 3277 pueris.

269 3314 529 3357 Notandum
565 3317 633 3356 est
665 3313 868 3357 infantes
891 3315 1056 3368 vocari,
1090 3314 1166 3368 qui
1203 3315 1240 3356 7.
1275 3314 1442 3358 aetatis
1476 3328 1643 3357 annum
1678 3314 1878 3356 nondum
1908 3314 1988 3356 im-

121 3388 385 3442 pleverunt;
422 3392 525 3442 post
548 3387 836 3442 septennium
859 3388 1091 3442 expletum
1117 3388 1375 3443 impuberes
1392 3392 1627 3441 vocant-ur,
1660 3386 1787 3442 pueri
1812 3387 1992 3441 quidem

121 3474 263 3515 usque
295 3462 353 3504 ad
391 3460 474 3516 14„
506 3461 684 3515 puellae
716 3466 869 3505 autem
910 3475 1051 3515 usque
1091 3462 1149 3505 ad
1184 3462 1253 3505 12.
1287 3462 1456 3505 aetatis
1489 3475 1658 3504 annum
1692 3461 1991 3516 completum;

121 3535 346 3589 completa
378 3535 460 3578 hac
492 3539 645 3579 aetate
665 3535 868 3591 puberes
899 3540 1132 3579 vocantur.
