2269 3898
636 160 701 202 De
732 160 1074 214 impedimentis
1107 160 1403 203 matrimonii.
1898 163 1952 204 91

82 291 156 333 sed
190 292 246 334 ad
291 292 568 335 ordinarium
617 293 857 335 deferenda
907 298 987 335 est.
1054 292 1171 345 Quid
1219 294 1266 335 in
1315 294 1395 336 hoc
1445 307 1550 336 casu
1598 295 1825 349 agendum
1880 295 1957 349 sit,

83 365 208 408 docet
244 366 388 409 citata
420 366 663 409 instructio
698 379 730 408 s.
767 366 932 409 Officii.

231 442 266 489 ᾖ.
302 440 347 482 Si
381 440 543 482 coniux
587 439 701 482 bona
750 440 840 483 fide
887 454 1053 483 novum
1103 441 1444 484 matrimonium
1495 444 1723 486 contraxit
1772 443 1956 486 vivente

79 516 225 559 adhuc
259 517 405 559 altera
436 524 582 571 parte,
616 518 696 560 hoc
740 516 1084 559 matrimonium
1132 521 1237 571 post-
1287 522 1477 560 mortem
1525 517 1768 572 compartis
1808 517 1959 571 reipsa

80 597 279 634 secutam
312 604 401 633 non
434 592 490 633 fit
525 604 577 633 ex
611 604 657 634 se
690 591 910 645 validum,
946 591 1021 633 sed
1054 590 1262 633 renovari
1298 590 1430 633 debet
1463 604 1716 633 consensus.

707 756 738 809 ,ἕ
770 758 822 799 8.
868 756 1329 799 Clandestinitas.

231 872 321 927 92.
386 873 618 927 Natura
680 873 1117 940 impedimenti.
1209 872 1677 941 Impedimentum
1740 872 1951 923 clande-

78 964 347 1014 stinitatz's
399 965 457 1014 in
510 981 571 1014 eo
627 964 892 1027 consistit,
949 963 1095 1032 quod
1150 963 1564 1013 matrimonium
1620 962 1959 1014 clandestine

78 1054 110 1106 i.
161 1072 203 1105 e.
263 1054 379 1104 sine
433 1051 795 1103 sollemnitate
849 1051 919 1102 ab
976 1050 1207 1103 ecclesia
1260 1053 1597 1120 praescripta
1652 1053 1851 1103 initum
1902 1053 1958 1102 in

78 1141 228 1206 locis,
288 1143 344 1192 in
402 1141 602 1211 quibus
659 1141 1067 1210 promulgatum
1125 1149 1204 1192 est
1257 1141 1539 1192 decretum
1591 1141 1954 1192 tridentinum

87 1231 332 1297 Tametsi,
375 1230 684 1282 invalidum
727 1230 859 1296 sitl).

231 1349 271 1377 a.
308 1334 599 1377 Sollemm'tas
640 1347 717 1377 seu
761 1336 908 1377 forma
956 1334 1140 1377 ineundi
1188 1334 1470 1377 matrimonii
1514 1334 1570 1377 ab
1612 1334 1798 1377 ecclesia
1839 1347 1960 1389 prae-

79 1409 248 1463 scripta
281 1409 390 1452 haec
423 1415 507 1463 est,
539 1414 593 1452 ut
626 1422 776 1452 eoram
805 1409 995 1464 proprio
1018 1408 1224 1463 parocho
1259 1411 1303 1451 et
1350 1408 1521 1451 dnobus
1563 1409 1722 1451 saltem
1772 1409 1961 1451 testibus

78 1484 387 1527 contrahatur.
450 1483 573 1526 Haec
606 1484 888 1526 sollemnitas
923 1482 1091 1525 dicitur
1123 1483 1471 1526 substantialis:
1521 1484 1686 1538 duplex
1733 1483 1851 1526 enim
1897 1483 1961 1525 di-

78 1558 334 1614 stinguitur
367 1558 650 1601 sollemnitas
683 1557 981 1611 matrimonii,
1015 1557 1350 1611 substantialis‚
1395 1571 1508 1612 quae
1541 1558 1598 1600 ad
1630 1558 1829 1600 valorem
1873 1571 1961 1599 ma-

79 1632 282 1675 trimonii
315 1632 577 1686 requiritur,
611 1636 656 1674 et
690 1631 996 1684 accidentalis,
1044 1644 1157 1685 quae
1199 1631 1255 1673 ad
1299 1631 1497 1674 valorem
1548 1631 1830 1674 matrimonii
1872 1645 1962 1673 non

77 1707 338 1761 requiritur,
372 1711 417 1749 et
453 1705 679 1748 dividitur
711 1705 757 1747 in
793 1705 1142 1760 (tietececlentem,
1176 1718 1289 1760 quae
1322 1706 1369 1747 in
1404 1706 1838 1760 proclamationibus
1871 1720 1962 1748 ma·

78 1781 291 1824 trimonio
326 1779 677 1836 praemittendis
711 1779 937 1834 consistit,
970 1786 1015 1822 et
1048 1779 1096 1822 in
1130 1782 1486 1835 consequentem,
1523 1794 1636 1835 quae
1677 1781 1725 1823 in
1759 1781 1959 1824 benedic-

77 1855 200 1899 tione
233 1855 433 1911 nuptiali
466 1859 571 1910 post
603 1854 948 1897 matrimonium
984 1859 1267 1897 contractum
1301 1854 1608 1910 impertienda
1642 1856 1865 1898 consistit.

227 1931 264 1972 h.
297 1929 642 1973 Matrimonium
677 1929 1004 1972 clandestinum
1039 1929 1266 1985 (geheime
1300 1930 1412 1983 Ehe)
1444 1930 1703 1984 antiquitus
1752 1929 1964 1973 dicebant

80 2005 438 2059 matrimonium,
473 2005 590 2059 quod
621 2005 725 2058 (etsi
759 2004 863 2047 aliis
898 2004 1228 2059 praesentibus)
1261 2004 1356 2047 sine
1391 2004 1658 2047 assistentia
1691 2010 1737 2047 et
1761 2004 1962 2047 benedic-

79 2080 202 2123 tione
246 2079 492 2122 sacerdotis
533 2079 899 2122 contrahebatur.
976 2078 1219 2133 Postquam
1275 2078 1513 2121 concilium
1560 2079 1845 2122 lateranense
1888 2079 1961 2121 IV.

78 2155 226 2208 41-215)
259 2154 651 2197 matrimoniorum
688 2153 1068 2208 proclamationes
1102 2153 1305 2208 publicas
1330 2153 1698 2208 praescripserat,
1731 2153 1960 2197 matrimo-

79 2230 203 2272 nium
230 2229 564 2272 clandestinum
591 2228 800 2272 dicebant
820 2228 1164 2271 matrimonium
1190 2228 1287 2271 sine
1306 2228 1504 2283 praeviis
1529 2228 1963 2283 proclamationibus

79 2305 261 2347 initum.
326 2304 455 2346 Nunc
496 2303 839 2346 matrimonium
883 2303 1217 2346 clandestinum
1264 2303 1432 2346 dicitur
1477 2303 1820 2346 matrimonium
1867 2303 1963 2346 sine

80 2379 270 2434 parocho
305 2385 350 2422 et
384 2377 580 2421 testibus
623 2391 701 2421 seu
745 2377 841 2420 sine
883 2379 1031 2420 forma
1071 2391 1098 2420 a
1146 2377 1334 2420 concilio
1384 2377 1638 2421 tridentino
1682 2378 1963 2432 praescripta

77 2454 259 2498 initum.

230 2544 262 2572 c.
297 2529 398 2572 Etsi
432 2529 530 2571 iure
561 2536 753 2570 naturae
786 2529 843 2571 ad
878 2528 1029 2572 valide
1061 2527 1310 2571 ineundum
1346 2527 1689 2570 matrimonium
1724 2527 1850 2570 aliud
1873 2541 1962 2570 non

80 2604 351 2658 requiratur,
385 2603 473 2646 nisi
509 2610 696 2646 mutuus
720 2603 1087 2646 contrahentium
1113 2616 1370 2656 consensus,
1393 2602 1580 2646 ecclesia
1602 2608 1756 2646 tamen
1790 2615 1965 2657 semper

83 2679 313 2722 detestata
361 2682 429 2720 est
478 2685 616 2732 atque
664 2678 822 2721 illicita
875 2677 1126 2721 declaravit
1159 2676 1454 2720 matrimonia
1503 2677 1802 2732 clandestina,
1854 2677 1962 2732 quin

82 2760 236 2796 tamen
255 2757 363 2795 ante
381 2751 620 2795 concilium
640 2752 945 2795 tridentinum
960 2765 1011 2795 ea
1031 2749 1347 2805 irritaverit²>;
1369 2751 1607 2794 concilium
1626 2757 1780 2795 autem
1799 2751 1966 2794 triden-

83 2828 248 2882 tinum,
282 2827 438 2870 volens
471 2839 699 2869 occurrere
732 2826 865 2869 malis
889 2832 935 2870 et
958 2826 1172 2881 peccatis,
1206 2840 1319 2880 quae
1343 2840 1396 2870 ex
1419 2825 1716 2869 clandestinis
1740 2825 1964 2880 coniugiis

83 2903 307 2957 oriuntur,
342 2915 393 2945 ea
424 2915 514 2944 non
548 2901 693 2944 solum
727 2901 893 2944 illicita
927 2902 1003 2945 sed
1038 2901 1177 2944 etiam
1212 2901 1345 2943 irrita
1379 2908 1424 2944 et
1468 2900 1669 2942 incalida
1715 2900 1965 2943 declaravit

82 2977 231 3032 capite
265 2976 552 3020 celeberrimo
591 2975 797 3018 Tametsi.

232 3051 273 3093 cl.
308 3050 468 3106 Sponsi
502 3063 623 3105 ergo,
657 3049 733 3104 qui
765 3049 813 3093 in
845 3049 970 3104 locis,
1003 3049 1080 3093 ubi
1113 3050 1187 3093 lex
1221 3049 1475 3092 tridentina
1518 3063 1608 3092 non
1650 3048 1794 3103 viget,
1835 3052 1965 3091 extra

83 3139 235 3168 casum
268 3125 555 3169 necessitatis
588 3138 678 3167 non
711 3124 758 3167 in
790 3124 907 3167 facie
940 3125 1169 3169 ecclesiae,
1211 3125 1288 3167 sed
1333 3124 1448 3167 clam
1482 3124 1604 3167 inter
1648 3137 1693 3167 se
1735 3124 1851 3166 solos
1892 3123 1962 3166 vel

83 3213 229 3243 coram
266 3200 358 3242 solo
392 3199 671 3254 magistratu
705 3198 832 3241 civili
865 3199 1158 3254 contrahunt,
1189 3199 1397 3255 §rariter
1420 3202 1626 3254 peccant,
1670 3198 1777 3241 licet
1811 3210 1961 3240 eorum

84 3274 427 3316 matrimonium
461 3273 666 3316 validum
701 3273 774 3315 sit.

242 3456 270 3506 ²)
306 3452 418 3496 Sess.
454 3453 524 3494 24.
561 3467 596 3495 0.
631 3455 671 3495 1.
705 3453 771 3495 De
803 3454 969 3495 reform
1003 3456 1135 3495 matr.

238 3527 270 3581 ’ἢ
302 3527 369 3570 Cf.
407 3541 464 3570 cc.
501 3528 629 3570 1—6.
666 3541 700 3570 0.
735 3526 804 3569 30.
842 3541 882 3581 q.
917 3526 956 3568 ἵ).
