<?xml version="1.0" encoding="UTF-8"?>
<!DOCTYPE html PUBLIC "-//W3C//DTD XHTML 1.0 Transitional//EN"
    "http://www.w3.org/TR/xhtml1/DTD/xhtml1-transitional.dtd">
<html xmlns="http://www.w3.org/1999/xhtml" xml:lang="en" lang="en">
 <head>
  <title>
</title>
<meta http-equiv="Content-Type" content="text/html;charset=utf-8" />
  <meta name='ocr-system' content='tesseract 3.04.00' />
  <meta name='ocr-capabilities' content='ocr_page ocr_carea ocr_par ocr_line ocrx_word'/>
</head>
<body>
  <div class='ocr_page' id='page_1' title='image "./summatheologiaem00nold_0454.png"; bbox 0 0 2269 3898; ppageno 0'>
   <div class='ocr_carea' id='block_1_1' title="bbox 245 151 1391 201">
    <p class='ocr_par' dir='ltr' id='par_1_1' title="bbox 245 151 1391 201">
     <span class='ocr_line' id='line_1_1' title="bbox 245 151 1391 201; baseline -0.006 0"><span class='ocrx_word' id='word_1_1' title='bbox 245 160 300 201; x_wconf 77' lang='lat'>86</span> <span class='ocrx_word' id='word_1_2' title='bbox 981 154 1046 196; x_wconf 91' lang='lat' dir='ltr'>De</span> <span class='ocrx_word' id='word_1_3' title='bbox 1083 151 1391 195; x_wconf 88' lang='lat' dir='ltr'>matrimonio.</span> 
     </span>
    </p>
   </div>
   <div class='ocr_carea' id='block_1_2' title="bbox 244 284 2135 925">
    <p class='ocr_par' dir='ltr' id='par_1_2' title="bbox 246 284 2129 419">
     <span class='ocr_line' id='line_1_2' title="bbox 246 284 2129 344; baseline -0.003 -11"><span class='ocrx_word' id='word_1_4' title='bbox 246 291 407 333; x_wconf 85' lang='lat' dir='ltr'>habere</span> <span class='ocrx_word' id='word_1_5' title='bbox 440 303 529 332; x_wconf 88' lang='lat' dir='ltr'>non</span> <span class='ocrx_word' id='word_1_6' title='bbox 564 294 771 344; x_wconf 79' lang='lat' dir='ltr'>possunt,</span> <span class='ocrx_word' id='word_1_7' title='bbox 807 286 984 330; x_wconf 88' lang='lat' dir='ltr'>dicendi</span> <span class='ocrx_word' id='word_1_8' title='bbox 1027 289 1135 328; x_wconf 88' lang='lat' dir='ltr'>sunt</span> <span class='ocrx_word' id='word_1_9' title='bbox 1175 285 1467 340; x_wconf 80' lang='lat' dir='ltr'>impotenteS‚</span> <span class='ocrx_word' id='word_1_10' title='bbox 1510 284 1616 339; x_wconf 90' lang='lat' dir='ltr'>quia</span> <span class='ocrx_word' id='word_1_11' title='bbox 1655 285 1879 328; x_wconf 89' lang='lat' dir='ltr'>inhabiles</span> <span class='ocrx_word' id='word_1_12' title='bbox 1920 289 2028 328; x_wconf 87' lang='lat' dir='ltr'>sunt</span> <span class='ocrx_word' id='word_1_13' title='bbox 2071 286 2129 328; x_wconf 78' lang='lat' dir='ltr'>ad</span> 
     </span>
     <span class='ocr_line' id='line_1_3' title="bbox 250 358 2129 419; baseline -0.003 -12"><span class='ocrx_word' id='word_1_14' title='bbox 250 364 524 419; x_wconf 86' lang='lat' dir='ltr'>praestanda</span> <span class='ocrx_word' id='word_1_15' title='bbox 559 376 622 416; x_wconf 89' lang='lat' dir='ltr'>ea,</span> <span class='ocrx_word' id='word_1_16' title='bbox 657 375 770 416; x_wconf 87' lang='lat' dir='ltr'>quae</span> <span class='ocrx_word' id='word_1_17' title='bbox 802 362 860 404; x_wconf 85' lang='lat' dir='ltr'>ad</span> <span class='ocrx_word' id='word_1_18' title='bbox 895 360 1096 416; x_wconf 77' lang='lat' dir='ltr'>copulam</span> <span class='ocrx_word' id='word_1_19' title='bbox 1129 359 1388 401; x_wconf 75' lang='lat' dir='ltr'><em>naturalem</em></span> <span class='ocrx_word' id='word_1_20' title='bbox 1434 358 1742 403; x_wconf 76' lang='lat' dir='ltr'>essentialiter</span> <span class='ocrx_word' id='word_1_21' title='bbox 1784 359 2129 413; x_wconf 76' lang='lat' dir='ltr'>requiruntur¹&gt;.</span> 
     </span>
    </p>

    <p class='ocr_par' dir='ltr' id='par_1_3' title="bbox 244 432 2135 925">
     <span class='ocr_line' id='line_1_4' title="bbox 386 432 2129 493; baseline -0.002 -14"><span class='ocrx_word' id='word_1_22' title='bbox 386 440 424 493; x_wconf 73' lang='lat' dir='ltr'>f.</span> <span class='ocrx_word' id='word_1_23' title='bbox 461 437 587 480; x_wconf 84' lang='lat' dir='ltr'>Inter</span> <span class='ocrx_word' id='word_1_24' title='bbox 621 449 777 479; x_wconf 79' lang='lat' dir='ltr'>causas</span> <span class='ocrx_word' id='word_1_25' title='bbox 812 434 1114 490; x_wconf 81' lang='lat' dir='ltr'>impotentiae</span> <span class='ocrx_word' id='word_1_26' title='bbox 1146 438 1322 476; x_wconf 80' lang='lat' dir='ltr'>veteres</span> <span class='ocrx_word' id='word_1_27' title='bbox 1357 432 1561 487; x_wconf 82' lang='lat' dir='ltr'>theologi</span> <span class='ocrx_word' id='word_1_28' title='bbox 1596 437 1641 476; x_wconf 93' lang='lat' dir='ltr'>et</span> <span class='ocrx_word' id='word_1_29' title='bbox 1684 433 1946 476; x_wconf 86' lang='lat' dir='ltr'>canonistae</span> <span class='ocrx_word' id='word_1_30' title='bbox 1989 433 2129 476; x_wconf 87' lang='lat' dir='ltr'>etiam</span> 
     </span>
     <span class='ocr_line' id='line_1_5' title="bbox 245 507 2134 568; baseline -0.002 -15"><span class='ocrx_word' id='word_1_31' title='bbox 245 513 502 568; x_wconf 74' lang='lat' dir='ltr'>malificium</span> <span class='ocrx_word' id='word_1_32' title='bbox 537 514 905 564; x_wconf 84' lang='lat' dir='ltr'>commemorant,</span> <span class='ocrx_word' id='word_1_33' title='bbox 950 523 1035 563; x_wconf 86' lang='lat' dir='ltr'>quo</span> <span class='ocrx_word' id='word_1_34' title='bbox 1070 509 1260 551; x_wconf 90' lang='lat' dir='ltr'>daemon</span> <span class='ocrx_word' id='word_1_35' title='bbox 1294 507 1454 561; x_wconf 82' lang='lat' dir='ltr'>efficit,</span> <span class='ocrx_word' id='word_1_36' title='bbox 1499 511 1553 549; x_wconf 89' lang='lat' dir='ltr'>ut</span> <span class='ocrx_word' id='word_1_37' title='bbox 1600 507 1672 550; x_wconf 76' lang='lat' dir='ltr'>vir</span> <span class='ocrx_word' id='word_1_38' title='bbox 1714 511 1759 550; x_wconf 87' lang='lat' dir='ltr'>et-</span> <span class='ocrx_word' id='word_1_39' title='bbox 1799 507 1972 551; x_wconf 74' lang='lat' dir='ltr'>femina</span> <span class='ocrx_word' id='word_1_40' title='bbox 2014 507 2134 550; x_wconf 87' lang='lat' dir='ltr'>coire</span> 
     </span>
     <span class='ocr_line' id='line_1_6' title="bbox 244 581 2131 640; baseline -0.002 -12"><span class='ocrx_word' id='word_1_41' title='bbox 244 600 332 628; x_wconf 92' lang='lat' dir='ltr'>non</span> <span class='ocrx_word' id='word_1_42' title='bbox 366 585 555 640; x_wconf 83' lang='lat' dir='ltr'>possint,</span> <span class='ocrx_word' id='word_1_43' title='bbox 590 584 675 628; x_wconf 88' lang='lat' dir='ltr'>etsi</span> <span class='ocrx_word' id='word_1_44' title='bbox 709 584 823 627; x_wconf 90' lang='lat' dir='ltr'>alias</span> <span class='ocrx_word' id='word_1_45' title='bbox 855 597 946 626; x_wconf 92' lang='lat' dir='ltr'>non</span> <span class='ocrx_word' id='word_1_46' title='bbox 993 583 1085 625; x_wconf 88' lang='lat' dir='ltr'>sint</span> <span class='ocrx_word' id='word_1_47' title='bbox 1134 581 1374 624; x_wconf 87' lang='lat' dir='ltr'>inhabiles.</span> <span class='ocrx_word' id='word_1_48' title='bbox 1438 581 1536 624; x_wconf 88' lang='lat' dir='ltr'>Iam</span> <span class='ocrx_word' id='word_1_49' title='bbox 1584 594 1689 624; x_wconf 89' lang='lat' dir='ltr'>vero</span> <span class='ocrx_word' id='word_1_50' title='bbox 1739 596 1780 623; x_wconf 84' lang='grc' dir='ltr'>α.</span> <span class='ocrx_word' id='word_1_51' title='bbox 1829 581 1988 636; x_wconf 82' lang='lat' dir='ltr'>negari</span> <span class='ocrx_word' id='word_1_52' title='bbox 2041 595 2131 624; x_wconf 88' lang='lat' dir='ltr'>non</span> 
     </span>
     <span class='ocr_line' id='line_1_7' title="bbox 246 654 2133 715; baseline -0.003 -12"><span class='ocrx_word' id='word_1_53' title='bbox 246 666 409 715; x_wconf 85' lang='lat' dir='ltr'>potest,</span> <span class='ocrx_word' id='word_1_54' title='bbox 442 658 763 714; x_wconf 84' lang='lat' dir='ltr'>impotentiam</span> <span class='ocrx_word' id='word_1_55' title='bbox 798 671 852 701; x_wconf 86' lang='lat' dir='ltr'>ex</span> <span class='ocrx_word' id='word_1_56' title='bbox 885 656 1110 700; x_wconf 90' lang='lat' dir='ltr'>maleficio</span> <span class='ocrx_word' id='word_1_57' title='bbox 1145 669 1226 710; x_wconf 89' lang='lat' dir='ltr'>ope</span> <span class='ocrx_word' id='word_1_58' title='bbox 1261 654 1493 698; x_wconf 86' lang='lat' dir='ltr'>daemonis</span> <span class='ocrx_word' id='word_1_59' title='bbox 1528 654 1633 698; x_wconf 89' lang='lat' dir='ltr'>oriri</span> <span class='ocrx_word' id='word_1_60' title='bbox 1681 669 1810 710; x_wconf 88' lang='lat' dir='ltr'>posse</span> <span class='ocrx_word' id='word_1_61' title='bbox 1850 662 1896 698; x_wconf 87' lang='lat' dir='ltr'>et</span> <span class='ocrx_word' id='word_1_62' title='bbox 1937 656 2133 709; x_wconf 88' lang='lat' dir='ltr'>quando·</span> 
     </span>
     <span class='ocr_line' id='line_1_8' title="bbox 245 728 2131 788; baseline -0.003 -11"><span class='ocrx_word' id='word_1_63' title='bbox 245 747 329 788; x_wconf 83' lang='lat' dir='ltr'>que</span> <span class='ocrx_word' id='word_1_64' title='bbox 353 735 406 777; x_wconf 91' lang='lat' dir='ltr'>de</span> <span class='ocrx_word' id='word_1_65' title='bbox 428 736 551 777; x_wconf 76' lang='lat' dir='ltr'>facto</span> <span class='ocrx_word' id='word_1_66' title='bbox 576 740 721 776; x_wconf 86' lang='lat' dir='ltr'>ortam</span> <span class='ocrx_word' id='word_1_67' title='bbox 747 729 903 787; x_wconf 77' lang='lat' dir='ltr'>esse²);</span> <span class='ocrx_word' id='word_1_68' title='bbox 941 731 1017 773; x_wconf 91' lang='lat' dir='ltr'>sed</span> <span class='ocrx_word' id='word_1_69' title='bbox 1054 731 1091 780; x_wconf 65' lang='grc' dir='ltr'>β).</span> <span class='ocrx_word' id='word_1_70' title='bbox 1126 730 1238 772; x_wconf 88' lang='lat' dir='ltr'>item</span> <span class='ocrx_word' id='word_1_71' title='bbox 1263 730 1550 783; x_wconf 77' lang='lat' dir='ltr'>exploratum</span> <span class='ocrx_word' id='word_1_72' title='bbox 1575 734 1645 772; x_wconf 91' lang='lat' dir='ltr'>est</span> <span class='ocrx_word' id='word_1_73' title='bbox 1679 730 1912 784; x_wconf 86' lang='lat' dir='ltr'>complura</span> <span class='ocrx_word' id='word_1_74' title='bbox 1944 728 2131 784; x_wconf 87' lang='lat' dir='ltr'>impedi-</span> 
     </span>
     <span class='ocr_line' id='line_1_9' title="bbox 246 803 2135 861; baseline -0.002 -11"><span class='ocrx_word' id='word_1_75' title='bbox 246 812 400 851; x_wconf 90' lang='lat' dir='ltr'>menta</span> <span class='ocrx_word' id='word_1_76' title='bbox 434 807 594 861; x_wconf 85' lang='lat' dir='ltr'>coitus,</span> <span class='ocrx_word' id='word_1_77' title='bbox 629 819 743 861; x_wconf 89' lang='lat' dir='ltr'>quae</span> <span class='ocrx_word' id='word_1_78' title='bbox 775 814 951 849; x_wconf 69' lang='lat' dir='ltr'>veteres</span> <span class='ocrx_word' id='word_1_79' title='bbox 986 803 1210 847; x_wconf 77' lang='lat' dir='ltr'>malefic-io</span> <span class='ocrx_word' id='word_1_80' title='bbox 1244 803 1524 857; x_wconf 84' lang='lat' dir='ltr'>tribuebant,</span> <span class='ocrx_word' id='word_1_81' title='bbox 1573 817 1599 846; x_wconf 88' lang='lat' dir='ltr'>a</span> <span class='ocrx_word' id='word_1_82' title='bbox 1648 803 1796 846; x_wconf 88' lang='lat' dir='ltr'>causis</span> <span class='ocrx_word' id='word_1_83' title='bbox 1842 803 2135 847; x_wconf 88' lang='lat' dir='ltr'>naturalibus</span> 
     </span>
     <span class='ocr_line' id='line_1_10' title="bbox 246 881 606 925; baseline -0.006 0"><span class='ocrx_word' id='word_1_84' title='bbox 246 887 394 925; x_wconf 88' lang='lat' dir='ltr'>ortum</span> <span class='ocrx_word' id='word_1_85' title='bbox 429 881 606 925; x_wconf 89' lang='lat' dir='ltr'>habere.</span> 
     </span>
    </p>
   </div>
   <div class='ocr_carea' id='block_1_3' title="bbox 238 1012 2132 1262">
    <p class='ocr_par' dir='ltr' id='par_1_4' title="bbox 238 1012 2132 1262">
     <span class='ocr_line' id='line_1_11' title="bbox 394 1012 2122 1082; baseline -0.005 -11"><span class='ocrx_word' id='word_1_86' title='bbox 394 1016 483 1071; x_wconf 79' lang='grc'>86.</span> <span class='ocrx_word' id='word_1_87' title='bbox 537 1015 788 1068; x_wconf 82' lang='lat' dir='ltr'>Divisio.</span> <span class='ocrx_word' id='word_1_88' title='bbox 866 1013 1202 1082; x_wconf 82' lang='lat' dir='ltr'>Impotentia</span> <span class='ocrx_word' id='word_1_89' title='bbox 1256 1019 1366 1063; x_wconf 90' lang='lat' dir='ltr'>est:</span> <span class='ocrx_word' id='word_1_90' title='bbox 1436 1032 1483 1064; x_wconf 82' lang='lat' dir='ltr'>a.</span> <span class='ocrx_word' id='word_1_91' title='bbox 1544 1012 1807 1082; x_wconf 71' lang='lat' dir='ltr'>Perpetua</span> <span class='ocrx_word' id='word_1_92' title='bbox 1863 1021 1959 1063; x_wconf 90' lang='lat' dir='ltr'>aut</span> <span class='ocrx_word' id='word_1_93' title='bbox 2014 1020 2122 1063; x_wconf 78' lang='lat' dir='ltr'>tem-</span> 
     </span>
     <span class='ocr_line' id='line_1_12' title="bbox 238 1100 2132 1175; baseline -0.002 -18"><span class='ocrx_word' id='word_1_94' title='bbox 238 1105 466 1175; x_wconf 50' lang='lat' dir='ltr'>poralia</span> <span class='ocrx_word' id='word_1_95' title='bbox 518 1116 680 1174; x_wconf 87' lang='lat' dir='ltr'>prout</span> <span class='ocrx_word' id='word_1_96' title='bbox 721 1102 919 1154; x_wconf 88' lang='lat' dir='ltr'>mediis</span> <span class='ocrx_word' id='word_1_97' title='bbox 959 1103 1219 1154; x_wconf 89' lang='lat' dir='ltr'>humanis</span> <span class='ocrx_word' id='word_1_98' title='bbox 1259 1100 1427 1153; x_wconf 88' lang='lat' dir='ltr'>licitis</span> <span class='ocrx_word' id='word_1_99' title='bbox 1479 1119 1581 1152; x_wconf 92' lang='lat' dir='ltr'>nec</span> <span class='ocrx_word' id='word_1_100' title='bbox 1635 1103 1881 1170; x_wconf 85' lang='lat' dir='ltr'>graviter</span> <span class='ocrx_word' id='word_1_101' title='bbox 1920 1103 2132 1171; x_wconf 86' lang='lat' dir='ltr'>pericu-</span> 
     </span>
     <span class='ocr_line' id='line_1_13' title="bbox 244 1184 1718 1262; baseline -0.003 -17"><span class='ocrx_word' id='word_1_102' title='bbox 244 1194 370 1245; x_wconf 89' lang='lat' dir='ltr'>losis</span> <span class='ocrx_word' id='word_1_103' title='bbox 414 1193 527 1245; x_wconf 86' lang='lat' dir='ltr'>tolli</span> <span class='ocrx_word' id='word_1_104' title='bbox 568 1201 748 1262; x_wconf 88' lang='lat' dir='ltr'>potest</span> <span class='ocrx_word' id='word_1_105' title='bbox 787 1202 884 1243; x_wconf 90' lang='lat' dir='ltr'>aut</span> <span class='ocrx_word' id='word_1_106' title='bbox 924 1210 1034 1243; x_wconf 91' lang='lat' dir='ltr'>non</span> <span class='ocrx_word' id='word_1_107' title='bbox 1077 1199 1268 1260; x_wconf 89' lang='lat' dir='ltr'>potest.</span> <span class='ocrx_word' id='word_1_108' title='bbox 1713 1184 1718 1191; x_wconf 70' lang='grc'>’</span> 
     </span>
    </p>
   </div>
   <div class='ocr_carea' id='block_1_4' title="bbox 244 1280 2139 1699">
    <p class='ocr_par' dir='ltr' id='par_1_5' title="bbox 244 1280 2139 1699">
     <span class='ocr_line' id='line_1_14' title="bbox 394 1280 2138 1338; baseline -0.002 -11"><span class='ocrx_word' id='word_1_109' title='bbox 394 1284 623 1338; x_wconf 89' lang='lat' dir='ltr'>Perpetua</span> <span class='ocrx_word' id='word_1_110' title='bbox 655 1288 865 1325; x_wconf 86' lang='lat' dir='ltr'>censetur</span> <span class='ocrx_word' id='word_1_111' title='bbox 896 1280 1186 1336; x_wconf 84' lang='lat' dir='ltr'>impotentia,</span> <span class='ocrx_word' id='word_1_112' title='bbox 1221 1293 1335 1335; x_wconf 88' lang='lat' dir='ltr'>quae</span> <span class='ocrx_word' id='word_1_113' title='bbox 1368 1280 1589 1323; x_wconf 83' lang='lat' dir='ltr'>removeri</span> <span class='ocrx_word' id='word_1_114' title='bbox 1637 1294 1728 1323; x_wconf 91' lang='lat' dir='ltr'>non</span> <span class='ocrx_word' id='word_1_115' title='bbox 1771 1283 1924 1335; x_wconf 87' lang='lat' dir='ltr'>potest</span> <span class='ocrx_word' id='word_1_116' title='bbox 1967 1280 2138 1335; x_wconf 84' lang='lat' dir='ltr'>absque</span> 
     </span>
     <span class='ocr_line' id='line_1_15' title="bbox 246 1354 2134 1413; baseline -0.003 -11"><span class='ocrx_word' id='word_1_117' title='bbox 246 1358 444 1413; x_wconf 87' lang='lat' dir='ltr'>periculo</span> <span class='ocrx_word' id='word_1_118' title='bbox 477 1358 603 1401; x_wconf 88' lang='lat' dir='ltr'>vitae</span> <span class='ocrx_word' id='word_1_119' title='bbox 635 1358 708 1401; x_wconf 80' lang='lat' dir='ltr'>vel</span> <span class='ocrx_word' id='word_1_120' title='bbox 741 1356 897 1412; x_wconf 80' lang='lat' dir='ltr'>gravis</span> <span class='ocrx_word' id='word_1_121' title='bbox 931 1355 1089 1410; x_wconf 81' lang='lat' dir='ltr'>morbi,</span> <span class='ocrx_word' id='word_1_122' title='bbox 1123 1355 1362 1399; x_wconf 83' lang='lat' dir='ltr'>afferentis</span> <span class='ocrx_word' id='word_1_123' title='bbox 1397 1354 1572 1398; x_wconf 88' lang='lat' dir='ltr'>scilicet</span> <span class='ocrx_word' id='word_1_124' title='bbox 1617 1355 1868 1409; x_wconf 89' lang='lat' dir='ltr'>periculum</span> <span class='ocrx_word' id='word_1_125' title='bbox 1913 1354 2134 1410; x_wconf 66' lang='lat' dir='ltr'>mortisss).</span> 
     </span>
     <span class='ocr_line' id='line_1_16' title="bbox 244 1429 2135 1486; baseline -0.002 -10"><span class='ocrx_word' id='word_1_126' title='bbox 244 1433 363 1476; x_wconf 90' lang='lat' dir='ltr'>Hinc</span> <span class='ocrx_word' id='word_1_127' title='bbox 396 1433 433 1476; x_wconf 91' lang='lat' dir='ltr'>si</span> <span class='ocrx_word' id='word_1_128' title='bbox 468 1433 631 1476; x_wconf 90' lang='lat' dir='ltr'>mulier</span> <span class='ocrx_word' id='word_1_129' title='bbox 661 1431 873 1475; x_wconf 89' lang='lat' dir='ltr'>laborans</span> <span class='ocrx_word' id='word_1_130' title='bbox 905 1430 1183 1486; x_wconf 82' lang='lat' dir='ltr'>impotentia</span> <span class='ocrx_word' id='word_1_131' title='bbox 1216 1436 1437 1485; x_wconf 86' lang='lat' dir='ltr'>perpetua</span> <span class='ocrx_word' id='word_1_132' title='bbox 1472 1429 1645 1472; x_wconf 90' lang='lat' dir='ltr'>subiret</span> <span class='ocrx_word' id='word_1_133' title='bbox 1679 1430 1987 1484; x_wconf 84' lang='lat' dir='ltr'>operationem</span> <span class='ocrx_word' id='word_1_134' title='bbox 2021 1430 2135 1485; x_wconf 86' lang='lat' dir='ltr'>peri-</span> 
     </span>
     <span class='ocr_line' id='line_1_17' title="bbox 247 1505 2139 1562; baseline -0.001 -12"><span class='ocrx_word' id='word_1_135' title='bbox 247 1508 461 1562; x_wconf 88' lang='lat' dir='ltr'>culosam,</span> <span class='ocrx_word' id='word_1_136' title='bbox 495 1521 609 1562; x_wconf 87' lang='lat' dir='ltr'>quae</span> <span class='ocrx_word' id='word_1_137' title='bbox 642 1510 854 1561; x_wconf 90' lang='lat' dir='ltr'>optatum</span> <span class='ocrx_word' id='word_1_138' title='bbox 888 1507 1101 1549; x_wconf 78' lang='lat' dir='ltr'>effectum</span> <span class='ocrx_word' id='word_1_139' title='bbox 1136 1505 1382 1548; x_wconf 85' lang='lat' dir='ltr'>adduceret</span> <span class='ocrx_word' id='word_1_140' title='bbox 1416 1516 1603 1557; x_wconf 85' lang='lat' dir='ltr'>eamque</span> <span class='ocrx_word' id='word_1_141' title='bbox 1635 1505 1843 1547; x_wconf 89' lang='lat' dir='ltr'>redderet</span> <span class='ocrx_word' id='word_1_142' title='bbox 1887 1510 2139 1560; x_wconf 87' lang='lat' dir='ltr'>potentem,</span> 
     </span>
     <span class='ocr_line' id='line_1_18' title="bbox 246 1578 2135 1635; baseline -0.001 -11"><span class='ocrx_word' id='word_1_143' title='bbox 246 1581 318 1624; x_wconf 81' lang='lat' dir='ltr'>vel</span> <span class='ocrx_word' id='word_1_144' title='bbox 351 1582 408 1624; x_wconf 90' lang='lat' dir='ltr'>ad</span> <span class='ocrx_word' id='word_1_145' title='bbox 446 1581 560 1624; x_wconf 89' lang='lat' dir='ltr'>alias</span> <span class='ocrx_word' id='word_1_146' title='bbox 592 1580 780 1635; x_wconf 83' lang='lat' dir='ltr'>nuptias</span> <span class='ocrx_word' id='word_1_147' title='bbox 814 1579 1010 1622; x_wconf 85' lang='lat' dir='ltr'>transire</span> <span class='ocrx_word' id='word_1_148' title='bbox 1042 1585 1211 1634; x_wconf 82' lang='lat' dir='ltr'>posset,</span> <span class='ocrx_word' id='word_1_149' title='bbox 1254 1579 1326 1621; x_wconf 83' lang='lat' dir='ltr'>vel</span> <span class='ocrx_word' id='word_1_150' title='bbox 1371 1591 1471 1621; x_wconf 90' lang='lat' dir='ltr'>cum</span> <span class='ocrx_word' id='word_1_151' title='bbox 1499 1578 1665 1633; x_wconf 78' lang='lat' dir='ltr'>,priore</span> <span class='ocrx_word' id='word_1_152' title='bbox 1707 1579 1805 1622; x_wconf 77' lang='lat' dir='ltr'>viro</span> <span class='ocrx_word' id='word_1_153' title='bbox 1849 1580 2000 1622; x_wconf 75' lang='lat' dir='ltr'>valide</span> <span class='ocrx_word' id='word_1_154' title='bbox 2040 1593 2135 1622; x_wconf 88' lang='lat' dir='ltr'>con-</span> 
     </span>
     <span class='ocr_line' id='line_1_19' title="bbox 245 1655 653 1699; baseline 0 -1"><span class='ocrx_word' id='word_1_155' title='bbox 245 1657 425 1699; x_wconf 88' lang='lat' dir='ltr'>trahere</span> <span class='ocrx_word' id='word_1_156' title='bbox 460 1655 653 1699; x_wconf 82' lang='lat' dir='ltr'>deberet.</span> 
     </span>
    </p>
   </div>
   <div class='ocr_carea' id='block_1_5' title="bbox 246 1727 2139 2695">
    <p class='ocr_par' dir='ltr' id='par_1_6' title="bbox 246 1727 2134 2159">
     <span class='ocr_line' id='line_1_20' title="bbox 397 1727 2134 1797; baseline -0.001 -15"><span class='ocrx_word' id='word_1_157' title='bbox 397 1731 441 1782; x_wconf 79' lang='lat' dir='ltr'>b.</span> <span class='ocrx_word' id='word_1_158' title='bbox 484 1730 743 1781; x_wconf 68' lang='lat' dir='ltr'>Absoluta</span> <span class='ocrx_word' id='word_1_159' title='bbox 783 1739 879 1780; x_wconf 89' lang='lat' dir='ltr'>aut</span> <span class='ocrx_word' id='word_1_160' title='bbox 918 1727 1165 1793; x_wconf 73' lang='lat' dir='ltr'>relativa,</span> <span class='ocrx_word' id='word_1_161' title='bbox 1219 1739 1380 1797; x_wconf 90' lang='lat' dir='ltr'>prout</span> <span class='ocrx_word' id='word_1_162' title='bbox 1423 1727 1658 1779; x_wconf 87' lang='lat' dir='ltr'>habetur</span> <span class='ocrx_word' id='word_1_163' title='bbox 1708 1738 1803 1780; x_wconf 89' lang='lat' dir='ltr'>aut</span> <span class='ocrx_word' id='word_1_164' title='bbox 1853 1728 2022 1780; x_wconf 88' lang='lat' dir='ltr'>relate</span> <span class='ocrx_word' id='word_1_165' title='bbox 2063 1728 2134 1780; x_wconf 86' lang='lat' dir='ltr'>ad</span> 
     </span>
     <span class='ocr_line' id='line_1_21' title="bbox 248 1816 2134 1890; baseline -0.002 -18"><span class='ocrx_word' id='word_1_166' title='bbox 248 1838 637 1890; x_wconf 84' lang='lat' dir='ltr'>quamcunque</span> <span class='ocrx_word' id='word_1_167' title='bbox 679 1837 988 1888; x_wconf 74' lang='lat' dir='ltr'>personam,</span> <span class='ocrx_word' id='word_1_168' title='bbox 1031 1828 1127 1869; x_wconf 87' lang='lat' dir='ltr'>aut</span> <span class='ocrx_word' id='word_1_169' title='bbox 1154 1826 1370 1869; x_wconf 87' lang='lat' dir='ltr'>tantum</span> <span class='ocrx_word' id='word_1_170' title='bbox 1399 1816 1572 1869; x_wconf 88' lang='lat' dir='ltr'>relate</span> <span class='ocrx_word' id='word_1_171' title='bbox 1601 1818 1671 1869; x_wconf 88' lang='lat' dir='ltr'>ad</span> <span class='ocrx_word' id='word_1_172' title='bbox 1709 1818 2134 1870; x_wconf 87' lang='lat' dir='ltr'>determinatam</span> 
     </span>
     <span class='ocr_line' id='line_1_22' title="bbox 248 1908 2134 1979; baseline -0.001 -18"><span class='ocrx_word' id='word_1_173' title='bbox 248 1928 554 1978; x_wconf 83' lang='lat' dir='ltr'>personam.</span> <span class='ocrx_word' id='word_1_174' title='bbox 633 1909 971 1979; x_wconf 85' lang='lat' dir='ltr'>Impotentia</span> <span class='ocrx_word' id='word_1_175' title='bbox 1024 1908 1260 1959; x_wconf 86' lang='lat' dir='ltr'>relativa</span> <span class='ocrx_word' id='word_1_176' title='bbox 1301 1916 1481 1977; x_wconf 88' lang='lat' dir='ltr'>potest</span> <span class='ocrx_word' id='word_1_177' title='bbox 1540 1926 1657 1959; x_wconf 90' lang='lat' dir='ltr'>esse</span> <span class='ocrx_word' id='word_1_178' title='bbox 1698 1916 1969 1977; x_wconf 87' lang='lat' dir='ltr'>perpetua</span> <span class='ocrx_word' id='word_1_179' title='bbox 2010 1909 2044 1959; x_wconf 90' lang='lat' dir='ltr'>i.</span> <span class='ocrx_word' id='word_1_180' title='bbox 2089 1927 2134 1960; x_wconf 89' lang='lat' dir='ltr'>e.</span> 
     </span>
     <span class='ocr_line' id='line_1_23' title="bbox 246 1997 2134 2069; baseline -0.001 -19"><span class='ocrx_word' id='word_1_181' title='bbox 246 1999 363 2050; x_wconf 89' lang='lat' dir='ltr'>fieri</span> <span class='ocrx_word' id='word_1_182' title='bbox 405 2008 597 2069; x_wconf 79' lang='lat' dir='ltr'>potest,</span> <span class='ocrx_word' id='word_1_183' title='bbox 641 2010 700 2051; x_wconf 87' lang='lat' dir='ltr'>ut</span> <span class='ocrx_word' id='word_1_184' title='bbox 742 2018 851 2051; x_wconf 89' lang='lat' dir='ltr'>non</span> <span class='ocrx_word' id='word_1_185' title='bbox 894 2000 1137 2051; x_wconf 80' lang='lat' dir='ltr'>existant</span> <span class='ocrx_word' id='word_1_186' title='bbox 1164 1998 1363 2065; x_wconf 43' lang='lat' dir='ltr'>media}</span> <span class='ocrx_word' id='word_1_187' title='bbox 1408 2017 1505 2068; x_wconf 88' lang='lat' dir='ltr'>per</span> <span class='ocrx_word' id='word_1_188' title='bbox 1547 2016 1689 2068; x_wconf 90' lang='lat' dir='ltr'>quae</span> <span class='ocrx_word' id='word_1_189' title='bbox 1733 1997 2134 2049; x_wconf 87' lang='lat' dir='ltr'>determinatae</span> 
     </span>
     <span class='ocr_line' id='line_1_24' title="bbox 246 2087 1964 2159; baseline 0 -19"><span class='ocrx_word' id='word_1_190' title='bbox 246 2107 511 2157; x_wconf 85' lang='lat' dir='ltr'>personae</span> <span class='ocrx_word' id='word_1_191' title='bbox 554 2100 715 2159; x_wconf 86' lang='lat' dir='ltr'>aptae</span> <span class='ocrx_word' id='word_1_192' title='bbox 756 2089 893 2140; x_wconf 89' lang='lat' dir='ltr'>fiant</span> <span class='ocrx_word' id='word_1_193' title='bbox 933 2089 1003 2139; x_wconf 86' lang='lat' dir='ltr'>ad</span> <span class='ocrx_word' id='word_1_194' title='bbox 1048 2088 1300 2158; x_wconf 88' lang='lat' dir='ltr'>copulam</span> <span class='ocrx_word' id='word_1_195' title='bbox 1345 2089 1490 2139; x_wconf 88' lang='lat' dir='ltr'>inter</span> <span class='ocrx_word' id='word_1_196' title='bbox 1531 2107 1587 2139; x_wconf 89' lang='lat' dir='ltr'>se</span> <span class='ocrx_word' id='word_1_197' title='bbox 1630 2087 1964 2140; x_wconf 86' lang='lat' dir='ltr'>habendam.</span> 
     </span>
    </p>

    <p class='ocr_par' dir='ltr' id='par_1_7' title="bbox 250 2179 2137 2411">
     <span class='ocr_line' id='line_1_25' title="bbox 396 2179 2137 2248; baseline -0.001 -18"><span class='ocrx_word' id='word_1_198' title='bbox 396 2200 434 2231; x_wconf 91' lang='lat' dir='ltr'>c.</span> <span class='ocrx_word' id='word_1_199' title='bbox 464 2180 789 2230; x_wconf 74' lang='lat' dir='ltr'>Anteccdens</span> <span class='ocrx_word' id='word_1_200' title='bbox 826 2188 921 2230; x_wconf 89' lang='lat' dir='ltr'>aut</span> <span class='ocrx_word' id='word_1_201' title='bbox 949 2197 1281 2248; x_wconf 76' lang='lat' dir='ltr'>consequens,</span> <span class='ocrx_word' id='word_1_202' title='bbox 1325 2188 1488 2247; x_wconf 89' lang='lat' dir='ltr'>prout</span> <span class='ocrx_word' id='word_1_203' title='bbox 1529 2179 1946 2229; x_wconf 85' lang='lat' dir='ltr'>matrimonium</span> <span class='ocrx_word' id='word_1_204' title='bbox 1988 2186 2137 2229; x_wconf 87' lang='lat' dir='ltr'>ante-</span> 
     </span>
     <span class='ocr_line' id='line_1_26' title="bbox 250 2267 2137 2335; baseline -0.001 -16"><span class='ocrx_word' id='word_1_205' title='bbox 250 2268 413 2335; x_wconf 78' lang='lat' dir='ltr'>cedit,</span> <span class='ocrx_word' id='word_1_206' title='bbox 457 2278 553 2321; x_wconf 90' lang='lat' dir='ltr'>aut</span> <span class='ocrx_word' id='word_1_207' title='bbox 595 2276 876 2320; x_wconf 88' lang='lat' dir='ltr'>contracto</span> <span class='ocrx_word' id='word_1_208' title='bbox 920 2267 1144 2319; x_wconf 89' lang='lat' dir='ltr'>demum</span> <span class='ocrx_word' id='word_1_209' title='bbox 1186 2269 1540 2319; x_wconf 89' lang='lat' dir='ltr'>matrimonio</span> <span class='ocrx_word' id='word_1_210' title='bbox 1583 2269 1771 2335; x_wconf 73' lang='lat' dir='ltr'>oritur,</span> <span class='ocrx_word' id='word_1_211' title='bbox 1828 2277 1888 2318; x_wconf 90' lang='lat' dir='ltr'>ut</span> <span class='ocrx_word' id='word_1_212' title='bbox 1929 2269 1974 2319; x_wconf 89' lang='lat' dir='ltr'>si</span> <span class='ocrx_word' id='word_1_213' title='bbox 2016 2269 2137 2319; x_wconf 85' lang='lat' dir='ltr'>viro</span> 
     </span>
     <span class='ocr_line' id='line_1_27' title="bbox 251 2356 1960 2411; baseline 0.001 -2"><span class='ocrx_word' id='word_1_214' title='bbox 251 2365 530 2409; x_wconf 84' lang='lat' dir='ltr'>contracto</span> <span class='ocrx_word' id='word_1_215' title='bbox 573 2359 683 2409; x_wconf 89' lang='lat' dir='ltr'>iam</span> <span class='ocrx_word' id='word_1_216' title='bbox 727 2359 1079 2409; x_wconf 87' lang='lat' dir='ltr'>matrimonio</span> <span class='ocrx_word' id='word_1_217' title='bbox 1123 2357 1456 2409; x_wconf 79' lang='lat' dir='ltr'>excidantur</span> <span class='ocrx_word' id='word_1_218' title='bbox 1497 2356 1660 2409; x_wconf 90' lang='lat' dir='ltr'>ambo</span> <span class='ocrx_word' id='word_1_219' title='bbox 1702 2356 1960 2411; x_wconf 86' lang='lat' dir='ltr'>testiculi.</span> 
     </span>
    </p>

    <p class='ocr_par' dir='ltr' id='par_1_8' title="bbox 249 2446 2139 2695">
     <span class='ocr_line' id='line_1_28' title="bbox 397 2446 2139 2518; baseline 0 -20"><span class='ocrx_word' id='word_1_220' title='bbox 397 2448 445 2500; x_wconf 76' lang='lat' dir='ltr'>cl.</span> <span class='ocrx_word' id='word_1_221' title='bbox 494 2446 784 2499; x_wconf 71' lang='lat' dir='ltr'>Naturalis</span> <span class='ocrx_word' id='word_1_222' title='bbox 832 2456 927 2499; x_wconf 90' lang='lat' dir='ltr'>aut</span> <span class='ocrx_word' id='word_1_223' title='bbox 969 2446 1334 2511; x_wconf 74' lang='lat' dir='ltr'>accidentalis,</span> <span class='ocrx_word' id='word_1_224' title='bbox 1394 2456 1558 2518; x_wconf 85' lang='lat' dir='ltr'>prout</span> <span class='ocrx_word' id='word_1_225' title='bbox 1614 2466 1646 2498; x_wconf 91' lang='lat' dir='ltr'>a</span> <span class='ocrx_word' id='word_1_226' title='bbox 1702 2455 1901 2498; x_wconf 89' lang='lat' dir='ltr'>natura</span> <span class='ocrx_word' id='word_1_227' title='bbox 1959 2465 2054 2498; x_wconf 92' lang='lat' dir='ltr'>seu</span> <span class='ocrx_word' id='word_1_228' title='bbox 2105 2465 2139 2498; x_wconf 85' lang='lat' dir='ltr'>a</span> 
     </span>
     <span class='ocr_line' id='line_1_29' title="bbox 250 2535 2136 2607; baseline 0 -20"><span class='ocrx_word' id='word_1_229' title='bbox 250 2536 486 2588; x_wconf 86' lang='lat' dir='ltr'>naturali</span> <span class='ocrx_word' id='word_1_230' title='bbox 541 2539 783 2607; x_wconf 89' lang='lat' dir='ltr'>corporis</span> <span class='ocrx_word' id='word_1_231' title='bbox 838 2539 1247 2602; x_wconf 80' lang='lat' dir='ltr'>constitutione,</span> <span class='ocrx_word' id='word_1_232' title='bbox 1307 2546 1402 2588; x_wconf 89' lang='lat' dir='ltr'>aut</span> <span class='ocrx_word' id='word_1_233' title='bbox 1460 2555 1529 2588; x_wconf 85' lang='lat' dir='ltr'>ex</span> <span class='ocrx_word' id='word_1_234' title='bbox 1582 2556 1749 2588; x_wconf 87' lang='lat' dir='ltr'>causa</span> <span class='ocrx_word' id='word_1_235' title='bbox 1804 2535 2136 2589; x_wconf 86' lang='lat' dir='ltr'>accidentali</span> 
     </span>
     <span class='ocr_line' id='line_1_30' title="bbox 249 2626 1254 2695; baseline 0.003 -19"><span class='ocrx_word' id='word_1_236' title='bbox 249 2644 291 2678; x_wconf 92' lang='lat' dir='ltr'>e.</span> <span class='ocrx_word' id='word_1_237' title='bbox 335 2644 384 2694; x_wconf 74' lang='lat' dir='ltr'>g.</span> <span class='ocrx_word' id='word_1_238' title='bbox 429 2646 496 2677; x_wconf 83' lang='lat' dir='ltr'>ex</span> <span class='ocrx_word' id='word_1_239' title='bbox 539 2626 728 2678; x_wconf 89' lang='lat' dir='ltr'>morbo</span> <span class='ocrx_word' id='word_1_240' title='bbox 772 2628 1040 2695; x_wconf 82' lang='lat' dir='ltr'>originem</span> <span class='ocrx_word' id='word_1_241' title='bbox 1086 2627 1254 2679; x_wconf 88' lang='lat' dir='ltr'>ducit.</span> 
     </span>
    </p>
   </div>
   <div class='ocr_carea' id='block_1_6' title="bbox 251 2790 2138 3220">
    <p class='ocr_par' dir='ltr' id='par_1_9' title="bbox 251 2790 2138 3220">
     <span class='ocr_line' id='line_1_31' title="bbox 399 2790 2138 2861; baseline -0.001 -18"><span class='ocrx_word' id='word_1_242' title='bbox 399 2791 491 2844; x_wconf 70' lang='lat'>87.</span> <span class='ocrx_word' id='word_1_243' title='bbox 533 2791 1037 2860; x_wconf 77' lang='lat' dir='ltr'>Impedimentum</span> <span class='ocrx_word' id='word_1_244' title='bbox 1078 2791 1420 2861; x_wconf 73' lang='lat' dir='ltr'>impotentiae</span> <span class='ocrx_word' id='word_1_245' title='bbox 1475 2793 1533 2842; x_wconf 92' lang='lat' dir='ltr'>in</span> <span class='ocrx_word' id='word_1_246' title='bbox 1576 2810 1637 2843; x_wconf 91' lang='lat' dir='ltr'>eo</span> <span class='ocrx_word' id='word_1_247' title='bbox 1681 2793 1945 2856; x_wconf 82' lang='lat' dir='ltr'>consistit,</span> <span class='ocrx_word' id='word_1_248' title='bbox 1990 2790 2138 2861; x_wconf 85' lang='lat' dir='ltr'>quod</span> 
     </span>
     <span class='ocr_line' id='line_1_32' title="bbox 251 2880 2136 2951; baseline 0.002 -21"><span class='ocrx_word' id='word_1_249' title='bbox 251 2882 664 2932; x_wconf 86' lang='lat' dir='ltr'>matrimonium</span> <span class='ocrx_word' id='word_1_250' title='bbox 705 2883 848 2933; x_wconf 88' lang='lat' dir='ltr'>inter</span> <span class='ocrx_word' id='word_1_251' title='bbox 903 2900 994 2933; x_wconf 89' lang='lat' dir='ltr'>eos</span> <span class='ocrx_word' id='word_1_252' title='bbox 1035 2882 1251 2946; x_wconf 79' lang='lat' dir='ltr'>initum,</span> <span class='ocrx_word' id='word_1_253' title='bbox 1313 2882 1407 2951; x_wconf 85' lang='lat' dir='ltr'>qui</span> <span class='ocrx_word' id='word_1_254' title='bbox 1450 2880 1728 2933; x_wconf 88' lang='lat' dir='ltr'>inhabiles</span> <span class='ocrx_word' id='word_1_255' title='bbox 1770 2889 1898 2933; x_wconf 88' lang='lat' dir='ltr'>sunt</span> <span class='ocrx_word' id='word_1_256' title='bbox 1938 2881 2010 2933; x_wconf 88' lang='lat' dir='ltr'>ad</span> <span class='ocrx_word' id='word_1_257' title='bbox 2054 2899 2136 2933; x_wconf 84' lang='lat' dir='ltr'>co-</span> 
     </span>
     <span class='ocr_line' id='line_1_33' title="bbox 252 2969 2137 3040; baseline 0.002 -20"><span class='ocrx_word' id='word_1_258' title='bbox 252 2969 436 3038; x_wconf 83' lang='lat' dir='ltr'>pulam</span> <span class='ocrx_word' id='word_1_259' title='bbox 490 2970 561 3021; x_wconf 87' lang='lat' dir='ltr'>ad</span> <span class='ocrx_word' id='word_1_260' title='bbox 614 2973 1028 3039; x_wconf 82' lang='lat' dir='ltr'>generationem</span> <span class='ocrx_word' id='word_1_261' title='bbox 1083 2978 1288 3040; x_wconf 78' lang='lat' dir='ltr'>aptam,</span> <span class='ocrx_word' id='word_1_262' title='bbox 1342 2970 1554 3022; x_wconf 88' lang='lat' dir='ltr'>nullum</span> <span class='ocrx_word' id='word_1_263' title='bbox 1610 2973 1706 3023; x_wconf 85' lang='lat' dir='ltr'>sit:</span> <span class='ocrx_word' id='word_1_264' title='bbox 1767 2972 1971 3023; x_wconf 89' lang='lat' dir='ltr'>etenim</span> <span class='ocrx_word' id='word_1_265' title='bbox 2025 2989 2137 3023; x_wconf 90' lang='lat' dir='ltr'>non</span> 
     </span>
     <span class='ocr_line' id='line_1_34' title="bbox 253 3060 2137 3131; baseline 0.001 -21"><span class='ocrx_word' id='word_1_266' title='bbox 253 3068 431 3127; x_wconf 87' lang='lat' dir='ltr'>potest</span> <span class='ocrx_word' id='word_1_267' title='bbox 472 3078 587 3111; x_wconf 89' lang='lat' dir='ltr'>esse</span> <span class='ocrx_word' id='word_1_268' title='bbox 630 3060 878 3113; x_wconf 86' lang='lat' dir='ltr'>validum</span> <span class='ocrx_word' id='word_1_269' title='bbox 920 3062 1355 3128; x_wconf 73' lang='lat' dir='ltr'>matrimonium,</span> <span class='ocrx_word' id='word_1_270' title='bbox 1400 3062 1456 3112; x_wconf 90' lang='lat' dir='ltr'>in</span> <span class='ocrx_word' id='word_1_271' title='bbox 1499 3080 1606 3131; x_wconf 90' lang='lat' dir='ltr'>quo</span> <span class='ocrx_word' id='word_1_272' title='bbox 1649 3062 1858 3131; x_wconf 86' lang='lat' dir='ltr'>primus</span> <span class='ocrx_word' id='word_1_273' title='bbox 1900 3070 1952 3112; x_wconf 89' lang='lat' dir='ltr'>et</span> <span class='ocrx_word' id='word_1_274' title='bbox 1993 3062 2137 3130; x_wconf 90' lang='lat' dir='ltr'>prin-</span> 
     </span>
     <span class='ocr_line' id='line_1_35' title="bbox 253 3147 1579 3220; baseline 0.003 -22"><span class='ocrx_word' id='word_1_275' title='bbox 253 3147 444 3216; x_wconf 88' lang='lat' dir='ltr'>cipalis</span> <span class='ocrx_word' id='word_1_276' title='bbox 486 3150 823 3201; x_wconf 88' lang='lat' dir='ltr'>matrimonii</span> <span class='ocrx_word' id='word_1_277' title='bbox 867 3150 995 3201; x_wconf 90' lang='lat' dir='ltr'>finis</span> <span class='ocrx_word' id='word_1_278' title='bbox 1039 3149 1276 3202; x_wconf 88' lang='lat' dir='ltr'>obtineri</span> <span class='ocrx_word' id='word_1_279' title='bbox 1318 3151 1579 3220; x_wconf 76' lang='lat' dir='ltr'>nequit4&gt;.</span> 
     </span>
    </p>
   </div>
   <div class='ocr_carea' id='block_1_7' title="bbox 407 3257 571 3259">
    <p class='ocr_par' dir='ltr' id='par_1_10' title="bbox 407 3257 571 3259">
     <span class='ocr_line' id='line_1_36' title="bbox 407 3257 571 3259; baseline 0 0"><span class='ocrx_word' id='word_1_280' title='bbox 407 3257 571 3259; x_wconf 95' lang='lat' dir='ltr'> </span> 
     </span>
    </p>
   </div>
   <div class='ocr_carea' id='block_1_8' title="bbox 402 3297 2137 3579">
    <p class='ocr_par' dir='ltr' id='par_1_11' title="bbox 402 3297 1343 3354">
     <span class='ocr_line' id='line_1_37' title="bbox 402 3297 1343 3354; baseline 0.001 -15"><span class='ocrx_word' id='word_1_281' title='bbox 402 3297 436 3350; x_wconf 73' lang='grc'>1)</span> <span class='ocrx_word' id='word_1_282' title='bbox 471 3297 537 3340; x_wconf 78' lang='lat' dir='ltr'>Cf.</span> <span class='ocrx_word' id='word_1_283' title='bbox 571 3298 793 3341; x_wconf 77' lang='lat' dir='ltr'>Analecta</span> <span class='ocrx_word' id='word_1_284' title='bbox 826 3299 977 3343; x_wconf 88' lang='lat' dir='ltr'>eccles.</span> <span class='ocrx_word' id='word_1_285' title='bbox 1014 3299 1130 3342; x_wconf 75' lang='lat'>1899</span> <span class='ocrx_word' id='word_1_286' title='bbox 1165 3314 1207 3354; x_wconf 89' lang='lat' dir='ltr'>p.</span> <span class='ocrx_word' id='word_1_287' title='bbox 1242 3299 1343 3342; x_wconf 82' lang='lat'>380.</span> 
     </span>
    </p>

    <p class='ocr_par' dir='ltr' id='par_1_12' title="bbox 408 3369 1222 3428">
     <span class='ocr_line' id='line_1_38' title="bbox 408 3369 1222 3428; baseline 0.002 -14"><span class='ocrx_word' id='word_1_288' title='bbox 408 3369 437 3425; x_wconf 51' lang='grc' dir='ltr'>Ξ)</span> <span class='ocrx_word' id='word_1_289' title='bbox 469 3372 536 3415; x_wconf 74' lang='lat' dir='ltr'>Cf.</span> <span class='ocrx_word' id='word_1_290' title='bbox 572 3371 680 3415; x_wconf 88' lang='lat' dir='ltr'>Tob.</span> <span class='ocrx_word' id='word_1_291' title='bbox 715 3372 757 3426; x_wconf 88' lang='grc'>6,</span> <span class='ocrx_word' id='word_1_292' title='bbox 795 3372 849 3413; x_wconf 70' lang='lat'>14</span> <span class='ocrx_word' id='word_1_293' title='bbox 883 3386 963 3424; x_wconf 87' lang='lat' dir='ltr'>ss.;</span> <span class='ocrx_word' id='word_1_294' title='bbox 1002 3374 1041 3428; x_wconf 80' lang='lat'>7,</span> <span class='ocrx_word' id='word_1_295' title='bbox 1077 3375 1130 3415; x_wconf 82' lang='lat'>11</span> <span class='ocrx_word' id='word_1_296' title='bbox 1166 3387 1222 3416; x_wconf 84' lang='lat' dir='ltr'>ss.</span> 
     </span>
    </p>

    <p class='ocr_par' dir='ltr' id='par_1_13' title="bbox 405 3445 1751 3505">
     <span class='ocr_line' id='line_1_39' title="bbox 405 3445 1751 3505; baseline 0.001 -16"><span class='ocrx_word' id='word_1_297' title='bbox 405 3445 436 3500; x_wconf 70' lang='lat'>⁸)</span> <span class='ocrx_word' id='word_1_298' title='bbox 469 3447 513 3490; x_wconf 76' lang='lat' dir='ltr'>C.</span> <span class='ocrx_word' id='word_1_299' title='bbox 547 3446 875 3490; x_wconf 87' lang='lat' dir='ltr'>Fraternitatis</span> <span class='ocrx_word' id='word_1_300' title='bbox 909 3449 934 3491; x_wconf 87' lang='grc'>6</span> <span class='ocrx_word' id='word_1_301' title='bbox 969 3449 1041 3491; x_wconf 80' lang='lat' dir='ltr'>De</span> <span class='ocrx_word' id='word_1_302' title='bbox 1067 3448 1235 3504; x_wconf 71' lang='lat' dir='ltr'>fi·l‘ffl&#39;(l.</span> <span class='ocrx_word' id='word_1_303' title='bbox 1272 3451 1316 3491; x_wconf 80' lang='lat' dir='ltr'>et</span> <span class='ocrx_word' id='word_1_304' title='bbox 1346 3449 1502 3505; x_wconf 79' lang='lat' dir='ltr'>males.</span> <span class='ocrx_word' id='word_1_305' title='bbox 1538 3448 1631 3501; x_wconf 85' lang='lat' dir='ltr'><strong>(IV.</strong></span> <span class='ocrx_word' id='word_1_306' title='bbox 1669 3449 1751 3502; x_wconf 69' lang='lat'>15).</span> 
     </span>
    </p>

    <p class='ocr_par' dir='ltr' id='par_1_14' title="bbox 405 3520 2137 3579">
     <span class='ocr_line' id='line_1_40' title="bbox 405 3520 2137 3579; baseline 0.001 -17"><span class='ocrx_word' id='word_1_307' title='bbox 405 3520 443 3574; x_wconf 76' lang='lat'>⁴)</span> <span class='ocrx_word' id='word_1_308' title='bbox 478 3521 522 3563; x_wconf 86' lang='lat' dir='ltr'>C.</span> <span class='ocrx_word' id='word_1_309' title='bbox 557 3521 625 3563; x_wconf 84' lang='lat' dir='ltr'>Ex</span> <span class='ocrx_word' id='word_1_310' title='bbox 658 3520 829 3564; x_wconf 86' lang='lat' dir='ltr'>litteris</span> <span class='ocrx_word' id='word_1_311' title='bbox 862 3522 889 3564; x_wconf 84' lang='lat'><strong>3</strong></span> <span class='ocrx_word' id='word_1_312' title='bbox 922 3527 968 3565; x_wconf 90' lang='lat' dir='ltr'>et</span> <span class='ocrx_word' id='word_1_313' title='bbox 1002 3521 1047 3565; x_wconf 86' lang='lat' dir='ltr'>C.</span> <span class='ocrx_word' id='word_1_314' title='bbox 1083 3522 1291 3565; x_wconf 86' lang='lat' dir='ltr'>Litterae</span> <span class='ocrx_word' id='word_1_315' title='bbox 1326 3523 1349 3564; x_wconf 84' lang='lat'>7</span> <span class='ocrx_word' id='word_1_316' title='bbox 1384 3522 1457 3565; x_wconf 80' lang='lat' dir='ltr'>De</span> <span class='ocrx_word' id='word_1_317' title='bbox 1481 3522 1649 3579; x_wconf 70' lang='lat' dir='ltr'>frissid.</span> <span class='ocrx_word' id='word_1_318' title='bbox 1687 3525 1732 3565; x_wconf 80' lang='lat' dir='ltr'>et</span> <span class='ocrx_word' id='word_1_319' title='bbox 1760 3522 1916 3578; x_wconf 78' lang='lat' dir='ltr'>males.</span> <span class='ocrx_word' id='word_1_320' title='bbox 1933 3522 2027 3576; x_wconf 82' lang='lat' dir='ltr'><strong>(IV.</strong></span> <span class='ocrx_word' id='word_1_321' title='bbox 2050 3521 2137 3575; x_wconf 82' lang='lat'>15).</span> 
     </span>
    </p>
   </div>
  </div>
 </body>
</html>
