2269 3898
716 128 781 171 De
814 127 1102 171 matrimonio
1135 127 1273 171 civili.
1844 130 1926 172 197

64 260 187 311 ideo
248 258 393 310 hanc
452 261 881 329 propositionem
938 261 1284 329 proscripsit:
1340 261 1401 312 Vz·
1449 270 1742 313 contractus
1792 281 1925 313 mere

61 348 234 399 civilis
284 357 456 417 potest
505 350 642 400 inter
690 349 999 400 christianos
1052 357 1289 400 constare
1329 351 1439 400 veri
1476 351 1702 402 nominis
1742 352 1926 402 matri-

61 438 288 488 monium
301 437 350 499 ¹).

209 525 269 567 Et
302 525 399 569 iure
432 525 611 579 quidem
646 524 762 568 illud
796 525 1086 568 condemnat:
1130 539 1170 569 a.
1217 526 1360 580 Leges
1409 526 1749 569 matrimonium
1795 526 1927 569 civile
1982 584 1987 587 .

60 604 376 641 concernentes
429 599 552 641 latae
605 603 711 641 sunt
765 598 820 642 ab
872 599 1161 648 auctoritate,
1219 599 1289 641 cui
1334 599 1449 642 circa
1482 600 1822 643 matrimonium
1856 600 1927 643 ius

57 672 278 727 competit
319 673 510 715 nullum.
575 672 609 714 b.
657 672 998 715 Matrimonium
1043 672 1266 727 spoliatur
1305 686 1356 716 ea
1399 673 1669 727 sanctitate,
1728 687 1839 728 quae
1887 674 1926 716 ei

58 752 221 801 suapte
253 750 419 789 natura
452 746 676 799 convenit,
710 747 913 800 illudque
944 751 997 789 ut
1030 759 1099 789 res
1132 759 1251 789 mere
1275 748 1465 801 profana
1488 750 1728 790 tractatur.
1764 762 1797 790 c.
1822 747 1925 790 Sub-

59 820 147 863 diti
181 825 337 863 contra
370 820 629 863 libertatem
666 820 966 863 conscientiae
998 825 1225 874 coguntur
1257 820 1480 864 actionem
1515 834 1677 875 ponere
1721 822 1821 875 lege
1865 834 1928 864 ec-

58 894 312 938 clesiastica
352 894 642 949 prohibitam.
708 895 749 937 d.
794 895 1002 938 Potestas
1043 894 1190 937 civilis
1237 895 1573 938 coniunctiones
1616 895 1803 938 illicitas
1847 909 1926 938 sua

56 968 334 1012 auctoritate
367 972 537 1013 tuetur.
603 982 639 1010 e.
663 969 832 1011 Eadem
868 972 1070 1023 potestas
1104 968 1398 1011 matrimonia
1431 982 1579 1012 coram
1603 969 1696 1012 Deo
1730 972 1773 1012 et
1798 969 1926 1012 eccle-

57 1043 126 1086 sia
158 1042 312 1085 valida
344 1042 514 1085 iniuste
549 1042 773 1085 dissolvit.
829 1044 870 1098 f.
906 1042 1012 1085 Iura
1045 1042 1256 1086 ecclesiae
1290 1042 1540 1085 contemnit
1581 1047 1627 1085 et
1670 1042 1927 1086 indifferen-

59 1116 247 1159 tismum
282 1121 532 1171 promovet,
565 1129 614 1160 eo
648 1117 765 1171 quod
799 1116 1092 1159 matrimonia
1124 1116 1350 1170 admittit,
1392 1116 1553 1171 quibus
1598 1116 1750 1159 obstat
1792 1116 1928 1171 impe-

60 1191 316 1234 dimentum
351 1190 523 1233 mixtae
555 1190 804 1246 religionis,
848 1190 985 1233 immo
1019 1190 1158 1233 etiam
1203 1190 1491 1245 disparitatis
1531 1191 1695 1233 cultus.
1754 1205 1797 1247 9.
1831 1191 1928 1234 Fal-

56 1278 154 1308 sam
192 1264 444 1308 doctrinam
479 1269 728 1319 promovet,
762 1278 850 1318 qua
882 1268 1141 1307 contractus
1174 1278 1200 1307 a
1233 1268 1514 1307 sacramento
1547 1265 1745 1320 separari
1768 1264 1925 1320 possit.

208 1340 256 1392 2.
308 1339 468 1390 Licet
517 1340 928 1390 matrimonium
982 1338 1144 1390 civile
1187 1339 1555 1409 quodcunque
1596 1358 1692 1408 per
1733 1358 1788 1391 se
1830 1339 1924 1390 illi·

56 1429 226 1479 citum
284 1429 380 1494 sit,
438 1445 547 1479 non
607 1436 794 1478 tamen
854 1429 1085 1497 quaevis
1143 1427 1389 1479 eiusdem
1446 1429 1655 1497 species
1710 1427 1926 1498 aequali

58 1516 218 1568 modo
260 1516 561 1568 reiicienda
603 1526 697 1570 est.

204 1605 422 1648 Minimus
456 1605 662 1648 malitiae
695 1606 865 1660 gradus
899 1605 1110 1649 convenit
1144 1605 1434 1649 matrimonio
1478 1606 1602 1649 civili
1645 1607 1930 1649 necessitatis

52 1680 308 1734 relaticaej
349 1679 575 1722 maximus
617 1679 907 1722 matrimonio
949 1680 1236 1723 necessitatis
1279 1680 1535 1725 absolutae:
1580 1683 1735 1722 utrum
1780 1680 1928 1735 magis

52 1753 384 1808 reprobandum
433 1753 495 1796 sit
543 1753 885 1797 matrimonium
935 1753 1065 1797 civile
1124 1753 1439 1810 obligyatorinm
1496 1767 1553 1797 an
1596 1754 1927 1809 faczzltatz'mm,

51 1831 259 1871 auctores
294 1825 588 1882 disputant2).

205 1904 253 1955 3.
298 1903 715 1954 Matrimonium
758 1901 920 1953 civile
962 1901 1348 1970 obligatorium
1392 1900 1531 1953 licite
1571 1903 1702 1953 iniri
1730 1912 1925 1972 potest,

54 1990 355 2041 dummodo
407 1992 820 2042 matrimonium
873 1992 930 2042 in
978 1990 1093 2042 foro
1135 1990 1399 2042 ecclesiae
1441 1998 1536 2042 aut
1577 1992 1687 2042 iam
1729 1993 1926 2043 initum

53 2086 151 2131 aut
192 2097 320 2131 mox
362 2079 669 2131 ineundum
711 2081 780 2131 sit
820 2088 872 2130 et
912 2079 1240 2131 excludatur
1280 2080 1528 2146 intentio,
1578 2081 1759 2149 ipsum
1803 2082 1922 2132 vin-

55 2168 241 2220 culum
292 2168 695 2220 matrimoniale
747 2187 927 2220 coram
972 2170 1297 2237 magistratu
1340 2168 1491 2220 civili
1533 2169 1925 2222 contrahendi:

52 2275 124 2308 ex
165 2258 307 2309 iusta
349 2259 495 2310 enim
538 2277 704 2310 causa
743 2259 986 2328 permitti
1022 2266 1216 2327 potest,
1253 2266 1313 2309 ut
1353 2266 1631 2328 ponantur
1658 2258 1928 2311 condicio·

57 2364 170 2412 nes,
214 2365 350 2416 quas
390 2349 687 2399 auctoritas
729 2346 908 2399 civilis
946 2348 1133 2416 exigit,
1177 2355 1237 2398 ut
1278 2349 1692 2399 matrimonium
1736 2366 1926 2416 agnos—

54 2443 211 2486 catur
251 2434 500 2487 validum
543 2444 595 2487 et
636 2436 924 2488 effectibus
966 2426 1227 2487 civilibus
1269 2435 1518 2487 donetur.

204 2539 244 2570 a.
280 2524 383 2568 Sive
416 2530 545 2569 actus
579 2525 728 2569 civilis
761 2533 868 2569 ante
901 2524 996 2568 sive
1038 2530 1142 2579 post
1185 2524 1529 2568 matrimonium
1573 2524 1925 2568 ecclesiasticum

55 2599 309 2654 peragitur,
343 2600 554 2643 monendi
590 2606 696 2643 sunt
728 2600 1062 2655 nupturientes,
1096 2612 1152 2642 ne
1184 2599 1310 2642 aliud
1338 2612 1474 2653 quam
1494 2599 1788 2643 ceremoniam
1808 2611 1928 2642 mere

54 2673 235 2716 civilem
271 2674 484 2728 peragere
516 2674 776 2729 intendant,
808 2677 860 2717 ut
894 2675 1083 2717 effectus
1127 2672 1282 2716 civiles
1326 2686 1476 2716 eorum
1518 2672 1808 2716 matrimonio
1850 2672 1925 2716 tri-

57 2746 291 2791 ’01131111113
281 2769 305 2801 2·

207 2823 244 2865 b.
278 2821 366 2865 Ubi
399 2823 472 2883 lex
506 2822 655 2865 civilis
687 2822 849 2877 exigit,
881 2827 935 2864 ut
968 2821 1309 2865 matrimonium
1344 2821 1476 2864 civile
1501 2821 1798 2864 contrahatur
1820 2825 1927 2864 ante

57 2896 400 2939 matrimonium
434 2896 806 2954 ecclesiast-icum,
839 2895 886 2938 id
918 2895 1045 2939 licite
1078 2895 1177 2938 fieri
1211 2899 1385 2950 potest:
1434 2898 1640 2950 praestat
1672 2900 1841 2949 autem,
1873 2900 1926 2937 ut

57 2970 400 3013 matrimonium
435 2970 569 3014 civile
600 2972 700 3025 fiat,
748 2974 990 3025 postquam
1015 2969 1383 3012 matrimonium
1433 2968 1785 3012 ecclesiasticum
1833 2969 1923 3012 iam

55 3043 224 3086 initum
258 3048 341 3087 est.
403 3044 517 3088 Nam
553 3059 593 3087 α.
626 3044 690 3088 rei
722 3048 889 3087 natura
921 3044 1082 3099 exigit,
1115 3047 1166 3086 ut
1211 3043 1461 3098 principale
1505 3043 1745 3098 praecedat
1788 3055 1926 3086 acces-

54 3118 249 3171 sorium;
299 3119 428 3173 atqui
462 3118 710 3174 principale
754 3125 823 3161 est
869 3118 1017 3173 ipsum
1067 3117 1426 3172 matrimonium,
1473 3117 1592 3172 quod
1642 3117 1926 3172 contrahitur

213 3251 242 3306 1)
288 3252 353 3295 Cf.
410 3251 623 3308 Syllabas
675 3265 719 3294 n.
772 3250 842 3295 33.
898 3277 952 3281 —
1005 3250 1244 3305 Encyclica
1295 3251 1460 3294 Leonis
1510 3250 1629 3293 XIII.
1694 3251 1922 3293 Arcanum

57 3325 126 3368 10.
162 3326 273 3369 febr.
308 3325 436 3369 1880.

213 3399 621 3455 2)Cf.Sclzmt:e1
653 3412 696 3454 p.
729 3399 784 3441 65
818 3411 874 3441 ss
1626 3414 1629 3415 ⁷

212 3473 247 3529 8)
281 3473 554 3517 Benedictus
586 3473 705 3515 XIV.
741 3472 966 3515 Reddzlae
998 3474 1104 3515 snut
1134 3472 1261 3514 nobzs
1295 3472 1362 3514 17.
1397 3476 1511 3526 sept.
1547 3471 1673 3513 1746.
