2269 3898
944 143 1087 185 Index
1119 155 1281 187 rerum.
1956 145 2041 187 349

181 273 349 327 opinio:
400 274 508 328 quid
542 274 603 317 sit
637 275 744 324 199;
796 274 945 329 opinio
995 275 1273 329 speculative
1321 275 1565 330 probabilis
1612 290 1701 319 non
1751 282 1818 320 est
1869 291 2042 331 semper

298 348 494 402 practice
527 347 772 403 probabilis
805 349 912 399 200;
962 349 1112 403 opinio
1146 349 1346 392 tenuiter
1393 349 1638 404 probabilis
1686 364 1774 393 non
1824 355 1892 394 est
1940 364 2042 394 vere

298 421 542 475 probabilis
576 423 684 472 200;
719 421 870 476 opinio
902 422 1033 465 unice
1066 422 1311 476 probabilis
1344 423 1451 477 quid
1486 423 1545 465 sit
1580 424 1692 475 2ΟΟ;
1729 425 1879 479 opinio
1922 430 2041 480 tuta,

304 495 456 538 minus
489 500 608 550 tuta,
643 495 788 537 tutior
821 495 927 546 2Ο1;
965 495 1114 549 opinio
1147 509 1251 539 vere
1282 496 1527 551 probabilis
1560 497 1670 550 211;
1706 499 1857 552 opinio
1890 498 2043 554 proba·

297 568 442 623 bilior,
462 569 862 624 aequep1·obabiliS‚
882 569 1032 612 minus
1055 570 1314 624 probabilis,
1339 571 1704 625 probabilissima
1727 574 1809 614 2Ο1
1829 586 1836 617 ;
1864 573 2041 627 quando

299 642 450 697 opinio
483 643 629 686 tutior
660 642 872 697 eligenda
905 643 967 686 sit
999 643 1107 694 210;
1145 643 1252 697 quid
1285 644 1557 699 requiratur,
1599 650 1651 687 ut
1696 646 1845 700 opinio
1889 646 2042 702 proba-

297 719 401 762 bilis
435 717 544 771 eligi
575 716 721 771 possit
753 717 862 760 211:
898 718 1075 771 quando
1107 717 1243 761 liceat
1284 717 1354 760 uti
1404 718 1612 772 opinione
1660 720 1881 773 probabili
1929 722 2039 773 2143

295 806 403 836 num
438 791 577 835 etiam
610 790 658 832 in
691 803 797 832 casu
821 790 937 845 legis
971 791 1189 834 cessantis
1225 791 1323 833 220.

177 869 290 913 Ordo
322 864 548 909 naturalis
581 869 627 907 et
660 865 1020 918 supernaturalis
1055 865 1131 917 153
1167 865 1380 919 physicus
1413 869 1458 908 et
1502 866 1686 909 moralis
1736 867 1815 919 663
1859 867 2040 910 moralis

298 944 366 985 est
398 953 555 983 norma
588 938 794 993 proxima-
828 939 1106 982 moralitatis
1139 939 1208 982 55.

1070 1103 1150 1143 P.

175 1193 421 1238 parochus:
450 1205 557 1234 num
579 1191 836 1245 dispensare
859 1195 905 1233 et
928 1194 1202 1245 potestatem
1224 1190 1515 1245 dispensandi
1541 1191 1748 1246 delegare
1770 1190 1915 1245 possit
1940 1190 2037 1233 156.

176 1268 429 1311 Peccatum:
469 1266 576 1320 quid
610 1266 669 1308 sit
703 1266 812 1318 2603
849 1273 1071 1319 quatenus
1102 1266 1287 1308 differat
1317 1265 1370 1308 ab
1394 1264 1734 1320 imperfectione
1758 1264 1865 1315 260;
1900 1263 2040 1318 requi-

295 1341 385 1384 sita
416 1341 473 1383 ad
507 1343 740 1395 peccatum
775 1340 884 1392 2613
918 1340 1095 1382 nullum
1130 1345 1198 1383 est
1239 1350 1472 1394 peccatum
1521 1338 1880 1394 philosophicum
1930 1338 2037 1387 262;

292 1415 536 1470 multiplex
569 1414 741 1469 peccati
776 1413 938 1457 divisio
972 1414 1078 1464 263;
1134 1414 1305 1469 peccati
1353 1414 1587 1457 distinctio
1630 1413 1885 1467 theologica
1929 1412 2040 1465 264;

292 1494 526 1544 peccatum
559 1488 909 1531 indeliberatum
944 1488 1050 1538 274;
1097 1488 1287 1542 quodvis
1331 1493 1564 1543 peccatum
1610 1489 1780 1530 offensa
1814 1486 1897 1529 Dei
1940 1487 2038 1528 264.

208 1589 261 1594 —
294 1564 514 1606 mortale:
548 1563 643 1605 eius
676 1562 923 1606 existentia
956 1567 1001 1605 et
1034 1562 1233 1605 essentia
1256 1562 1364 1613 265;
1401 1562 1495 1605 eius
1529 1563 1717 1606 effectus
1750 1561 1859 1604 266:
1896 1560 2040 1603 condi-

292 1636 438 1679 ciones
472 1637 530 1679 ad
561 1636 677 1679 illud
710 1636 957 1691 requisitae
988 1636 1074 1680 268
1109 1650 1186 1687 ss.;
1232 1636 1280 1679 in
1324 1637 1484 1691 quibus
1528 1635 1724 1691 peccatis
1770 1636 1902 1678 detur
1945 1648 2040 1689 par-

291 1709 412 1752 vitas
462 1710 681 1753 materiae
729 1710 836 1760 268;
871 1710 1020 1764 'signa
1068 1710 1342 1764 semiplenae
1384 1710 1697 1753 advertentiae
1745 1710 1854 1753 269:
1909 1709 2041 1763 signa

293 1783 528 1839 semipleni
562 1797 802 1826 consensus
836 1784 944 1837 2703
979 1785 1199 1838 quomodo
1233 1789 1400 1839 peccet,
1433 1784 1509 1838 qui
1541 1784 1607 1826 nil
1652 1784 1840 1838 cogitat.
1884 1787 2039 1826 utrum

290 1871 360 1900 res
393 1857 548 1913 gravis
581 1872 639 1901 an
670 1858 785 1901 levis
819 1858 878 1901 sit
913 1858 1022 1911 269;
1057 1859 1133 1913 qui
1169 1858 1364 1913 dubitat,
1398 1866 1553 1901 utrum
1587 1859 1760 1913 aliquid
1803 1872 1942 1913 grave
1982 1871 2039 1900 an

288 1934 386 1976 leve
419 1933 480 1976 sit
512 1932 622 1986 269;
656 1932 732 1987 qui
767 1932 988 1976 deliberat
1022 1933 1074 1976 de
1107 1938 1289 1987 peccato
1323 1932 1647 1975 committendo
1681 1933 1779 1976 2ΤΟ.

203 2031 254 2036 -—
290 2007 485 2049 reniale:
505 2006 600 2050 eius
618 2006 865 2049 existentia
879 2007 961 2048 271
980 2020 987 2048 ;
1005 2006 1099 2049 eius
1118 2006 1315 2049 essentia
1332 2007 1441 2057 2ῖ2;
1462 2020 1538 2049 cur
1558 2006 1736 2050 dicatur
1750 2005 2038 2058 ceniale272;

291 2080 386 2124 eius
421 2082 608 2124 effectus
642 2081 749 2130 273ς
786 2080 1068 2123 condiciones
1102 2081 1159 2124 ad
1192 2080 1307 2123 illud
1340 2080 1587 2135 requisitae
1620 2081 1720 2123 274.

201 2180 255 2185 -—
290 2155 549 2198 lmbitzmle:
583 2160 806 2209 quatenus
840 2155 895 2197 ab
928 2154 1098 2197 actuali
1133 2155 1318 2198 differat
1352 2155 1457 2202 267;
1493 2155 1541 2197 in
1574 2168 1659 2209 quo
1693 2154 1914 2197 consistat
1938 2154 2037 2196 267.

176 2231 466 2274 peccatorum
492 2229 718 2272 distinctio
741 2230 972 2286 specifica:
1005 2243 1112 2272 num
1138 2229 1231 2272 sint
1253 2233 1438 2284 peccata
1457 2229 1663 2284 specifice
1687 2228 1906 2271 distincta
1928 2228 2036 2277 2ῖῦς

289 2317 446 2347 norma
479 2302 685 2358 specifice
720 2303 1034 2358 distinguendi
1068 2308 1253 2358 peccata
1286 2303 1371 2346 ‘275
1405 2316 1462 2352 s.;
1495 2317 1604 2346 num
1629 2306 1814 2358 peccata
1838 2301 2038 2344 commis-

289 2378 428 2421 sionis
448 2383 493 2421 et
512 2378 768 2421 omissionis
784 2384 940 2421 contra
959 2379 1144 2421 eandem
1164 2378 1384 2421 virtutem
1405 2379 1498 2421 sint
1517 2378 1716 2421 eiusdem
1738 2376 1900 2432 speciei
1926 2375 2034 2424 276ς

288 2466 396 2495 1111111
432 2458 616 2506 peccata
648 2452 854 2507 pluribus
888 2452 1142 2507 praeceptis
1175 2452 1292 2495 circa
1325 2453 1512 2495 eandem
1547 2452 1784 2495 materiam
1830 2450 2037 2505 opposita

293 2526 391 2569 sint
421 2526 624 2570 diversae
658 2526 820 2581 speciei
854 2526 953 2569 276.

201 2625 251 2630 -—
288 2600 515 2643 distinctio
547 2601 778 2644 numerica
792 2614 806 2642 .·
841 2614 894 2644 ex
928 2600 1098 2656 duplici
1131 2602 1259 2643 fonte
1284 2600 1518 2643 derivatur
1540 2600 1649 2651 2ῖ’ῖ;
1685 2599 1862 2655 quando
1887 2598 2036 2653 plures

288 2679 417 2717 actus
449 2675 683 2718 moraliter
713 2689 854 2718 unum
889 2675 1173 2718 constituant
1197 2675 1302 2728 2783
1338 2675 1515 2728 quando
1539 2675 1669 2729 plura
1702 2673 1876 2717 obiecta
1898 2685 2037 2715 mora-

287 2748 394 2791 liter
410 2762 550 2791 unum
570 2750 853 2793 constituant
873 2750 981 2801 2833
1018 2750 1195 2804 quando
1214 2755 1342 2792 actus
1359 2749 1614 2792 voluntatis
1643 2747 1876 2790 moraliter
1902 2746 2038 2788 inter-

286 2828 559 2877 rumpantur
592 2823 699 2875 279;
750 2825 928 2878 quando
962 2824 1328 2878 multiplicentur
1360 2828 1487 2867 actus
1535 2822 1704 2866 interni
1748 2821 1859 2869 1280:
1909 2826 2037 2864 actus

289 2897 489 2940 exterius
523 2897 776 2952 complendi
809 2897 918 2951 ‘2813
953 2903 1081 2940 actus
1115 2898 1288 2940 externi
1325 2898 1433 2940 282:
1468 2901 1597 2940 actus
1629 2896 1799 2939 interni
1824 2896 1881 2938 ad
1905 2895 2037 2950 plura

291 2970 466 3013 obiecta
497 2971 633 3013 relati
665 2971 778 3021 284;
813 2975 942 3014 actus
975 2972 1150 3014 externi
1183 2972 1240 3014 ad
1274 2972 1405 3025 plura
1439 2971 1614 3014 obiecta
1646 2970 1779 3014 relati
1816 2970 1915 3012 265.

198 3071 252 3075 ——
283 3045 519 3101 pravitas:
553 3045 735 3089 criteria
769 3045 1051 3089 discernendi
1085 3050 1270 3100 peccata
1303 3044 1463 3099 gravia
1497 3050 1541 3088 et
1558 3045 1678 3087 levia
1708 3044 1816 3090 2862
1852 3046 2036 3097 peccata

287 3133 340 3162 ex
373 3123 470 3162 toto
503 3132 665 3174 genere
698 3119 871 3174 gravia,
906 3133 960 3162 ex
991 3124 1089 3162 toto
1123 3132 1285 3174 genere
1316 3119 1449 3173 levia,
1483 3131 1536 3161 ex
1569 3131 1731 3173 genere
1765 3131 1842 3159 suo
1875 3115 2036 3170 gravia

287 3194 394 3246 2863
430 3193 608 3236 diversa
640 3198 709 3236 est
741 3198 1024 3248 peccatorum
1060 3193 1321 3236 mortalium
1357 3193 1562 3248 gravitas
1595 3193 1701 3238 287:
1749 3195 1857 3245 quot
1890 3188 2035 3232 modis

286 3271 520 3322 peccatum
569 3279 708 3322 grave
752 3268 837 3310 fiat
884 3268 982 3311 leve
1026 3268 1135 3319 2883
1190 3271 1299 3322 quot
1347 3267 1493 3310 modis
1538 3272 1771 3322 peccatum
1820 3266 1917 3309 leve
1949 3265 2035 3306 fiat

288 3354 427 3396 grave
458 3341 570 3394 <289;
605 3354 713 3384 num
747 3342 879 3396 plura
913 3342 1111 3385 venialia
1144 3341 1429 3385 constituant
1462 3342 1653 3384 mortale
1688 3340 1794 3383 290:

167 3415 348 3461 Peccati
366 3416 619 3471 periculum
635 3428 650 3458 .·
683 3416 791 3470 quid
815 3420 859 3458 et
884 3417 1131 3471 quotuplex
1155 3415 1216 3459 sit
1243 3417 1322 3459 291
1343 3433 1351 3467 ;
1386 3421 1608 3470 quatenus
1630 3414 1777 3458 vitare
1800 3418 2035 3457 teneamur

287 3503 439 3545 grave,
474 3493 695 3543 quatenus
726 3490 825 3532 leve
859 3489 957 3531 292.
