2269 3898
692 171 757 213 De
789 170 1087 214 celebratione
1119 171 1414 214 matrimonii.
1902 174 1985 217 165

262 305 308 354 2.
355 302 608 373 Deleyari
650 303 823 354 solum
867 312 1044 372 potest
1085 305 1345 370 sacerdOS,
1408 304 1543 356 adeo
1586 313 1645 356 ut
1687 305 1983 374 delegatuS,

109 395 205 462 qui
250 411 359 444 non
402 394 471 443 sit
512 393 782 459 sacerdos,
827 391 1010 443 valide
1053 410 1161 443 non
1204 395 1450 444 assistat:
1492 402 1666 444 totum
1709 396 1855 445 enim
1900 394 1985 446 de-

112 489 321 532 cretum
378 481 762 547 tridentinum,
823 481 969 549 quod
1028 500 1283 550 expresse
1341 484 1545 549 statuit,
1603 493 1662 534 ut
1704 483 1985 552 delegatus

106 571 179 620 sit
238 570 507 635 sacerdos,
576 569 744 621 habet
810 571 924 621 vim
985 569 1121 638 legis
1181 572 1463 624 irritantis.
1544 571 1742 624 Valide
1802 581 1983 624 autem

111 658 393 727 delegatur
435 660 604 728 quivis
646 659 892 710 sacerdos
935 662 1098 710 etiam
1136 659 1348 711 alienae
1377 660 1672 729 parochiae
1713 660 1802 712 vel
1843 661 1985 713 dioe-

109 749 264 814 cesis,
307 749 474 798 immo
506 749 761 800 sacerdos
789 748 1122 816 irregularis,
1168 767 1465 817 suspensus
1495 749 1583 800 vel
1612 753 1985 802 excommuni-

108 844 281 901 catus,
324 838 454 906 quia
483 837 847 890 tridentinum
889 840 946 888 in
989 837 1237 905 delegato
1265 837 1418 889 aliud
1454 856 1561 890 non
1592 839 1837 908 requirit,
1881 841 1984 891 nisi

108 934 167 976 ut
210 927 278 976 sit
309 926 588 978 sacerdos

258 1014 306 1067 3.
352 1015 629 1084 Delegatio
674 1015 835 1066 debet
877 1033 1024 1067 esse:
1070 1036 1118 1069 α.
1162 1016 1452 1086 Eoepressa,
1513 1018 1629 1068 sive
1671 1018 1727 1067 in
1770 1018 1985 1086 scriptis

108 1105 227 1155 sive
285 1122 422 1155 voce
481 1104 833 1169 conceditur,
891 1122 1059 1173 quare
1118 1103 1255 1155 nihil
1310 1104 1458 1156 valet
1511 1105 1781 1174 delegatio
1836 1125 1983 1175 prae-

108 1200 291 1244 sumta
332 1192 421 1244 vel
463 1195 860 1263 superveniens
901 1193 1237 1246 ratihabitio

259 1296 299 1324 α.
335 1282 518 1325 Sufficit
551 1283 687 1326 tacita
724 1283 966 1337 delegatio,
1011 1296 1099 1337 qua
1141 1296 1303 1338 nempe
1343 1284 1565 1338 parochus
1599 1297 1810 1339 praesens
1843 1284 1986 1328 sciens

105 1357 250 1399 alium
285 1357 564 1401 sacerdotem
599 1358 750 1400 omnia
782 1370 941 1412 parare
973 1358 1030 1400 ad
1054 1357 1361 1401 assistendum
1386 1358 1679 1402 matrimonio
1704 1372 1792 1401 non
1816 1362 1987 1402 contra-

108 1430 237 1483 dicit,
270 1431 450 1485 quando
483 1431 531 1474 id
563 1431 699 1475 facile
732 1436 898 1487 potest.
964 1432 1097 1475 Valet
1132 1431 1272 1475 etiam
1309 1432 1536 1487 delegatio
1570 1436 1688 1476 metu
1723 1436 1917 1476 extorta.

261 1506 300 1554 β.
349 1505 472 1549 Haec
513 1506 756 1561 delegatio,
802 1520 901 1549 cum
945 1506 1266 1550 strictissimae
1298 1506 1696 1561 interpretationis
1729 1507 1806 1562 sit,
1838 1507 1988 1550 valide

106 1579 295 1622 extendi
338 1593 428 1622 non
471 1585 623 1634 potest
667 1581 720 1623 de
762 1594 868 1623 casu
911 1581 968 1623 ad
1013 1594 1181 1635 casum,
1227 1581 1304 1624 sed
1346 1582 1471 1624 valet
1515 1582 1659 1624 solum
1702 1582 1755 1624 de
1788 1581 1988 1636 personis

107 1653 485 1710 determinatis¹).

259 1729 302 1782 b.
350 1730 499 1780 Nota
541 1729 813 1798 delcyczto,·
868 1731 997 1799 quia
1039 1747 1166 1798 ergo
1223 1728 1511 1798 delegatio,
1569 1748 1710 1799 quae
1764 1749 1794 1781 a
1850 1730 1988 1782 dele-

106 1825 234 1885 gato
278 1821 576 1887 ignoratur,
638 1819 776 1870 nihil
819 1819 1058 1889 prodest,
1117 1820 1236 1888 ipsa
1280 1818 1531 1888 delegato
1587 1818 1770 1890 aliquo
1826 1819 1987 1872 modo

109 1908 353 1960 intimari
397 1908 575 1962 debet.

261 2019 299 2050 c,
345 1998 634 2066 Delegatio
668 2007 848 2068 potest
889 2017 995 2050 esse
1035 1996 1313 2069 yeoze⁹·ali3,
1358 1998 1538 2067 quoad
1566 2001 1751 2050 omnia
1780 1998 1989 2050 scilicet

111 2088 479 2153 matrimonia,
536 2089 773 2157 quaein
832 2087 1017 2158 aliqua
1071 2087 1334 2156 parochia
1384 2087 1745 2144 celebrantur.
1829 2088 1984 2139 Eius-

111 2175 260 2227 modi
299 2175 702 2244 delegationem
742 2176 1055 2246 generalem
1098 2175 1267 2228 habet
1307 2177 1577 2243 sacerdOS,
1622 2179 1715 2247 qui
1758 2177 1986 2247 parochi

109 2264 318 2316 diutius
359 2265 602 2318 absentis
644 2268 794 2318 vices
837 2265 925 2317 vel
967 2265 1262 2335 parochiae
1304 2268 1555 2318 vacantis
1598 2286 1787 2319 curam
1831 2268 1986 2334 gerit.

260 2355 449 2399 Recenti
494 2359 696 2411 tempore
738 2369 817 2411 per
862 2368 1126 2411 responsum
1161 2355 1201 2399 S.
1237 2356 1280 2399 C.
1317 2355 1362 2398 C.
1400 2356 1468 2398 18.
1503 2361 1636 2399 mart.
1673 2357 1789 2400 1893
1834 2369 1988 2411 appro-

109 2428 245 2472 batus
285 2434 354 2472 est
395 2431 555 2473 modus
601 2430 903 2486 delegationis
947 2430 1188 2485 generalis,
1233 2443 1319 2485 quo
1363 2443 1524 2485 nempe
1568 2430 1752 2486 parochi
1797 2443 1990 2485 magnae

108 2503 305 2547 alicuius
351 2503 558 2548 civitatis
605 2504 690 2548 sibi
735 2508 893 2548 mutuo
938 2510 984 2548 et
1028 2504 1132 2547 aliis
1175 2518 1202 2547 a
1234 2517 1281 2548 se
1315 2503 1541 2559 delegatis
1575 2505 1827 2548 concedunt
1860 2517 1988 2560 gene·

110 2579 250 2622 ralem
283 2580 555 2622 facultatem
588 2579 835 2623 assistendi
869 2578 1176 2622 matrimoniis
1199 2592 1249 2622 eo
1272 2579 1377 2633 fine,
1410 2582 1465 2622 ut
1497 2582 1714 2622 caveatur
1736 2578 1986 2634 periculum

110 2652 346 2696 nullitatis
388 2654 670 2698 matrimonii
711 2668 879 2709 eorum,
929 2654 1005 2708 qui
1049 2653 1186 2696 factis
1229 2653 1319 2697 iam
1370 2652 1804 2708 proclamationibus
1853 2653 1989 2695 domi-

108 2726 267 2769 cilium
317 2734 502 2771 mutant
549 2732 595 2771 et
648 2727 946 2772 nihilominus
998 2728 1046 2771 in
1094 2727 1244 2783 prisca
1297 2727 1511 2783 parochia
1563 2740 1645 2770 sua
1698 2726 1988 2770 contrahunt.

110 2800 269 2844 Plures
303 2805 457 2845 tamen
491 2816 517 2845 a
550 2816 583 2845 s,
608 2803 712 2846 sede
735 2802 921 2846 additae
944 2807 1052 2846 sunt
1074 2802 1407 2846 restrictiones:
1445 2816 1486 2844 α.
1515 2802 1629 2844 hanc
1654 2800 1987 2855 delegationem

109 2887 201 2917 non
242 2875 466 2930 permitti,
509 2874 599 2920 nisi
639 2877 825 2920 accedat
869 2877 1087 2920 ordinarii
1120 2876 1388 2932 approbatio
1423 2879 1469 2920 et
1503 2875 1732 2930 delegatio
1764 2889 1855 2918 una
1888 2889 1987 2918 cum

111 2949 338 2993 facultate
371 2949 726 3007 subdelegandi;
764 2953 802 3001 β.
836 2965 934 2996 eam
968 2952 1188 3007 restringi
1221 2952 1279 2995 ad
1312 2951 1429 2995 solos
1461 2950 1678 3006 parochos
1712 2950 1931 2993 domicilii
1963 2963 1990 2993 a

110 3023 290 3078 sponsis
323 3024 498 3078 relicti;
547 3040 586 3078 γ.
632 3039 730 3069 eam
764 3027 984 3081 expirare,
1018 3027 1198 3082 quando
1231 3040 1258 3070 a
1292 3025 1364 3070 die
1395 3025 1588 3069 ultimae
1619 3024 1989 3080 proclamationis

111 3096 382 3153 (exclusive)
414 3100 557 3155 elapsi
592 3106 700 3144 sunt
732 3104 804 3144 tot
838 3101 932 3144 dies
966 3101 1194 3156 completi,
1230 3104 1340 3155 quot
1367 3099 1500 3143 iuxta
1523 3103 1704 3143 statuta
1727 3099 1989 3143 dioecesana

112 3172 423 3229 requiruntur,
455 3178 509 3217 ut
544 3175 688 3218 denuo
722 3174 822 3218 fieri
857 3173 1051 3219 debeant
1084 3174 1479 3230 proclamat-iones.

264 3264 314 3316 d.
359 3265 634 3334 Deleyatio
686 3263 949 3334 yeneralis
1003 3266 1169 3316 etiam
1223 3266 1279 3316 in
1322 3263 1470 3315 hunc
1523 3262 1748 3315 modum
1805 3260 1989 3312 valide

112 3353 344 3404 concedi
387 3361 578 3422 potest,
622 3361 681 3405 ut
722 3354 1171 3424 nupturientibus
1212 3352 1308 3405 fiat
1348 3360 1587 3423 potestas
1626 3348 1987 3403 contrahendi

271 3532 300 3585 1)
332 3533 376 3577 S.
417 3533 623 3590 Officium
658 3533 698 3574 2.
733 3546 838 3588 aug.
876 3532 1004 3575 1899.
