2301 3962
630 245 696 287 De
727 248 893 287 natura
926 244 1183 299 theologiae
1216 244 1412 288 moralis.
1924 247 1950 289 5

239 397 285 431 α.
339 378 574 428 Positiva
627 395 688 427 ea
741 385 836 442 est,
893 395 1000 445 qua
1056 379 1313 428 veritates
1368 377 1600 430 morales
1649 396 1676 428 e
1718 379 1950 446 propriis

91 466 252 517 huius
295 467 556 516 scientiae
596 465 840 516 fontibus
884 473 1070 516 erutae
1111 473 1272 535 atque
1315 485 1383 516 ex
1424 466 1529 517 illis
1563 466 1950 535 comprobatae

91 553 281 605 ordine
335 554 684 621 systematico
727 560 1136 621 proponuntur3
1192 553 1482 606 methodus
1533 555 1770 623 positiva
1824 573 1949 622 ergo

89 642 393 711 simplicem
468 643 838 709 cognitionem
911 642 1207 693 veritatum
1275 641 1565 693 moralium
1633 661 1699 693 ex
1764 661 1950 694 earum

89 731 333 782 fontibus
374 731 702 799 suppeditat.

239 820 283 871 b.
343 820 668 872 Scholastica
729 838 823 870 seu
880 818 1220 887 speculativa
1277 837 1339 870 ea
1381 826 1474 884 est,
1534 837 1641 888 qua
1694 820 1952 870 veritates

91 909 323 961 morales
384 927 411 959 e
471 909 706 977 propriis
764 906 1010 958 fontibus
1071 907 1352 958 desumtae
1413 909 1723 960 accuratius
1784 907 1950 976 expli-

91 1006 302 1062 cantur,
360 1016 428 1048 ex
485 998 773 1066 principiis
828 995 1150 1064 theologicis
1207 1004 1259 1047 et
1313 995 1708 1065 philosophicis
1763 995 1953 1047 confir·

91 1095 326 1152 mantur,
381 1085 449 1137 ab
492 1085 1004 1154 impugnationibus
1046 1085 1418 1153 vindicantur,
1474 1103 1665 1149 nexus,
1723 1103 1827 1154 quo
1878 1086 1954 1136 in-

90 1177 270 1226 vicem
314 1175 623 1241 cohaerent,
676 1175 1042 1243 investigatur
1093 1192 1157 1225 ac
1197 1174 1421 1225 tandem
1465 1173 1843 1225 conclusiones
1885 1192 1953 1224 ex

91 1266 156 1315 iis
206 1263 581 1320 deducuntur:
639 1262 928 1314 methodus
983 1261 1310 1314 scholastica
1363 1280 1488 1330 ergo
1542 1261 1952 1331 profundiorem

92 1360 144 1403 et
204 1354 379 1421 magis
440 1353 795 1404 scientificam
865 1352 1234 1418 cognitionem
1296 1351 1592 1401 earundem
1658 1351 1952 1401 veritatum

92 1442 421 1510 suppeditat.

239 1550 278 1583 c.
328 1529 625 1582 Casuz'stica
666 1547 729 1579 ea
771 1536 866 1593 est,
923 1546 1030 1597 qua
1079 1526 1325 1595 neglecto
1368 1527 1558 1579 ordine
1602 1529 1951 1595 systematico

93 1620 353 1671 veritates
403 1618 634 1670 morales
702 1617 772 1669 ad
834 1636 991 1669 casus
1050 1615 1407 1686 particulares
1468 1635 1665 1685 eosque
1725 1617 1955 1667 rariores

94 1708 240 1758 vitae
280 1706 556 1758 humanae
605 1706 957 1776 applicantur
1006 1713 1058 1756 et
1099 1707 1445 1775 quaestiones
1487 1707 1763 1775 practicae
1805 1723 1954 1774 prae-

93 1798 279 1848 sertim
322 1795 661 1847 difficiliores
702 1813 772 1846 ex
812 1795 1104 1864 principiis
1148 1793 1444 1845 moralibus
1486 1793 1850 1860 resolvuntur,
1896 1802 1954 1844 ut

94 1887 149 1936 in
192 1885 421 1955 singulis
463 1884 679 1936 casibus
721 1892 1097 1953 cognoscatur,
1141 1883 1276 1953 quid
1315 1882 1545 1951 lic-itum,
1602 1883 1807 1952 quidve
1859 1881 1957 1933 illi-

96 1977 283 2039 citum,
326 1974 459 2044 quid
500 1992 684 2042 grave,
729 1974 863 2043 quid
902 1973 1024 2025 leve
1065 1981 1353 2042 peccatum
1396 1974 1478 2024 sit.

247 2078 286 2106 a.
321 2064 415 2106 Alii
449 2063 691 2118 positivam
728 2063 991 2106 methodum
1037 2066 1198 2117 utpote
1232 2075 1331 2104 cum
1366 2061 1634 2104 scholastica
1665 2058 1958 2115 inseparabili

94 2151 214 2181 nexu
262 2138 547 2180 coniunctam
587 2136 1009 2192 praetermittentes
1057 2135 1283 2190 triplicem
1332 2136 1450 2178 hunc
1497 2134 1680 2177 modum
1728 2132 1957 2176 tractandi

94 2212 371 2266 theologiam
396 2212 610 2254 moralem
638 2210 957 2265 distinguunt:
983 2210 1312 2263 scholasticum,
1331 2209 1616 2252 casui-sticum
1641 2212 1686 2251 et
1711 2208 1956 2264 mysticum.

96 2286 338 2329 Methodus
371 2285 559 2341 mystica
592 2284 674 2327 illa
706 2289 790 2339 est,
824 2297 913 2338 qua
945 2283 1164 2327 veritates
1197 2284 1387 2326 morales
1419 2283 1488 2326 ita
1519 2285 1874 2337 pertractantur,
1906 2284 1957 2323 ut

97 2361 154 2403 ad
188 2360 409 2403 virtutem
459 2371 644 2413 eamque
677 2360 924 2413 perfectam
958 2358 1218 2401 sectandam
1269 2357 1469 2401 excitent
1512 2361 1558 2400 et
1593 2356 1824 2411 dirigant;
1876 2369 1960 2399 me-

94 2435 261 2478 thodus
295 2433 488 2487 mystica
535 2445 640 2487 ergo
675 2432 880 2486 singulas
913 2431 1112 2475 virtutes
1145 2444 1388 2485 earumque
1438 2430 1637 2473 diversos
1670 2429 1960 2485 perfectionis

94 2509 264 2563 gradus
297 2507 484 2562 exponit
516 2511 653 2561 atque
687 2519 740 2549 ex
772 2505 1047 2549 veritatibus
1082 2504 1327 2547 moralibus
1359 2504 1558 2548 rationes
1607 2509 1652 2547 et
1685 2504 1860 2547 motiva
1893 2504 1959 2546 de-

96 2582 236 2637 ducit,
285 2581 446 2637 quibus
477 2582 609 2624 homo
645 2581 702 2623 ad
736 2580 995 2623 sectandam
1041 2578 1362 2633 perfectionem
1397 2577 1691 2621 christianam
1725 2580 1961 2620 moveatur

97 2671 148 2700 ac
183 2655 524 2700 determinetur.
589 2655 699 2698 Cum
733 2653 974 2709 peculiaris
1008 2657 1134 2696 extet
1168 2652 1409 2707 disciplina
1440 2651 1710 2707 theologica,
1743 2651 1958 2694 nimirum

100 2731 311 2787 ascetica,
347 2743 459 2784 quae
484 2730 537 2772 de
559 2728 812 2772 virtutibus
843 2728 925 2771 hoc
958 2728 1088 2770 modo
1122 2731 1247 2782 agat,
1280 2726 1520 2769 methodus
1551 2725 1745 2780 mystica
1774 2739 1864 2768 non
1894 2730 1960 2768 est

100 2805 258 2848 modus
292 2803 524 2847 tractandi
556 2802 834 2858 theologiam
867 2803 1101 2845 moralem.

247 2879 283 2921 b.
319 2877 539 2932 Theologi
582 2877 788 2931 morales,
837 2875 913 2930 qui
946 2876 1210 2918 methodum
1250 2874 1536 2918 casuisticam
1570 2873 1859 2929 potissimum
1903 2887 1962 2918 se-

101 2956 318 3008 quuntur,
354 2952 582 2995 casuistae
613 2954 846 2994 vocantur.
890 2951 1056 2993 Eorum
1091 2949 1170 2992 alii
1203 2948 1526 3004 principiorum
1560 2948 1839 3003 expositione
1870 2950 1963 2991 fere

95 3040 278 3083 prorsus
310 3027 520 3081 neglecta
551 3025 599 3068 in
633 3025 860 3068 solvendis
909 3024 1085 3067 casibus
1119 3023 1387 3078 praesertim
1422 3022 1757 3065 difficilioribus
1806 3026 1851 3065 et
1900 3022 1962 3065 in-

95 3101 275 3145 tricatis
307 3101 386 3143 vix
432 3114 522 3143 non
567 3100 697 3142 unice
745 3099 1042 3152 incumbunt3
1093 3098 1172 3141 alii
1205 3111 1309 3141 vero
1357 3096 1606 3152 praemissa
1638 3096 1962 3151 principiorum

97 3175 377 3230 expositione
424 3176 527 3229 plus
558 3174 766 3217 minusve
799 3177 1010 3216 accurata
1059 3176 1105 3215 et
1154 3171 1405 3215 scientifica
1453 3170 1630 3214 casibus
1665 3169 1963 3212 discutiendis

97 3263 276 3305 operam
310 3249 433 3291 dant.

247 3397 302 3449 6.
346 3396 622 3448 Methodus
661 3396 1021 3447 recentiorum.
1099 3395 1453 3445 Recentiores
1501 3391 1807 3459 theologiae
1856 3409 1960 3443 mo·

98 3484 227 3536 ralis
282 3493 531 3536 auctores
584 3503 695 3536 non
748 3502 916 3535 unam
969 3490 1183 3534 tantum
1236 3500 1367 3551 prae
1420 3480 1645 3550 reliquis
1686 3487 1964 3532 sectantur

102 3573 422 3625 methodum
479 3574 572 3625 sed
625 3591 811 3625 eorum
866 3572 1113 3641 plerique
1168 3589 1355 3623 omnes
1407 3578 1514 3621 tres
1571 3576 1696 3638 apte
1739 3570 1962 3620 coniun-
