2269 3898
790 174 857 217 De
890 174 1224 217 consuetudine.
1853 176 1935 218 201

222 308 366 358 Num
405 325 542 357 nova
584 306 669 357 Zeoe
705 306 920 375 auferat
945 309 1242 359 contrarias
1271 310 1668 361 consuetudines
1698 311 1937 379 viqeoztes.

224 408 723 462 Constitutionibus
750 411 1045 478 pontificiis
1075 411 1205 462 addi
1230 411 1402 463 solent
1426 413 1710 480 clausulae,
1739 412 1939 482 quibus

75 499 501 552 consuetudines
560 500 864 549 contrariae
919 499 1310 568 reprobantur3
1368 505 1519 570 atqui
1563 502 1629 553 de
1670 501 1755 552 his
1798 501 1939 553 clau-

72 588 206 641 sulis
248 589 426 638 notari
483 586 674 638 debet:
741 607 788 640 α.
843 588 963 638 Lex
1013 589 1339 640 universalis
1393 591 1570 641 aufert
1610 592 1940 642 contrariam

75 676 530 730 consuetudinem
583 676 972 744 universalem,
1038 686 1093 728 at
1147 695 1256 728 non
1298 678 1476 729 aufert
1518 679 1940 730 consuetudines

75 766 458 837 particulares,
518 766 623 816 nisi
686 765 923 817 addatur
976 765 1237 831 clausula,
1294 785 1434 836 quae
1488 767 1939 818 consuetudinem

75 856 406 908 contrariam
448 856 729 923 vigentem
772 854 1043 924 reprobet.
1124 856 1168 907 b.
1214 856 1367 907 Haec
1410 856 1685 907 clausula:
1728 875 1831 907 non
1863 857 1940 906 ob-

75 954 244 998 stante
284 964 586 1014 quacunque
629 945 999 996 consuetudine
1051 945 1229 996 aufert
1277 963 1465 996 omnes
1520 945 1944 996 consuetudines

76 1045 289 1105 praeter
329 1033 771 1100 immemoriales,
815 1041 870 1084 at
911 1052 1018 1085 non
1052 1035 1284 1103 impedit
1312 1036 1581 1102 originem
1612 1053 1789 1086 novae
1820 1052 1942 1085 con-

72 1123 387 1175 suetudinis
430 1124 752 1176 contrariae.
800 1143 840 1176 c,
886 1122 1175 1176 Clausula:
1218 1143 1323 1175 non
1365 1124 1600 1175 obstante
1642 1142 1944 1193 quacunque

73 1212 447 1265 consuetudine
504 1213 662 1263 etiam
715 1211 1087 1263 immemoriali
1138 1231 1326 1264 omnes
1381 1231 1603 1282 prorsus
1662 1220 1945 1263 consuetu-

79 1302 235 1354 dines
278 1304 579 1353 contrarias
633 1302 823 1365 aufert‚
879 1310 934 1354 at
985 1303 1254 1369 originem
1308 1321 1486 1354 novae
1530 1301 1943 1353 consuetudinis

78 1393 383 1444 contrariae
425 1409 605 1461 neque
647 1393 766 1465 ipsa
807 1390 1106 1460 impeditl).
1187 1391 1236 1444 cl.
1283 1390 1543 1443 Clausala
1582 1390 1689 1459 legi
1730 1390 1942 1441 addita:

74 1481 290 1533 exclusa
331 1482 516 1550 quavis
557 1481 927 1531 consuetudine
976 1481 1247 1531 contra-ria
1301 1482 1357 1530 in
1384 1479 1636 1549 futurum
1678 1478 1947 1530 difficilio-

78 1589 191 1622 rem
235 1570 457 1639 quidem
500 1569 683 1620 reddit
725 1568 1181 1621 consuetudinem
1232 1587 1409 1620 novae
1448 1568 1554 1637 legi
1598 1570 1946 1634 contrariam,

75 1668 134 1711 at
173 1659 289 1710 eius
331 1660 599 1726 originem
653 1677 762 1710 non
805 1659 1028 1710 omnino
1082 1658 1341 1727 impedit:
1399 1659 1601 1711 etenim
1652 1656 1788 1708 haec
1829 1659 1948 1726 ipsa

76 1748 324 1800 clausula
366 1755 447 1799 est
485 1747 575 1799 lex
618 1747 1018 1817 disciplinaris;
1061 1749 1214 1816 atqui
1257 1747 1323 1798 de
1360 1749 1571 1798 ratione
1612 1746 1747 1815 legis
1790 1746 1946 1798 disci·

78 1837 307 1908 plinaris
350 1845 444 1903 est,
488 1845 547 1889 ut
588 1838 844 1889 admittat
885 1836 1340 1888 consuetudinem
1384 1835 1779 1902 contrariam-2).

232 2003 265 2058 ¹)
293 2002 580 2046 Consuetudo
604 2002 948 2044 immemorialss
965 2014 1017 2044 ea
1034 2004 1117 2055 est,
1141 2000 1268 2043 cuius
1286 1998 1411 2042 initii
1430 1999 1646 2042 memoria
1667 2012 1755 2042 non
1775 1997 1949 2042 existit.

74 2078 175 2120 Non
210 2076 400 2119 dicitur:
438 2076 565 2119 cuius
597 2076 724 2119 initii
758 2075 959 2130 cognitio
991 2088 1081 2118 non
1114 2074 1295 2125 existit;
1344 2074 1444 2117 ideo
1489 2073 1764 2116 consuetudo
1798 2072 1949 2115 imme-

81 2151 283 2194 morialis
317 2163 411 2194 esse
443 2154 609 2205 potest,
643 2150 730 2193 etsi
763 2150 858 2194 eius
890 2149 1028 2193 initia
1062 2163 1116 2192 ex
1149 2148 1341 2192 historia
1374 2147 1510 2203 probe
1541 2152 1651 2190 nota
1676 2146 1784 2201 sint,
1817 2146 1949 2188 modo

78 2226 178 2269 eius
211 2224 459 2268 existentia
491 2224 726 2268 hominum
760 2238 880 2268 nunc
903 2224 1160 2267 viventium
1184 2222 1447 2266 memoriam
1483 2221 1742 2276 (sexaginta
1775 2219 1953 2263 circiter

79 2298 241 2357 annos)
274 2300 581 2345 transcendat.

233 2373 266 2428 ²)
300 2374 366 2418 Cf.
393 2374 609 2426 Aielmer,
643 2373 969 2429 Compendium
993 2372 1106 2416 iuris
1130 2372 1305 2416 eccles,9
1339 2370 1587 2426 (Brixinae.
1610 2369 1791 2423 Kcher.
1819 2369 1951 2422 1900)

79 2462 122 2504 p.
157 2448 210 2490 31
246 2462 301 2493 ss
