2269 3898
252 162 305 205 76
783 157 835 200 ΙΙ.
869 158 937 200 De
968 156 1147 200 actibus
1181 156 1239 199 ad
1272 157 1411 199 finem
1446 155 1583 211 aptis.

248 308 302 338 ex
335 294 506 337 obiecto
549 293 621 334 vel
665 290 1024 334 circumstantiis
1069 291 1261 333 malam:
1311 288 1398 333 etsi
1444 288 1563 332 enim
1612 288 1720 331 finis
1764 288 1906 332 bonus
1939 290 2119 333 efficere

247 368 405 424 possit,
437 370 489 409 ut
523 366 640 409 bona
673 365 735 409 sit
768 365 887 409 actio
921 379 975 408 ex
1008 364 1181 408 obiecto
1215 365 1287 408 vel
1331 363 1692 412 circumstantiis
1733 362 2017 418 indifferens,
2048 377 2119 408 ne-

247 443 347 497 quit
365 446 519 484 tamen
542 442 734 495 efficere,
757 445 811 483 ut
829 440 945 483 bona
967 440 1030 493 sit
1052 439 1172 484 actio
1195 453 1249 482 ex
1274 439 1447 482 obiecto
1469 440 1543 483 vel
1561 437 1921 482 circumstantiis
1938 437 2118 492 mala¹).

399 551 440 582 e.
485 530 660 581 Actus
702 548 771 581 ex
812 528 1025 580 obiecto
1069 528 1245 580 malus
1297 547 1329 580 a
1383 528 1491 579 fine
1534 528 1674 580 malo
1718 547 1923 580 novam
1964 527 2120 579 mali-

247 621 395 687 tiam,
439 621 604 671 immo
647 628 726 671 tot
768 618 1005 670 malitias
1047 619 1266 688 accipit,
1326 627 1458 688 quot
1511 626 1640 670 sunt
1678 618 1815 669 fines
1857 617 2003 684 mali,
2061 619 2118 669 in

245 728 380 779 quos
422 711 565 761 actio
609 709 678 760 ab
722 716 919 778 agente
963 708 1264 774 ordinatur,
1321 710 1452 778 quia
1506 710 1649 760 actio
1707 709 1867 758 toties
1909 715 1989 759 est
2029 725 2118 758 na-

243 807 398 851 turae
439 798 695 851 rationali
755 799 1041 864 difformis,
1102 806 1234 867 quot
1289 806 1416 849 sunt
1473 797 1603 849 mali
1660 798 1811 863 fines,
1869 798 1927 848 in
1983 815 2118 867 quos

244 889 545 942 ordinatur.
627 889 684 940 Si
727 889 849 958 quis
891 907 935 941 e.
978 906 1027 955 g.
1071 888 1287 939 furatur
1327 888 1399 939 ad
1437 906 1493 939 se
1520 886 1931 955 inebriandum,
1974 889 2116 939 actio

244 979 519 1049 duplicem
564 978 830 1030 malitiam
874 977 1043 1030 habet
1085 979 1389 1029 iniustitiae
1431 986 1484 1028 et
1523 978 2000 1047 intemperantiae.

375 1076 428 1145 f.
472 1075 646 1126 Actus
689 1095 756 1126 ex
799 1075 1011 1126 obiecto
1056 1074 1234 1127 malus
1261 1094 1292 1126 a
1323 1076 1431 1126 fine
1459 1075 1828 1141 indifferente,
1871 1076 1928 1126 in
1953 1093 2115 1144 quem

240 1165 309 1216 ab
340 1174 535 1232 agente
565 1165 815 1229 refertur,
847 1183 955 1216 non
988 1172 1247 1231 mutatur,
1289 1165 1384 1216 sed
1412 1166 1612 1216 retinet
1642 1183 1798 1216 suam
1828 1163 2114 1218 malitiam.

386 1282 429 1331 9.
480 1263 654 1313 Actus
697 1280 761 1312 eae
802 1262 996 1313 obiecto
1038 1260 1351 1331 indifferens
1405 1282 1436 1313 a
1486 1262 1594 1313 fine
1637 1260 1799 1329 bono,
1852 1265 1909 1313 in
1952 1281 2115 1333 quem

238 1351 307 1403 ab
361 1361 557 1419 agente
611 1352 915 1416 ordinatur,
978 1352 1187 1420 accipit
1248 1351 1512 1403 moralem
1573 1351 1895 1419 bonitatem,
1957 1371 2000 1406 e.
2063 1371 2112 1421 g.

240 1449 461 1493 cantare
503 1441 573 1493 ad
614 1441 958 1493 laudandum
1000 1441 1183 1493 Deum
1229 1450 1308 1493 est
1349 1450 1506 1493 actus
1546 1441 1846 1511 religionis.

384 1540 428 1592 h.
473 1541 646 1590 Actus
688 1558 757 1590 ex
798 1539 1011 1590 obiecto
1049 1538 1378 1590 >indifferens
1419 1558 1450 1590 a
1491 1540 1598 1591 fine
1642 1539 1801 1606 malo,
1845 1541 1902 1590 in
1946 1557 2112 1609 quem

237 1627 305 1680 ab
348 1637 544 1696 agente
587 1628 888 1695 ordinatur,
933 1630 1141 1698 accipit
1183 1628 1452 1680 malitiam
1496 1629 1775 1697 moralem,
1818 1647 1862 1681 e.
1895 1647 1946 1697 g.
1991 1648 2113 1681 can-

237 1725 350 1769 tare
407 1718 478 1769 ad
530 1717 835 1770 molestiam
892 1718 1047 1770 alteri
1104 1719 1401 1770 creandam
1456 1727 1537 1770 est
1590 1728 1880 1788 peccatum
1923 1727 2114 1772 contra

236 1808 535 1860 caritatem.

382 1907 415 1957 i.
457 1905 631 1956 Actus
659 1924 727 1956 ex
757 1905 970 1958 obiecto
1001 1906 1341 1972 indifferens,
1387 1907 1483 1976 qui
1513 1905 1582 1958 ab
1613 1914 1812 1975 agente
1854 1907 1909 1957 in
1941 1907 2107 1958 finem

235 1994 642 2046 indifferentem
684 1996 971 2047 ordinatur
1012 2014 1054 2049 e.
1085 2014 1134 2064 g.
1165 2014 1363 2047 canere
1393 1995 1464 2047 ad
1497 1995 1846 2059 lucrandum,
1891 1997 1948 2047 in
1990 1996 2108 2048 abs-

233 2091 406 2135 tracto
462 2093 646 2136 manet
698 2085 1047 2143 indifferens;
1112 2104 1245 2137 num
1299 2087 1465 2137 etiam
1526 2088 1583 2137 in
1644 2096 1917 2155 concretO,
1979 2105 2109 2138 mox

236 2174 462 2227 dicetur.
1052 2186 1055 2188 ’

880 2397 1175 2456 Articulus
1215 2399 1445 2456 tertius

1907 2523 1987 2535 ‘N

738 2522 816 2560 De
849 2520 1059 2561 actibus
1092 2521 1366 2561 moraliter
1398 2519 1606 2577 bonis2).
1789 2576 1821 2607 Y
1869 2574 1873 2579 .
1918 2559 1942 2572 ,ι

381 2667 852 2719 Determinandae
892 2676 1017 2720 sunt
1047 2669 1417 2732 condiciones,
1463 2688 1603 2739 quae
1631 2671 2003 2740 requiruntur,
2048 2680 2108 2721 ut

231 2763 383 2807 actus
424 2755 700 2808 humanus
742 2756 1016 2809 subiective
1059 2760 1128 2810 sit
1168 2758 1385 2810 moralis
1428 2770 1480 2810 et
1521 2760 1794 2812 moraliter
1836 2760 2014 2812 bonus⁸

379 2919 472 2971 65.
516 2919 600 2973 De
643 2922 780 2974 actu
820 2907 1060 2975 morali.
1141 2923 1358 2993 Duplex
1399 2924 1636 2975 condicio
1677 2925 1990 2994 requiritur,
2045 2934 2105 2975 ut

230 3014 383 3058 actus
425 3009 593 3075 possit
635 3009 741 3060 dici
785 3010 1060 3062 subiective
1100 3013 1349 3064 moralis:

377 3130 426 3163 a.
494 3112 557 3162 Ut
612 3115 680 3163 sit
736 3113 892 3165 liber:
950 3124 1106 3167 actus
1163 3119 1506 3169 necessarius
1564 3136 1665 3168 nec
1722 3117 1944 3170 moralis
2001 3137 2102 3170 nec

229 3201 446 3269 proprie
488 3202 763 3253 humanus
806 3203 916 3254 dici
958 3213 1151 3273 potest.
1233 3205 1376 3272 ‚‚Ibi,
1420 3208 1497 3258 ait
1537 3227 1574 3258 s.
1620 3208 1862 3274 Thomas,
1906 3209 2103 3277 incipit

384 3381 411 3433 ¹)
443 3380 510 3423 Cf.
544 3380 842 3433 Beiclmmnn,
875 3383 964 3426 Der
987 3384 1147 3427 Zweck
1171 3384 1338 3440 heiligt
1363 3385 1435 3429 die
1461 3386 1615 3429 Mittel
1636 3386 1887 3442 (Freiburg.
1911 3386 2100 3430 Herder.

230 3454 357 3499 1903.
391 3455 795 3510 Erganzungsheft
839 3470 895 3499 zu
930 3458 1014 3501 den
1049 3458 1272 3502 Stimmen
1305 3473 1345 3505 a.
1379 3460 1512 3503 M,-L‚
1546 3461 1635 3513 68).

378 3527 412 3581 2)
448 3529 514 3573 Cf.
550 3530 1030 3574 Ballerc'm'-Palmieri
1060 3532 1083 3574 I
1121 3547 1165 3575 n.
1212 3533 1296 3577 103
1330 3547 1386 3577 ss.
1467 3535 1615 3578 Walslz
1647 3535 1677 3581 l,
1711 3548 1747 3578 c.
1780 3548 1825 3577 n.
1859 3533 1945 3578 675
1979 3548 2037 3580 ss.

71 3619 377 3731 ffiwvssssia’
436 3621 562 3697 fimf-c
652 3668 660 3681 ,
857 3641 1098 3663 s
1164 3652 1173 3674 ‡
1304 3650 1306 3657 ¹
1366 3655 1743 3699 f<
