2269 3898
259 121 348 163 134
994 117 1067 159 ΠΙ.
1100 117 1168 160 De
1201 116 1394 171 legibus.

267 258 339 298 est
372 253 611 311 (quidquid
641 249 902 308 lzycez·ei’z's),·
936 263 1042 306 ergo
1073 264 1163 294 non
1197 254 1266 294 est
1315 250 1587 294 coarctanda
1633 251 1690 293 ad
1726 248 1870 293 'actus
1918 246 2149 307 externos,

266 327 356 371 nisi
389 328 437 370 id
471 326 730 370 manifestis
763 325 1048 380 argumentis
1070 326 1298 381 probetur.
1333 341 1373 378 γ.
1396 325 1599 368 Primum
1625 328 1947 379 argumentum
1979 326 2148 380 prioris

266 401 523 445 sententiae
554 400 748 443 nimium
782 399 966 455 probat:
1002 400 1166 443 exinde
1198 400 1317 443 enim
1351 402 1614 454 sequeretur
1644 412 1789 453 neque
1821 403 1951 442 actus
1974 399 2148 443 mixtos

268 488 411 530 neque
444 480 653 518 externos
687 475 885 517 occultos
918 487 1048 529 posse
1081 487 1176 517 esse
1219 473 1460 517 materiam
1508 473 1625 528 legis
1668 474 2011 517 ecclesiasticae.
2074 474 2144 517 In-

265 562 399 603 super
446 548 775 603 distinguenda
808 552 877 591 est
910 551 1116 603 potestas
1148 561 1270 592 mere
1314 547 1537 591 directiva
1577 552 1624 591 et
1666 552 1871 603 potestas
1921 547 2144 592 directiva

264 626 311 666 et
345 622 551 666 coactiva
583 623 747 676 simul;
781 623 911 677 atqui
943 622 1247 666 necessarium
1280 635 1371 666 non
1404 626 1488 675 est,
1521 626 1575 665 ut
1617 622 1804 665 ecclesia
1847 626 1977 665 actus
2024 636 2149 666 mere

262 697 469 741 internos
502 697 755 753 praecipiat
789 701 1021 753 potestate
1057 697 1280 741 directiva
1318 702 1364 740 et
1401 696 1607 740 coactiva
1632 697 1858 752 (externa)
1883 697 2034 753 simul,
2068 698 2146 741 sed

267 772 459 826 sufficit,
482 776 536 816 ut
559 786 631 816 eos
654 772 907 828 praecipiat
929 776 1161 828 potestate
1186 772 1422 827 directiva,
1446 772 1533 815 etsi
1556 785 1710 815 eorum
1733 771 2143 827 transgressionem

264 847 426 902 punire
456 861 547 891 non
579 847 739 903 possit.
803 848 1012 891 Ceterum
1046 847 1208 902 punire
1239 851 1394 902 potest
1426 846 1566 890 etiam
1600 849 1729 890 actus
1773 859 1894 890 mere
1939 846 2149 890 internos

263 934 342 977 per
374 935 565 977 poenam
598 921 816 965 nimirum
848 922 947 977 ipso
980 923 1103 965 facto
1135 921 1470 964 incurrendam.
1534 921 1737 964 Tandem
1771 921 1809 963 ὃ.
1845 921 2033 964 ecclesia
2054 935 2145 964 non

265 996 410 1039 solum
443 999 719 1051 potestatem
745 1000 922 1039 exercet
945 996 1063 1039 circa
1085 1000 1214 1038 actus
1238 1008 1359 1038 mere
1380 995 1599 1050 internos,
1622 999 1676 1038 ut
1699 1009 1753 1038 ex
1775 995 1832 1038 iis
1855 999 2001 1050 patet,
2031 1008 2149 1050 quae

264 1084 371 1113 mox
391 1070 491 1123 (sub
511 1071 565 1125 c.)
595 1070 823 1125 dicuntur,
853 1071 930 1113 sed
952 1070 1103 1125 reipsa
1124 1069 1349 1124 praecipit
1372 1075 1502 1113 actus
1525 1083 1645 1113 mere
1667 1069 1894 1112 internos:
1928 1068 2150 1112 iubentur

264 1145 384 1189 enim
430 1159 466 1188 e.
521 1158 565 1200 g.
616 1145 870 1188 sacerdotes
913 1144 1099 1187 missam
1153 1143 1430 1187 celebrantes
1478 1147 1582 1199 post
1631 1143 1906 1187 sumtionem
1950 1143 2150 1198 corporis

264 1219 451 1274 Christi,
484 1223 539 1262 ut
574 1219 905 1274 aliquantulum
954 1219 1190 1274 quiescant
1234 1218 1280 1260 in
1328 1218 1619 1261 meditatione
1666 1218 1948 1261 sanctissimi
1992 1232 2151 1262 sacra-

262 1294 416 1347 menti,
451 1307 564 1348 quae
605 1297 725 1337 certe
756 1293 1001 1337 meditatio
1035 1298 1105 1337 est
1137 1296 1266 1336 actus
1300 1306 1421 1336 mere
1454 1292 1678 1347 internus,
1712 1297 1758 1336 et
1792 1307 1996 1337 summus
2039 1308 2149 1349 pon·

269 1369 387 1413 tifex
421 1369 503 1412 sub
536 1382 680 1424 poena
714 1368 1024 1424 suspensionis
1046 1368 1286 1423 praecipit,
1319 1372 1373 1411 ut
1399 1367 1549 1411 clerici
1572 1368 1744 1411 Romae
1766 1367 2007 1411 ordinandi
2031 1381 2150 1411 exer-

266 1443 377 1487 citia
414 1442 678 1499 spiritualia
710 1446 949 1498 peragant,
993 1456 1108 1498 quae
1155 1456 1209 1486 ex
1258 1442 1436 1486 actibus
1483 1442 1643 1486 mixtis
1691 1446 1738 1486 et
1786 1455 1908 1486 mere
1953 1442 2153 1486 internis

275 1517 641 1571 (medidationes,
675 1516 907 1573 examina)
941 1517 1324 1572 componuntur¹).
1378 1517 1549 1560 Eadem
1583 1520 1788 1572 potestas
1811 1517 2149 1573 praescribendi

270 1594 387 1637 clero
422 1606 530 1636 suae
565 1592 784 1636 dioecesis
817 1592 1035 1636 exercitia
1069 1591 1332 1647 spiritualia
1365 1591 1584 1646 competit
1618 1591 1758 1635 etiam
1793 1591 2050 1647 episcop02).

418 1682 452 1711 c.
486 1668 541 1710 In
574 1666 871 1721 sequentibus
905 1667 1022 1710 hanc
1054 1670 1332 1722 potestatem
1366 1680 1520 1710 omnes
1553 1668 1827 1710 concedunt:

420 1758 459 1785 α.
496 1742 809 1786 Confessarius
840 1742 890 1785 in
921 1744 1018 1785 toro
1053 1741 1371 1785 sacramentali
1407 1741 1639 1796 imponere
1671 1745 1825 1796 potest
1868 1746 1998 1784 actus
2030 1754 2155 1785 mere

267 1817 472 1861 internos
506 1830 543 1862 e.
578 1830 620 1872 g.
661 1816 784 1872 piam
819 1816 1192 1869 meditationem;

420 1894 458 1942 β.
493 1891 697 1936 Ecclesia
729 1891 1026 1946 interpretari
1063 1895 1217 1947 potest
1249 1891 1397 1946 legem
1431 1891 1689 1934 naturalem
1714 1894 1760 1934 et
1784 1890 2002 1939 divinam,
2038 1904 2155 1945 quae

272 1971 484 2011 versatur
529 1966 646 2010 circa
687 1970 817 2010 actus
865 1980 986 2010 mere
1024 1967 1254 2020 internos:
1300 1966 1364 2009 sic
1406 1966 1711 2010 determinare
1757 1970 1925 2022 potest,
1973 1966 2154 2020 quoties

268 2045 399 2084 actus
431 2040 540 2083 fidei
573 2041 647 2083 vel
681 2040 892 2084 caritatis
926 2041 988 2084 sit
1021 2041 1292 2093 eliciendus3
1329 2040 1507 2095 quoties
1530 2040 1586 2084 ab
1609 2040 1864 2084 animarum
1889 2040 2153 2096 pastoribus

268 2115 435 2159 missae
468 2115 741 2159 sacrificium
776 2129 856 2170 pro
889 2117 1056 2171 populo
1090 2116 1415 2171 applicandum
1450 2116 1525 2158 sit.

421 2205 461 2243 γ.
496 2189 808 2234 Praescribere
841 2195 995 2246 potest
1027 2195 1158 2234 actus
1191 2203 1311 2234 mere
1342 2190 1547 2234 internos
1571 2195 1812 2245 tamquam
1843 2190 2151 2235 condicionem

271 2266 329 2309 ad
362 2265 562 2321 gratiam
597 2265 914 2317 obtinendam;
950 2265 1014 2308 sic
1046 2264 1392 2308 meditationem
1429 2266 1751 2319 mysteriorum
1793 2265 1919 2309 vitae
1960 2270 2007 2309 et
2054 2279 2151 2321 pas-

272 2340 413 2384 sionis
447 2340 633 2383 Domini
666 2339 935 2395 praescribit
969 2341 1027 2383 ad
1059 2340 1325 2384 lucrandam
1359 2340 1701 2396 indulgentiam
1735 2340 1838 2383 viae
1870 2344 2037 2393 crucis:

425 2414 461 2455 ὃ.
499 2414 763 2470 Superiores
798 2416 1033 2470 regulares
1067 2415 1265 2459 subditis
1299 2415 1393 2458 suis
1425 2415 1668 2470 iniungere
1699 2414 1891 2470 possunt
1922 2418 2057 2458 actus
2085 2415 2149 2458 in-

271 2492 425 2533 ternos
457 2489 635 2533 ratione
667 2489 764 2533 voti
811 2489 1111 2545 obedientiae,
1155 2503 1242 2544 quo
1288 2503 1335 2533 se
1377 2489 1689 2544 superioribus.
1727 2489 1867 2533 etiam
1908 2490 2052 2533 relate
2090 2491 2153 2533 ad

272 2564 352 2608 hos
387 2569 521 2608 actus
556 2564 844 2608 subiecerunt
877 2578 911 2608 e.
947 2578 991 2620 g.
1025 2564 1276 2608 orationem
1311 2564 1573 2618 mentalem,
1608 2577 1798 2607 examen
1833 2564 2152 2608 conscientiae.

426 2714 554 2768 116.
597 2713 923 2777 Possibile‚
967 2729 1077 2766 non
1121 2714 1298 2766 solum
1340 2714 1590 2784 physice,
1635 2714 1731 2766 sed
1768 2715 1934 2765 etiam
1977 2732 2151 2766 mora—

270 2803 424 2855 liter:
467 2804 537 2854 ad
580 2803 923 2873 impossibile
965 2805 1112 2867 enim
1155 2802 1316 2856 nemo
1357 2811 1591 2856 tenetur.
1643 2802 1803 2873 Sane,
1834 2801 1926 2855 lex
1956 2803 2153 2855 cedere

274 2892 440 2944 debet
481 2894 535 2944 in
577 2894 788 2945 bonum
831 2912 1153 2961 commune3
1208 2895 1361 2964 atqui
1415 2912 1525 2946 non
1581 2893 1802 2946 cederet
1841 2895 1898 2945 in
1940 2893 2150 2945 bonum

275 3001 586 3049 commune,
629 2984 672 3034 si
702 2983 982 3035 moraliter
1009 3002 1116 3035 non
1148 2992 1288 3035 esset
1321 2983 1628 3053 possibilis:
1670 2983 1763 3034 lex
1800 2985 1966 3050 enim,
2009 3001 2153 3053 quae

275 3072 498 3124 excedit
551 3071 860 3124 ordinarias
917 3072 1266 3125 subditorum
1308 3075 1469 3137 vires,
1527 3092 1560 3125 a
1601 3075 1807 3124 maiore
1849 3074 2151 3124 communi-

272 3163 402 3214 tatis
443 3164 597 3231 parte
638 3179 748 3213 non
790 3170 1068 3230 servatur,
1111 3162 1202 3215 lex
1244 3170 1447 3226 autem,
1491 3181 1631 3233 quae
1661 3182 1693 3214 a
1721 3162 2151 3232 plerisque‘non

275 3259 542 3318 servatur,
589 3250 736 3303 cedit
776 3253 958 3321 potius
1000 3254 1056 3304 in
1101 3253 1494 3304 detrimentum
1537 3252 1966 3305 communitatis,
2014 3249 2152 3302 Ideo

431 3397 459 3471 ¹)
490 3415 772 3460 Constitutio
804 3415 1088 3473 Apostolicae
1119 3416 1243 3460 sedis
1273 3417 1326 3459 V.
1362 3417 1400 3460 7.

428 3490 460 3542 2')
495 3490 535 3533 S.
570 3491 615 3534 C.
651 3491 697 3534 G.
732 3491 801 3534 20.
838 3495 950 3546 sept.
988 3491 1116 3534 1878.
1151 3491 1217 3534 Cf.
1251 3491 1369 3534 Acta
1402 3504 1433 3534 s.
1471 3491 1597 3535 Sedis
1629 3490 1729 3534 XII.
1763 3505 1806 3546 p.
1840 3490 1926 3533 609
1960 3503 2016 3532 ss.
