2269 3898
263 140 349 183 104
996 137 1069 180 ΙΙΙ.
1102 138 1170 181 De
1200 136 1392 192 legibus.

261 275 390 325 tatis
430 272 614 336 habet,
668 271 1086 342 promulgata1).
1170 270 1549 341 Quaecunque
1604 273 1674 323 sit
1718 290 1849 324 vera
1900 274 2139 325 nominis

263 362 611 431 etymologia,
664 361 753 412 lex
805 361 1094 413 manifesto
1136 362 1417 413 notionem
1460 359 1801 432 obliyatz’onis
1858 380 1952 413 seu
2008 362 2137 431 liga-

262 453 426 503 minis
469 453 729 514 continet‚
789 450 938 520 quod
992 452 1048 502 in
1091 449 1401 502 subiectum
1443 450 1580 519 legis
1621 451 1925 518 inducitur,
1969 453 2137 504 immo

261 540 522 607 obligatio
567 549 649 592 est
687 539 825 608 legis
865 539 1199 591 elementum
1241 540 1489 594 formale.

408 656 449 688 a.
496 643 593 687 Lex
626 643 796 687 dicitur
835 644 1079 697 ordinatim
1124 645 1231 699 quia
1270 645 1318 688 in
1349 658 1510 688 norma
1542 658 1620 689 seu
1666 645 1968 700 dispositione
1999 658 2139 700 eaque

263 716 496 772 obligante
529 718 755 773 consistit,
789 731 878 772 qua
909 718 1110 761 actiones
1145 718 1411 774 diriguntur
1441 719 1491 762 in
1523 721 1687 771 finem;
1723 733 1861 774 quare
1897 720 1971 764 lex
1993 733 2020 763 a
2042 732 2139 763 con-

257 791 362 834 silio
407 792 728 848 distinguitur,
776 794 894 848 quod
942 794 1117 836 nullam
1165 793 1345 837 inducit
1393 793 1720 849 obligationem
1769 808 1851 838 nec
1888 793 2139 838 necessario

257 867 494 921 procedere
528 866 660 910 debet
693 882 719 910 a
752 868 994 923 superiore,
1029 868 1104 922 qui
1138 868 1416 912 auctoritate
1443 870 1597 924 pollet.

407 956 443 998 b.
479 955 693 998 Rationis
705 969 724 1010 ,·
757 957 841 999 hac
863 969 969 999 voce
994 957 1286 1012 significatur
1318 958 1437 1001 ratio
1460 959 1690 1014 practica,
1715 971 1829 1013 quae
1850 958 2138 1002 intellectum

259 1034 304 1073 et
336 1030 622 1073 voluntatem
657 1031 996 1086 complectit-ur:
1028 1032 1137 1076 licet
1169 1032 1289 1076 enim
1322 1034 1396 1075 lex
1429 1033 1738 1077 essentialiter
1770 1033 1818 1076 in
1851 1037 1958 1076 actu
1984 1033 2139 1076 volun-

258 1107 373 1149 tatis
407 1107 645 1163 consistat,
690 1114 914 1162 quatenus
945 1121 1107 1162 nempe
1141 1107 1467 1162 obligationem
1509 1107 1704 1162 inducit,
1751 1108 1809 1150 ad
1853 1120 1950 1150 eam
1984 1110 2140 1150 tamen

256 1182 535 1224 condendam
580 1182 719 1225 etiam
763 1181 1027 1225 intellectus
1072 1195 1333 1225 concurrere
1378 1182 1543 1236 debet-,-
1577 1181 1705 1225 cuius
1738 1185 1807 1225 est
1842 1181 2139 1236 considerare,

255 1269 363 1298 num
398 1257 471 1299 lex
502 1257 690 1300 ferenda
722 1257 780 1300 ad
814 1258 951 1300 finem
986 1257 1221 1300 conducat.

403 1360 436 1391 c.
472 1346 545 1388 Ad
577 1347 734 1389 homme
770 1359 1022 1390 commune:
1070 1347 1178 1390 finis
1222 1347 1342 1390 enim
1386 1347 1504 1402 legis
1544 1350 1615 1389 est
1647 1346 1813 1390 bonum
1847 1346 1993 1389 totius
2027 1359 2138 1389 com-

257 1419 517 1475 munitatis,
551 1422 669 1475 quod
701 1422 774 1465 lex
809 1421 978 1466 directe
1011 1426 1057 1465 et
1089 1422 1356 1465 immediate
1388 1421 1590 1477 respicit,
1635 1426 1681 1465 et
1714 1435 1792 1477 per
1825 1421 1992 1464 bonum
2026 1434 2138 1464 com-

255 1507 391 1538 mune
423 1496 622 1539 mediate
654 1496 712 1538 ad
745 1496 910 1539 bonum
945 1496 1230 1552 singulorum
1266 1496 1498 1552 diligitur
1544 1497 1642 1539 Hoc
1675 1497 1841 1539 bonum
1875 1500 1975 1539 tum
2010 1495 2137 1551 spiri-

253 1570 379 1613 tuale
411 1574 510 1613 tum
543 1572 793 1626 temporale
825 1576 909 1627 est,
942 1575 1094 1615 totum
1129 1572 1301 1615 scilicet
1335 1571 1681 1615 communitatis
1714 1571 1896 1614 bonum.

403 1644 444 1687 d.
480 1645 547 1687 Ab
580 1658 645 1697 eo
690 1646 767 1700 qm?
796 1659 951 1689 emam
997 1647 1329 1690 εοηιηῑηηιΗΐαΐῑε
1367 1647 1537 1690 habet:
1583 1660 1690 1689 nam
1735 1648 1884 1730 legem
1916 1649 2036 1691 ferre
2069 1651 2138 1729 est

216 1816 229 1823 -
253 1794 367 1838 tatis
399 1734 623 1849 regendae
656 1798 933 1849 potestatem
967 1754 1119 1851 babet,
1153 1796 1392 1839 universae
1425 1796 1748 1840 communitati
1780 1796 2015 1851 normamj
2048 1810 2136 1851 qua

135 1868 175 1903 ’-
247 1869 498 1950 diligatui,
531 1870 762 1925 imponere
794 1874 961 1925 potest.

326 1959 383 1993 'v
402 1959 804 2014 e.P10nmlJata
853 1959 881 2002 i.
917 1973 952 2005 e.
996 1960 1065 2003 ita
1097 1960 1331 2015 publicata
1381 1974 1459 2004 seu
1498 1961 1734 2016 intimata,
1781 1965 1836 2004 ut
1878 1975 1905 2004 a
1937 1960 2135 2004 subditis

72 2038 93 2072 Γ,
183 2071 217 2092 Ἢ
253 2033 460 2088 cognosci
493 2034 652 2088 possit.
686 2034 955 2090 Disputant,
987 2040 1143 2078 utrum
1178 2035 1488 2090 plomulgatio
1512 2035 1664 2079 verius
1700 2036 1753 2079 de
1786 2035 1986 2079 essentia
2018 2033 2134 2090 legis

253 2121 349 2151 esse
391 2108 571 2151 dicatur
613 2123 670 2152 an
715 2109 868 2164 potius
914 2109 1010 2153 eius
1052 2109 1254 2153 condicio
1296 2110 1563 2165 necessaria,
1610 2110 1706 2153 sine
1750 2123 1839 2165 qua
1881 2109 2132 2153 efficaciam

252 2186 485 2225 externam
518 2182 681 2226 habere
712 2198 802 2227 non
835 2184 992 2239 possit.
1058 2185 1267 2228 Ceterum
1314 2185 1423 2228 haec
1465 2185 1720 2240 disputatio
1754 2184 1904 2240 magis
1937 2184 2134 2239 specula-

253 2256 353 2300 tiva
386 2270 519 2311 quam
554 2258 755 2312 practica
789 2263 876 2302 est:
927 2262 1121 2313 utraque
1153 2259 1272 2302 enim
1307 2260 1538 2303 sententia
1570 2259 1777 2303 concedit
1822 2260 1986 2315 legem,
2021 2271 2135 2314 quae

250 2345 339 2374 non
373 2332 434 2376 sit
466 2334 773 2389 promulgata,
805 2348 894 2377 non
927 2334 1141 2389 obligare.

403 2496 496 2550 89.
540 2497 882 2551 Discrimen
922 2498 1086 2551 inter
1126 2498 1320 2565 legem
1356 2499 1416 2551 et
1445 2498 1853 2566 praeceptum.
1905 2497 2132 2568 Duplex

258 2587 616 2655 distinguitur
668 2596 1041 2656 praeceptum,
1097 2606 1392 2640 commune
1444 2595 1497 2639 et
1552 2587 1915 2657 particulare3
1970 2606 2131 2657 porro

255 2678 397 2728 inter
452 2676 628 2745 legem
681 2684 733 2727 et
783 2684 1140 2746 praeceptum
1195 2694 1504 2740 commune⁷
1563 2677 1712 2746 quod
1767 2696 1799 2728 a
1849 2677 2132 2729 veteribus

259 2774 509 2817 statutum
566 2765 783 2833 dicitur,
841 2765 979 2818 haec
1037 2765 1150 2818 sola
1206 2775 1286 2818 est
1346 2766 1644 2834 distinctio,
1704 2767 1853 2837 quod
1912 2767 2004 2819 lex
2064 2768 2134 2819 sit

255 2854 526 2906 ordinatio
571 2855 800 2922 stabilis,
854 2864 1214 2925 praeceptum
1271 2874 1564 2908 commune
1607 2874 1738 2908 vero
1781 2858 2130 2909 transitoria:

252 2951 608 3012 praeceptum
650 2946 798 2996 enim
842 2963 1134 2997 commune
1177 2954 1256 2997 est
1296 2965 1328 2997 a
1368 2947 1622 3016 principe
1680 2965 1777 3016 pro
1834 2954 1946 2998 tota
1989 2965 2131 2999 com-

253 3033 521 3083 munitate
564 3033 634 3084 ad
676 3034 882 3086 bonum
926 3053 1235 3103 commune,
1279 3036 1375 3088 sed
1402 3036 1474 3088 ad
1503 3044 1739 3106 tempus,
1794 3037 1915 3088 Lex
1944 3045 2129 3089 autem

253 3129 306 3171 et
346 3130 701 3191 praeceptum
742 3125 1075 3192 particulare
1104 3127 1162 3177 in
1190 3126 1442 3196 pluribus
1469 3126 1538 3178 ab
1568 3127 1814 3179 invicem
1847 3127 2126 3181 differunt.

255 3285 501 3328 118-262.
536 3285 1061 3345 Sporer-Kaeenbmyer
1094 3289 1470 3345 Supplementum
1505 3304 1539 3334 c.
1575 3291 1615 3333 1.
1669 3291 1849 3345 Werne,
1880 3291 1954 3334 Ius
1989 3291 2130 3334 decre-

255 3358 417 3401 talium
465 3360 667 3411 (Romae.
717 3361 1044 3418 Typographia
1076 3364 1121 3406 O.
1173 3364 1227 3407 de
1269 3363 1399 3419 Prop.
1441 3364 1545 3409 fide.
1582 3365 1716 3420 1898)
1761 3366 1796 3408 Ι.
1830 3379 1873 3408 n-.
1909 3365 2128 3409 80—173.

267 3431 588 3487 Wirtlmeiiller,
620 3435 767 3479 Ueber
800 3436 879 3480 das
912 3437 1222 3493 Sittengesetz
1255 3438 1549 3494 (Wurzburg.
1582 3439 1752 3487 Woerl.
1790 3440 1938 3496 1878).

407 3506 441 3563 1)
476 3507 543 3550 Cf.
578 3509 763 3552 Summa
796 3510 831 3553 Ι.
866 3511 925 3554 II.
961 3525 1001 3565 q.
1035 3511 1105 3554 90.
1139 3525 1179 3554 a.
1212 3512 1253 3553 4.

1584 3584 1593 3588 -
1642 3577 1648 3580 ·
1734 3575 1748 3586 ⁶
1880 3595 1886 3600 „
1966 3593 1969 3596 .
2205 3536 2232 3596 Nl.

634 3676 639 3684 .
719 3677 734 3685 Ᾰ-
780 3660 837 3705 (ΪΔΙΙ,
858 3667 893 3705 ’,ζῆ
918 3668 933 3683 ³⁴
956 3668 976 3687 '.‘
1042 3660 1089 3676 ¹⁷²⁸
1145 3660 1149 3665 l
1237 3670 1244 3673 ”
1273 3664 1277 3667 ,
1889 3671 1908 3703 ²ll
2224 3688 2230 3718 Ι

865 3728 871 3734 0
2083 3732 2089 3735 s
2223 3721 2227 3736 l
