2269 3898
7 2433 20 2455 l<

4 2496 97 2546 gfff«-

88 2510 116 2551 ⁴
127 2500 161 2537 12³⁷
194 2488 207 2500 “

301 198 385 241 106
1028 196 1112 238 ΠΙ.
1151 196 1213 238 De
1244 195 1436 250 legibus.

450 333 564 383 Lex
608 331 802 381 divina
822 331 1063 399 positiva
1093 328 1362 380 dividitur
1399 331 1454 380 in
1495 330 1793 394 mosaicam,
1824 349 1988 399 quam
2019 331 2172 382 Deus

300 439 397 489 per
437 421 665 486 Moysen
709 418 910 488 populo
955 417 1248 469 israelitico
1288 418 1458 484 dedit,
1501 428 1552 469 et
1593 418 1963 488 evanydicam,
2007 437 2172 488 quam

298 508 423 560 tulit
467 508 734 575 Christus,
778 509 909 559 novi
952 510 1265 559 testamenti
1307 516 1513 562 auctor.

450 597 494 650 b.
515 597 635 648 Lex
657 598 887 648 humana
909 596 1078 647 altera
1102 605 1182 647 est
1203 597 1576 662 ecclesiastica,
1606 597 1777 649 altera
1799 598 1988 665 civilis,
2013 605 2174 666 prout

298 706 330 738 a
369 686 680 754 legislatore
723 685 1092 737 ecclesiastico
1132 685 1218 736 Vel
1251 705 1283 737 a
1322 685 1634 755 legislatore
1675 687 1944 738 saeculari
1984 688 2170 741 fertur.

450 777 498 827 2.
551 776 658 827 Pro
718 776 938 827 diversa
990 776 1216 827 materia
1255 776 1393 842 legis
1438 776 1798 845 distinguitur
1836 777 1926 828 lex
1968 778 2172 846 praeci-

298 866 456 934 piens
510 884 604 916 seu
664 865 1009 935 affirmativa,
1065 867 1109 916 si
1166 866 1399 916 refertur
1439 867 1509 917 ad
1551 875 1735 918 actum
1777 869 1985 920 bonum
2027 885 2172 918 eum·

301 973 405 1024 que
447 956 798 1024 ponendum3
842 955 935 1009 lex
977 954 1275 1025 prohibens
1319 974 1413 1006 seu
1448 957 1710 1026 neyativa‚
1755 958 1799 1007 si
1840 956 2074 1008 refertur
2102 956 2172 1008 ad

299 1051 483 1095 actum
529 1044 733 1096 malum
777 1064 1014 1115 eumque
1056 1045 1452 1111 omittendum3
1506 1045 1597 1097 lex
1636 1047 1965 1116 permittens,
2009 1047 2054 1097 si
2096 1064 2173 1097 re-

300 1134 470 1185 fertur
495 1134 566 1185 ad
597 1143 799 1202 actum,
832 1137 925 1205 qui
959 1154 1061 1186 nec
1102 1142 1429 1204 praeceptus
1473 1153 1575 1186 nec
1616 1135 1929 1204 prohibitus
1971 1142 2079 1202 est3
2123 1143 2177 1186 et

298 1222 387 1274 lex
420 1223 687 1292 poenalis,
731 1226 775 1274 si
817 1226 996 1275 sancit
1037 1241 1287 1292 poenam.

450 1326 489 1354 α.
517 1311 734 1365 Quamvis
756 1312 873 1368 legis
896 1312 1207 1356 affirmativae
1229 1317 1275 1355 et
1297 1312 1544 1367 negativae
1574 1312 1637 1355 sit
1661 1313 1816 1356 eadem
1836 1313 1905 1357 vis
1925 1313 2176 1370 obligandi,
2204 1337 2212 1372 l

301 1386 527 1429 diversam
560 1391 716 1431 tamen
751 1387 1003 1431 efficaciam
1036 1387 1206 1431 habent
1239 1387 1485 1431 secundum
1511 1387 1682 1431 celebre
1704 1387 1905 1432 axioma:
1940 1389 2016 1432 lex
2043 1391 2175 1446 affir-
2202 1373 2208 1460 ι

208 1498 220 1527 ,¹
242 1488 257 1513 ;
298 1461 464 1503 mastica
498 1461 667 1517 obligyat
695 1475 874 1527 Sffllfflr
908 1461 990 1504 sed
1020 1475 1107 1504 non
1128 1475 1220 1517 pro
1252 1475 1463 1517 semperj
1509 1462 1585 1505 lex
1617 1463 1825 1518 neqatiea
1860 1477 1964 1506 rer-0
1996 1462 2211 1554 ,φωρᾶν-ι

301 1537 344 1577 et
363 1548 455 1591 pro
487 1549 693 1591 semper:
728 1540 857 1579 actus
890 1536 1009 1579 enini
1043 1537 1205 1591 malus,
1239 1550 1369 1591 quem
1404 1536 1614 1591 prohibet
1645 1538 1719 1580 lex
1751 1537 1985 1593 negativa,
2018 1538 2178 1593 quovis

299 1613 504 1664 tempore
537 1610 819 1654 omittendus
853 1615 935 1666 est,
969 1615 1098 1654 actus
1131 1614 1283 1654 autem
1318 1611 1473 1664 bonus,
1519 1625 1650 1666 quem
1695 1612 1919 1668 praecipit
1950 1614 2024 1656 lex
2056 1615 2178 1657 affir-

301 1684 488 1739 mativa,
533 1698 710 1740 semper
753 1686 931 1740 quidem
980 1689 1246 1740 praeceptus
1289 1691 1372 1741 est,
1422 1689 1472 1729 at
1504 1699 1595 1729 non
1629 1687 1788 1741 quovis
1822 1692 2065 1742 momento,
2099 1687 2177 1731 sed

301 1759 444 1801 solum
479 1764 681 1814 tempore
714 1763 892 1803 statuto
926 1761 1119 1804 exerceri
1164 1760 1308 1803 debet.

452 1834 487 1877 b.
521 1835 659 1878 Patet
692 1836 838 1890 legem
862 1836 1201 1891 permittentem
1236 1835 1415 1890 proprie
1436 1849 1526 1879 non
1550 1849 1645 1879 esse
1667 1837 1830 1891 legem,
1864 1836 1971 1891 quia
2002 1838 2175 1881 nullam

301 1908 480 1951 inducit
505 1908 848 1965 obligationem,
882 1923 996 1965 quae
1027 1911 1086 1954 ad
1118 1910 1343 1954 rationem
1377 1911 1493 1966 legis
1527 1911 1707 1966 proprie
1741 1911 1890 1955 dictae
1916 1911 2176 1966 requiritur.

305 1982 473 2035 Quodsi
523 1983 702 2026 dicatur
741 1998 838 2027 eam
885 1989 1071 2028 eatenus
1105 1984 1321 2040 obligare,
1355 1989 1580 2040 quatenus
1621 1985 1845 2041 prohibet,
1878 2000 1934 2029 ne
1967 1986 2067 2042 quis
2099 1986 2180 2029 im-

303 2057 460 2112 pediat
494 2071 696 2102 exercere
728 2060 956 2103 volentem
999 2065 1152 2103 actum
1186 2074 1212 2104 a
1243 2061 1345 2115 lege
1377 2060 1663 2115 permissum,
1708 2061 1963 2104 notandum
1997 2066 2068 2105 est
2100 2062 2180 2105 hoc

305 2144 438 2176 sensu
471 2146 568 2176 eam
602 2134 828 2189 pertinere
860 2136 918 2178 ad
950 2136 1095 2190 legem
1130 2135 1398 2191 negativam
1432 2139 1477 2179 et
1511 2135 1840 2190 prohibentem.

455 2210 504 2262 3.
548 2210 782 2261 Ratione
820 2210 1158 2280 obliyatz'onis
1201 2211 1503 2263 dividitur:
1537 2231 1594 2283 ᾳ.
1629 2212 1694 2296 ,in
1723 2210 1900 2281 legem
1928 2209 2181 2263 moralem

305 2316 399 2350 seu
436 2302 847 2370 praeceptivam»,
893 2319 1041 2373 quae
1075 2300 1251 2362 solum
1294 2300 1363 2352 ad
1407 2273 1995 2364 {ffi''{'ob‘s{”1-vationem‚
2042 2321 2180 2371 pure

127 2426 129 2432 .
224 2450 227 2452 .
271 2388 594 2467 fflmlem,
639 2408 776 2459 quae
819 2383 1385 2460 soluffl'''ad‘pognam
1427 2373 1793 2456 sfftiesundam,
1849 2399 1902 2442 et
1941 2392 2179 2454 micctam,

191 2457 268 2483 ff„
1018 2458 1024 2468 .

309 2496 449 2546 quae
497 2479 567 2530 ad
619 2487 913 2550 utrumque
963 2480 1202 2549 obligat3
1258 2480 1300 2534 b.
1358 2481 1415 2531 in
1464 2445 1836 2550 personalem&
1870 2499 2010 2550 quae
2067 2499 2180 2550 per-

306 2586 496 2619 sonam
551 2578 707 2621 extra
761 2571 1098 2622 territorium
1155 2577 1451 2639 vagantem
1505 2572 1779 2640 sequitur3
1834 2571 1891 2621 in
1946 2568 2180 2637 localem,

308 2676 446 2727 quae
489 2677 778 2728 personam
822 2667 978 2711 extra
1018 2660 1351 2711 territorium
1393 2678 1503 2712 non
1546 2661 1809 2729 sequitur,

455 2749 592 2792 Patet
624 2763 777 2793 omnes
809 2751 933 2805 leges
966 2749 1209 2804 superioris
1252 2749 1545 2804 particularis
1584 2749 1750 2793 locales
1794 2762 1904 2804 esse,
1945 2748 2051 2804 quia
2081 2747 2181 2804 ipse

307 2826 436 2865 extra
468 2823 750 2867 territorium
783 2829 1059 2880 potestatem
1107 2837 1310 2868 exercere
1347 2824 1522 2879 nequit,
1565 2824 1661 2867 eius
1705 2823 1895 2879 proinde
1926 2824 2051 2878 leges
2083 2822 2180 2866 sub-

308 2896 454 2939 ditum
490 2902 619 2941 extra
650 2899 933 2943 territorium
967 2899 1092 2954 sequi
1124 2913 1213 2942 non
1246 2903 1451 2954 possunt.
1515 2900 1714 2942 Econtra
1753 2912 1907 2942 omnes
1945 2899 2070 2953 leges
2113 2911 2181 2941 su-

306 2971 495 3026 perioris
529 2973 801 3017 universalis
835 2974 1093 3030 personales
1127 2977 1249 3026 sunt,
1281 2973 1371 3016 nisi
1405 2987 1459 3017 ex
1482 2973 1578 3016 eius
1601 2974 1843 3017 voluntate
1874 2973 1923 3016 in
1951 2972 2181 3027 aliquibus

307 3052 489 3092 tantum
524 3049 633 3091 locis
666 3050 985 3104 promulgatae
1018 3048 1126 3103 sint,
1170 3048 1424 3092 cuiusmodi
1470 3052 1538 3091 est
1581 3049 1654 3091 lex
1703 3049 1758 3091 de
1802 3046 2181 3093 clandestinitate

307 3123 612 3166 matrimonii:
647 3124 720 3167 lex
753 3123 872 3166 enim
905 3137 995 3167 non
1027 3123 1218 3178 obligat,
1250 3122 1328 3165 ubi
1360 3136 1450 3166 non
1484 3126 1553 3165 est
1586 3123 1895 3178 promulgata.

459 3200 509 3251 4.
563 3198 685 3250 Lex
738 3200 997 3267 negativa
1052 3199 1264 3249 ratione
1319 3198 1547 3249 effectus
1602 3198 1690 3249 vel
1742 3206 1824 3250 est
1869 3197 2183 3267 simpliciter

304 3288 604 3358 prolzibem,
642 3306 782 3357 quae
822 3296 1004 3339 actum
1046 3287 1230 3338 reddit
1270 3286 1476 3338 malum
1519 3295 1571 3339 et
1611 3287 1884 3353 illicitum,
1928 3285 2019 3339 vel
2061 3303 2178 3356 pro·

309 3377 508 3429 hibens
551 3386 603 3429 et
629 3377 804 3429 =*simul
838 3379 1079 3441 irritans,
1122 3395 1262 3447 quae
1303 3385 1489 3429 actum
1533 3396 1642 3429 non
1685 3377 1862 3429 solum
1904 3375 2180 3441 illicitum,

310 3466 405 3518 sed
447 3468 612 3518 etiam
655 3465 968 3518 invalidum
1010 3465 1208 3518 reddit.
2056 3474 2059 3475 ’

1354 3584 1418 3595 Μ
