2269 3898
871 150 936 192 De
968 149 1262 203 sponsalibus.
1946 153 2001 196 55

323 281 370 334 2.
415 281 599 333 Status
651 282 921 332 eiusmodi
975 282 1267 350 perfectior
1320 292 1425 334 est:
1478 305 1525 337 α.
1571 284 1751 336 Status
1790 287 2000 353 vimini-

136 370 278 434 ταί-ὼ,
321 388 483 438 quem
526 370 691 438 eligit,
747 372 840 439 qui
883 372 1082 421 emittit
1135 379 1325 422 votum
1380 374 1644 424 castitatis
1686 383 1998 442 perpetuae.

282 457 336 500 In
361 459 473 513 foro
506 462 694 501 externo
728 459 907 512 quidem
943 459 1184 513 sponsalia,
1218 464 1403 514 propter
1425 466 1582 504 votum
1606 461 1839 516 privatum
1874 463 2003 506 casti-

134 533 248 575 tatis
296 538 540 588 perpetuae
590 547 679 576 non
726 532 991 576 iudicantur
1038 534 1203 587 soluta,
1251 533 1298 576 in
1333 536 1444 589 foro
1498 535 1675 577 interno
1719 540 1871 579 autem
1921 537 2004 580 hoc

134 611 291 650 votum
328 607 614 650 emittentem
649 607 705 650 ab
738 607 1018 662 obligatione
1051 607 1329 662 sponsalium
1353 608 1504 650 reddit
1526 608 1731 663 liberum,
1761 611 2003 653 dummodo

135 679 250 723 seria
283 683 328 722 et
361 679 533 722 sincera
565 680 806 722 voluntate
838 679 1051 722 emissum
1086 680 1161 722 sit.

285 753 327 806 b.
374 753 556 805 Status
596 753 857 805 clericalis
910 757 967 805 in
1009 755 1202 806 ordine
1245 772 1415 820 sacro,
1474 773 1636 823 quem
1678 755 1843 824 eligit,
1887 764 2002 807 tum

136 844 229 912 qui
271 843 402 893 facit
455 851 645 894 votum
699 843 1036 912 suscipiendi
1087 843 1306 894 ordines
1348 861 1544 909 sacroS,
1601 852 1716 894 tum
1761 846 1853 913 qui
1895 864 2002 896 sus-

136 933 270 1002 cipit
296 933 533 983 minores
576 932 663 983 vel
704 931 1012 1000 ingreditur
1041 933 1397 983 seminarium
1428 931 1678 984 clericale
1708 952 1832 984 cum
1874 952 2005 985 vera

136 1030 187 1073 et
229 1023 440 1073 sincera
480 1021 762 1073 voluntate
808 1021 1144 1091 suscipiendi
1187 1021 1407 1072 ordines
1449 1040 1646 1073 sacros,

285 1132 322 1164 c.
368 1109 550 1162 Status
595 1111 859 1179 reyularis
911 1112 967 1161 in
1018 1110 1210 1162 ordine
1259 1109 1348 1161 vel
1401 1112 1830 1179 congregatione
1880 1129 2003 1162 cum

134 1201 276 1251 votis
326 1201 620 1268 perpetuis,
683 1217 845 1269 quem
888 1198 1054 1268 eligit,
1115 1207 1230 1250 tum
1282 1200 1375 1267 qui
1427 1198 1560 1251 facit
1600 1208 1789 1251 votum
1832 1201 2005 1268 ingre-

135 1288 323 1340 diendi
364 1288 704 1356 religionem,
746 1296 863 1340 tum
906 1290 999 1358 qui
1033 1288 1355 1357 religionem
1383 1289 1691 1357 ingreditur
1719 1308 1843 1341 cum
1875 1308 2006 1340 vera

136 1385 187 1429 et
228 1379 371 1430 seria
413 1377 694 1429 voluntate
734 1379 791 1428 in
835 1397 898 1429 ea
940 1377 1225 1428 emittendi
1268 1377 1683 1445 professionem.

287 1481 325 1506 α.
360 1468 579 1510 Auctores
614 1467 868 1521 disputant,
901 1471 1055 1510 utrum
1100 1466 1317 1509 electione
1361 1471 1510 1509 status
1552 1467 1836 1518 perfectioris
1876 1481 2008 1522 spon-

136 1541 251 1584 salia
285 1555 338 1584 ex
370 1546 563 1595 utraque
595 1545 725 1596 parte
758 1541 1009 1595 solvantur,
1043 1554 1100 1583 an
1133 1541 1266 1584 alteri
1312 1541 1432 1595 parti
1475 1542 1617 1584 solum
1662 1542 1733 1584 ius
1776 1541 2006 1584 resiliendi

134 1630 161 1659 a
194 1615 478 1671 sponsalibus
513 1616 659 1669 detur,
694 1614 728 1657 si
763 1614 864 1669 ipsa
895 1615 1022 1658 velit.
1088 1615 1227 1657 quta
1260 1615 1454 1669 primam
1479 1616 1753 1659 sententiam
1780 1616 2008 1671 sponsalia

133 1690 196 1743 (in
243 1692 339 1733 foro
388 1690 584 1743 interno)
636 1690 878 1732 solvuntur
926 1703 1004 1744 per
1051 1689 1199 1744 ipsum
1250 1695 1400 1732 actum
1454 1691 1724 1745 voluntatis,
1773 1705 1858 1745 quo
1890 1704 2008 1733 unus

134 1778 398 1819 sponsorum
433 1764 602 1807 sincere
635 1763 821 1807 servitio
857 1763 1011 1807 divino
1045 1764 1092 1806 in
1127 1766 1253 1807 statu
1287 1764 1544 1818 perfectiori
1570 1778 1615 1808 se
1639 1765 1842 1818 dedicat;
1877 1765 2009 1808 iuxta

136 1839 411 1882 sententiam
462 1839 702 1882 secundam
753 1851 832 1893 per
886 1839 1169 1881 voluntatem
1220 1839 1419 1893 eligendi
1469 1843 1642 1882 statum
1692 1838 2005 1894 perfectiorem

135 1914 280 1956 altera
312 1926 415 1968 pars
449 1914 506 1955 fit
537 1912 692 1967 libera,
726 1913 833 1967 quia
865 1913 1037 1968 eligens
1071 1918 1244 1956 statum
1280 1913 1592 1967 perfectiorem
1625 1913 1722 1956 iure
1754 1926 1833 1956 suo
1866 1912 2006 1963 cedit;

133 1989 230 2043 ipse
266 2001 367 2030 vero
400 1987 512 2030 liber
544 1987 699 2030 evadit
732 1991 939 2042 suscepto
974 1988 1152 2030 demum
1188 1992 1315 2030 statu
1357 1987 1614 2042 perfectiori
1648 1987 1677 2031 i.
1723 2001 1758 2030 e.
1801 1990 2007 2042 suscepto

135 2063 291 2106 ordine
323 2075 446 2105 sacro
480 2062 550 2105 vel
584 2061 749 2104 emissa
781 2061 1057 2116 professione
1091 2061 1318 2116 religiosa.

288 2138 326 2186 β,
360 2137 471 2179 Cum
518 2136 747 2179 sententia
795 2137 1034 2179 affirmans
1079 2136 1350 2179 solutionem
1395 2136 1673 2191 sponsalium
1718 2149 1771 2178 ex
1814 2139 2008 2189 utraque

134 2216 265 2266 parte
298 2224 400 2254 vere
433 2210 678 2265 probabilis
711 2211 787 2265 sit,
821 2211 1093 2254 confessario
1126 2225 1214 2254 non
1249 2213 1466 2266 competit
1499 2211 1570 2254 ius
1604 2209 1792 2264 cogendi
1826 2222 1926 2252 eum
1950 2208 2008 2251 ad

134 2285 367 2340 implenda
415 2285 656 2340 sponsalia,
706 2285 780 2338 qui
830 2292 1092 2340 conceptam
1141 2286 1427 2329 volunt-atem
1477 2284 1781 2340 amplectendi
1831 2287 2004 2326 statum

135 2359 449 2414 perfectiorem
483 2373 571 2403 non
606 2360 858 2413 exequitur,
893 2360 970 2403 sed
1004 2373 1039 2402 6.
1074 2373 1117 2414 g.
1153 2367 1255 2415 post
1289 2359 1471 2414 aliquod
1506 2367 1686 2414 tempus
1720 2373 1742 2402 e
1775 2358 2007 2401 novitiatu

134 2435 206 2477 vel
240 2447 262 2477 e
296 2433 535 2477 seminario
578 2434 823 2488 egreditur.
890 2433 1171 2489 Supponitur
1214 2439 1367 2477 tamen
1407 2434 1556 2489 ipsum
1598 2434 1767 2476 sincere
1809 2446 1862 2475 ex
1904 2445 2009 2474 vero

136 2521 286 2552 amore
318 2512 469 2551 status
502 2507 785 2563 perfectioris
818 2508 983 2562 egisse:
1033 2508 1200 2552 etenim
1236 2509 1272 2551 si
1313 2509 1462 2551 dolose
1504 2508 1707 2551 animum
1751 2507 1875 2550 vitae
1916 2519 2008 2561 per-

134 2583 337 2626 fectioris
355 2584 498 2626 solum
518 2584 794 2638 affectasset,
820 2583 876 2626 ab
895 2582 1174 2638 obligatione
1192 2582 1470 2637 sponsalium
1491 2586 1611 2625 certe
1627 2595 1716 2624 non
1734 2582 1954 2624 liberatur
1967 2581 2008 2634 ¹).

283 2731 376 2785 57.
418 2731 802 2799 Dispensatio
846 2733 1062 2785 summi
1103 2732 1432 2800 pontificis.
1514 2730 1570 2782 Si
1621 2730 1896 2800 sponsalia
1937 2731 2006 2782 ab

135 2822 293 2872 initio
338 2819 524 2871 valida
576 2839 644 2871 ex
697 2819 805 2871 alia
863 2839 1030 2873 causa
1072 2820 1211 2873 solvi
1268 2839 1376 2872 non
1432 2829 1675 2890 possunt,
1733 2821 1790 2871 in
1831 2821 1898 2870 iis
1940 2838 2008 2870 ex

137 2911 280 2961 iusta
310 2927 474 2960 causa
504 2909 822 2977 dispensare
853 2918 1029 2979 potest
1070 2929 1316 2962 summus
1341 2910 1607 2980 pontifex,
1650 2912 1805 2979 isque
1846 2908 2007 2975 soluS,

136 3016 247 3050 non
300 3006 483 3050 autem
544 2999 863 3068 episcopus:
922 3018 1049 3051 nam
1094 3020 1141 3052 a.
1186 3017 1432 3051 summus
1487 2999 1739 3069 pontifex
1796 2998 2009 3067 dispen-

137 3105 256 3139 sare
296 3094 475 3157 potest
515 3088 573 3137 in
615 3089 965 3140 matrimonio
1006 3096 1153 3154 rat03
1197 3106 1324 3156 ergo
1367 3107 1398 3139 a
1439 3088 1649 3140 fortiori
1691 3089 1748 3139 in
1791 3105 2006 3156 sponsa-

135 3175 313 3243 libus3
357 3175 400 3228 b.
445 3193 691 3227 summus
717 3176 968 3245 pontifex
1010 3179 1065 3228 in
1110 3176 1458 3245 sponsalibus
1486 3178 1667 3246 reipsa
1698 3177 2004 3246 dispensat-3

137 3282 263 3332 ergo
306 3266 362 3316 in
404 3265 471 3316 iis
513 3264 831 3334 dispensare
871 3274 1065 3335 potest.
1145 3267 1217 3317 Et
1258 3285 1405 3331 sane,
1468 3265 1675 3318 bonum
1718 3283 2007 3317 commune

293 3428 327 3484 1)
361 3429 428 3474 Cf.
463 3429 948 3472 Belle}’ini-Palmieri
978 3430 1048 3472 VI.
1092 3444 1135 3473 n.
1183 3431 1267 3472 174
1308 3443 1364 3473 ss.
1415 3429 1644 3484 Gasparrz'
1684 3428 1719 3470 Ι.
1759 3442 1802 3471 n.
1848 3428 1904 3470 92
1950 3442 2008 3471 ss.

137 3503 209 3545 De
241 3503 422 3546 Becker
453 3517 495 3557 p.
532 3503 598 3545 19.
