2269 3898
632 137 699 179 De
730 136 1072 191 impedimentis
1104 137 1400 180 matrimonii.
1867 138 1952 180 125

227 269 349 325 123.
432 271 575 321 Nam
642 272 918 321 incurrant
986 272 1078 321 hoc
1139 272 1589 340 impedimentwn,
1668 274 1756 340 qui
1820 271 1954 322 illud

76 361 341 429 igynorant.

230 448 514 499 Sententia
554 447 858 517 probabilis
901 462 996 512 est,
1041 447 1144 498 hoc
1199 448 1659 516 impedimentum
1708 466 1819 499 non
1875 449 1950 499 in·

80 539 223 588 curri
265 537 334 588 ab
378 539 460 603 iis,
504 540 597 606 qui
640 538 897 605 ignorant
938 536 1045 587 illis
1088 537 1412 588 criminibus
1457 537 1640 588 dirimi
1673 539 1947 588 matrimo-

79 627 261 676 nium:
312 644 438 677 nam
482 628 667 694 magni
711 627 950 677 nominis
993 628 1310 677 canonistae
1353 636 1404 677 et
1445 628 1768 696 praesertim
1812 644 1951 677 com-

79 713 261 783 plures
291 713 603 765 moralistae
629 714 924 776 affirmant,
957 715 1060 766 hoc
1083 715 1544 784 impedimentum
1575 715 1953 784 principaliter

78 802 282 854 habere
323 804 593 854 rationem
636 821 844 872 poenae
887 803 1265 855 vindicativae
1309 813 1361 856 et
1402 806 1627 875 quidem
1656 804 1950 857 extraordi-

80 894 296 958 nariae3
339 894 651 961 ignorantia
692 902 876 944 autem
919 892 987 943 ab
1030 893 1366 945 incurrenda
1421 912 1601 964 poena
1655 893 1953 945 extraordi-

80 983 238 1034 naria
280 992 508 1033 excusat
524 982 572 1047 ¹).

234 1086 274 1113 a.
309 1072 420 1114 Cum
461 1073 542 1115 hoc
584 1072 964 1127 impedimentum
1006 1086 1095 1115 non
1139 1073 1283 1115 solum
1325 1073 1567 1126 occultum,
1616 1072 1694 1115 sed
1742 1071 1954 1115 fidelibus

80 1147 343 1201 plerumque
377 1145 515 1189 etiam
556 1145 766 1200 ignotum
810 1146 885 1200 sit,
935 1147 1115 1201 saepius
1165 1147 1347 1201 accidit,
1397 1151 1451 1190 ut
1499 1151 1731 1190 contracto
1773 1147 1952 1189 demum

80 1221 372 1264 matrimonio
407 1221 662 1275 detegatur.
727 1221 833 1264 Ideo
884 1221 1113 1264 sententia
1158 1234 1347 1276 negans,
1397 1235 1510 1276 quae
1558 1234 1662 1264 vere
1709 1220 1954 1275 probabilis

80 1299 163 1349 est,
196 1295 442 1350 aliquando
466 1296 568 1338 usui
603 1309 697 1339 esse
729 1301 894 1350 potest.
942 1295 1106 1348 Quodsi
1146 1296 1199 1339 de
1233 1295 1454 1339 eiusmodi
1487 1295 1815 1350 impedimento
1847 1299 1954 1338 ante

80 1370 425 1413 matrimonium
470 1376 665 1424 constat,
698 1371 861 1413 melius
895 1374 977 1425 est,
1011 1376 1065 1413 ut
1099 1370 1380 1425 dispensatio
1414 1375 1615 1425 petatur,
1659 1369 1748 1412 nisi
1790 1374 1955 1424 urgeat

79 1444 325 1487 necessitas
371 1444 625 1487 celebrandi
675 1445 835 1488 statim
881 1445 1178 1498 matrimonii,
1227 1450 1279 1488 ut
1325 1445 1463 1488 dubia
1506 1445 1558 1488 de
1602 1445 1754 1488 valore
1803 1443 1954 1487 matri-

81 1519 235 1573 monii,
270 1523 491 1573 quantum
525 1519 620 1562 fieri
658 1526 824 1574 potest,
857 1520 1173 1563 excludantur.

231 1594 268 1636 (⁷).
302 1594 402 1636 Duo
436 1593 690 1648 prohibent,
741 1594 982 1651 quominus
1028 1594 1258 1637 sententia
1299 1607 1472 1648 negans
1506 1594 1650 1648 possit
1685 1593 1772 1636 dici
1807 1597 1951 1637 certa:

82 1682 122 1710 α.
157 1667 383 1721 imprimis
418 1668 598 1711 omnino
633 1672 805 1712 certum
838 1681 929 1711 11011
963 1675 1046 1722 est,
1091 1682 1256 1723 poenas
1297 1668 1606 1712 vindicativas
1640 1668 1778 1712 etiam
1813 1672 1958 1711 extra-

81 1742 334 1785 ordinarias
381 1756 470 1785 non
519 1743 690 1786 incurri
739 1743 794 1786 ab
845 1743 917 1798 iis,
967 1744 1042 1798 qui
1094 1744 1237 1786 solum
1287 1757 1477 1798 poenam
1526 1743 1758 1798 ignorant,
1807 1743 1957 1786 sciunt

82 1822 236 1860 autem
271 1821 423 1860 actum
459 1818 820 1872 peccaminosum
856 1817 1137 1873 prohibitum
1174 1831 1268 1861 esse
1301 1818 1440 1861 etiam
1485 1818 1586 1872 lege
1630 1817 1954 1868 ecclesiastica;

85 1893 123 1941 β.
158 1892 320 1935 deinde
353 1906 443 1934 non
477 1898 656 1936 constat
690 1893 771 1935 hoc
803 1893 1186 1947 impedimentum
1220 1897 1302 1935 aut
1335 1892 1466 1935 unice
1508 1898 1590 1935 aut
1634 1894 1796 1936 saltem
1840 1892 1957 1947 prin-

83 1966 294 2021 cipaliter
327 1966 490 2009 habere
521 1967 745 2010 rationem
781 1980 968 2022 poenae:
1007 1973 1115 2009 sunt
1148 1966 1283 2020 enini,
1318 1966 1394 2020 qui
1429 1968 1707 2010 contendant
1737 1967 1853 2010 illud
1876 1971 1958 2010 aut

82 2042 264 2085 omnino
312 2056 402 2084 non
452 2042 613 2085 habere
662 2051 744 2085 aut
793 2042 936 2085 solum
989 2042 1254 2085 secundario
1304 2041 1467 2085 habere
1509 2042 1732 2085 rationem
1774 2055 1958 2096 poenae,

82 2115 399 2170 principaliter
431 2123 583 2159 autem
619 2115 782 2159 habere
820 2117 1044 2160 rationem
1088 2115 1414 2170 inhabilitatis,
1464 2129 1598 2170 quam
1647 2116 1786 2159 etiam
1834 2116 1958 2171 igno-

82 2197 236 2233 rantes
269 2191 568 2233 contrahunt:
613 2190 835 2245 siquidem
871 2191 1057 2234 ecclesia
1090 2191 1171 2233 hoc
1204 2190 1584 2245 impedimentum
1620 2190 1837 2245 primario
1869 2203 1959 2232 non

84 2266 267 2319 statuit,
301 2271 355 2308 ut
389 2265 705 2320 delinquentes
739 2266 918 2320 puniat,
970 2267 1047 2309 sed
1097 2270 1149 2308 ut
1199 2265 1308 2309 fidei
1351 2266 1581 2321 coniugali
1623 2264 1871 2320 prospiciat
1913 2268 1959 2308 et

85 2340 393 2395 coniugicidia
426 2341 663 2395 impediat.

235 2490 364 2542 124.
443 2490 525 2544 Ut
567 2505 643 2542 ex
685 2490 813 2543 SOIO
855 2490 1185 2543 homicidio
1229 2509 1323 2541 seu
1365 2509 1432 2540 ex
1476 2491 1706 2540 crimine
1744 2498 1960 2557 utroque

77 2587 334 2648 patrante
376 2580 583 2630 oriatur
626 2579 1100 2647 impedimentum,
1145 2578 1282 2630 haec
1323 2580 1427 2630 tria
1467 2580 1846 2647 requiruntur:

238 2672 283 2720 l.
330 2669 520 2719 Mutua
549 2669 875 2738 conspiratio
918 2669 973 2719 in
1004 2670 1337 2719 occisionem
1369 2669 1619 2737 coniugis
1648 2667 1959 2718 alterutrius

86 2760 348 2826 ipsorum.
429 2758 683 2809 Habetur
723 2766 908 2809 autem
951 2760 1284 2826 conspiratio
1328 2766 1443 2808 tum
1486 2759 1541 2808 in
1586 2775 1716 2808 casu
1774 2774 1961 2825 coope-

85 2848 314 2898 rationis
357 2849 520 2898 etiam
563 2857 821 2914 remotae,
880 2849 996 2898 sive
1050 2847 1315 2916 physicae
1371 2867 1413 2900 e.
1470 2865 1520 2915 g.
1563 2847 1687 2897 dato
1746 2863 1959 2896 veneno

88 2938 204 2987 sive
228 2936 448 2988 moralis
472 2955 515 2989 e.
547 2954 596 3003 g.
623 2937 1023 3007 corrumpendo
1052 2937 1345 3001 medicum,
1389 2955 1456 2987 110
1496 2946 1723 2986 mortem
1762 2944 1961 2999 arceat,

87 3037 203 3077 tum
246 3028 303 3078 in
345 3045 474 3078 casu
517 3026 882 3092 inductionis,
940 3044 1047 3096 qua
1100 3045 1211 3077 una
1253 3045 1377 3094 pars
1430 3025 1659 3076 alteram
1717 3024 1959 3089 consilio,

89 3115 345 3185 precibus
388 3124 482 3166 aut
523 3115 633 3167 solo
677 3134 947 3167 consensu
989 3115 1059 3166 ad
1103 3133 1295 3166 necem
1337 3122 1537 3166 movet.

239 3205 283 3248 Si
332 3218 438 3259 ergo
487 3206 709 3248 alteruter
757 3209 940 3248 tantum
990 3203 1279 3247 machinatur
1319 3208 1511 3247 mortem
1555 3203 1776 3258 coniugis,
1816 3201 1960 3244 inscia

90 3281 236 3323 altera
270 3286 414 3334 parte,
463 3293 606 3334 neque
646 3279 769 3323 inter
803 3291 874 3322 eos
906 3278 1167 3322 intercessit
1200 3277 1497 3332 adulterium,
1544 3291 1633 3320 non
1675 3275 1960 3318 contrahitur

243 3429 275 3483 1)
322 3428 559 3472 Sententia
610 3441 783 3483 negans
821 3399 1129 3471 *confirmatur
1177 3427 1354 3470 decreto
1410 3426 1455 3469 S.
1510 3426 1551 3469 C.
1608 3425 1662 3467 de
1699 3437 1832 3480 prop.
1864 3423 1961 3480 fide

90 3505 158 3547 14.
192 3504 282 3547 ian.
319 3504 446 3547 1844..
