2269 3898
242 125 303 179 44
983 133 1049 176 Dc
1082 132 1388 176 matrimonio.

246 278 390 336 sunt,
451 270 579 339 quia
633 286 822 319 eorum
876 266 1156 336 sponsalia
1211 276 1400 338 utpote
1444 268 1513 321 de
1563 289 1620 320 re
1670 269 1999 339 impossibili
2045 270 2131 322 vel

253 357 461 424 illicita,
506 357 753 409 invalida
797 364 938 410 sunt.

397 448 518 502 Ergo
554 446 784 502 sponsalia
817 446 1020 498 absolute
1053 450 1288 490 contracta
1321 446 1377 490 ab
1410 460 1474 502 eo,
1509 447 1585 502 qui
1619 447 1771 502 aliquo
1803 447 2132 503 impedimento

250 521 347 565 sive
381 522 623 565 dirimente
646 521 742 564 sive
774 520 1054 575 impediente
1087 519 1280 575 laborat,
1313 520 1520 564 invalida
1553 525 1687 573 sunt,
1722 535 1820 564 cum
1845 521 2133 565 restrictione

246 601 398 639 autem
451 600 686 640 contracta
732 596 883 638 valere
936 600 1142 650 possunt,
1191 599 1244 638 ut
1292 595 1416 639 infra
1465 595 1653 639 dicetur.
1719 596 1790 639 Ad
1824 597 2133 640 contrahenda

249 671 367 714 enim
403 671 633 726 sponsalia
664 683 842 714 necesse
874 684 965 713 11011
1000 673 1083 724 est,
1133 674 1185 712 ut
1220 670 1541 714 contrahentes
1574 670 1697 714 inter
1730 684 1776 714 se
1807 670 1923 714 inire
1956 671 2133 726 possint

248 746 588 790 matrimonium
638 760 687 789 eo
727 752 944 800 tempore,
991 758 1077 800 quo
1122 745 1401 788 contrahunt
1445 746 1689 800 sponsalia,
1730 746 1807 789 sed
1850 747 2039 801 sufficit,
2079 751 2133 789 ut

248 822 366 865 illud
399 821 644 878 aliqnando
677 820 793 865 inire
826 820 1015 876 possint.

394 972 490 1026 44.
547 971 864 1040 Sponsalia.
906 971 1294 1024 dividuntur:
1354 991 1402 1025 α.
1454 971 1520 1021 In
1561 970 1842 1022 sollemnia
1897 988 1993 1021 seu
2048 988 2130 1021 ec-

249 1061 572 1127 clesiastica,
617 1079 759 1131 quae
802 1079 987 1112 coram
1031 1059 1270 1130 parocho
1314 1069 1367 1112 et
1406 1059 1640 1112 testibus
1669 1059 2037 1125 celebrantur,
2082 1059 2139 1111 et'

244 1154 462 1222 privata
504 1170 601 1203 seu
643 1150 1004 1218 clandestina,
1042 1169 1183 1221 quae
1212 1169 1243 1202 a
1273 1149 1400 1202 solis
1428 1149 1885 1202 contrahentibus
1911 1150 2134 1201 nemine

253 1249 537 1311 praesente
580 1240 667 1292 vel
711 1259 895 1292 coram
939 1239 1264 1310 parentibus
1305 1248 1524 1292 tantum
1567 1239 1722 1293 fiunt.

400 1360 440 1388 α.
476 1346 713 1401 Sponsalia
747 1345 931 1400 privata
974 1345 1131 1389 valida
1179 1349 1223 1389 et
1271 1344 1402 1388 licita
1451 1349 1575 1400 sunt,
1625 1344 1732 1399 quia
1778 1344 1905 1387 nullo
1946 1343 2045 1387 iure
2077 1344 2136 1387 ad

248 1421 480 1476 sponsalia
498 1420 593 1464 sive
616 1421 771 1464 valida
793 1421 889 1464 sive
912 1420 1043 1464 licita
1067 1420 1327 1476 praesentia
1351 1419 1537 1475 parochi
1561 1420 1632 1463 vel
1656 1419 1848 1463 testium
1871 1419 2135 1474 requiritur.

249 1496 438 1540 Statuta
470 1500 625 1539 tamen
660 1496 924 1539 dioecesana
955 1496 1003 1538 in
1037 1495 1308 1551 quibusdam
1342 1495 1452 1538 locis
1486 1494 1696 1550 exigunt,
1740 1499 1795 1537 ut
1828 1493 2058 1549 sponsalia
2089 1493 2139 1537 111

248 1570 367 1614 facie
400 1571 611 1614 ecclesiae
660 1584 738 1614 seu
770 1585 918 1614 coram
969 1571 1162 1626 parocho
1213 1570 1509 1625 celebrentur,
1564 1574 1665 1613 tum
1715 1574 1770 1613 ut
1818 1569 2140 1625 promissiones

249 1645 456 1701 illicitae,
488 1646 773 1689 inconsultae
807 1650 853 1689 et
888 1646 1051 1690 dubiae
1074 1650 1447 1701 praecaveantur,
1482 1649 1581 1688 tum
1616 1649 1670 1688 ut
1695 1644 1926 1700 sponsalia
1949 1644 2063 1688 serio
2088 1658 2138 1687 ac

249 1721 461 1777 religiose
494 1722 806 1777 perficiantur,
843 1726 941 1765 tum
977 1720 1171 1776 denique
1202 1724 1254 1764 ut
1288 1721 1510 1776 parochus
1544 1720 1601 1763 ad
1632 1719 2005 1763 denuntiationes
2040 1733 2135 1774 pro-

248 1797 403 1840 cedere
429 1796 586 1852 possit.
631 1797 798 1851 Nequit
832 1801 986 1839 autem
1023 1796 1260 1852 episcopus
1293 1796 1341 1839 in
1375 1795 1697 1839 contrahendis
1732 1794 2019 1849 sponsalibus
2052 1795 2138 1837 101·-

252 1871 487 1915 malitates
521 1872 836 1927 praescribere,
871 1886 896 1915 a
930 1871 1094 1926 quibus
1128 1871 1349 1915 validitas
1383 1884 1535 1914 eorum
1572 1868 1884 1925 dependeat¹).

402 1963 440 2012 β.
475 1962 639 2005 Merito
686 1969 839 2005 tamen
883 1966 1017 2005 notat
1061 1962 1196 2005 Marc
1241 1960 1302 2017 (n.
1349 1961 1504 2015 1951);
1555 1960 1912 2015 „Saepenumero
1955 1959 2141 2015 promis-

250 2037 397 2080 siones
441 2037 587 2080 futuri
630 2036 928 2092 matrimonii,
978 2050 1091 2092 quae
1135 2036 1258 2080 inter
1303 2036 1612 2080 adolescentes
1657 2048 1751 2079 sese
1794 2035 1991 2078 invicem
2037 2035 2140 2078 ada-

250 2118 429 2156 mantes
470 2112 570 2155 fieri
605 2113 766 2167 solent,
816 2126 906 2155 non
955 2115 1062 2155 sunt
1111 2125 1219 2155 vera
1268 2110 1514 2167 sponsalia,
1565 2124 1665 2153 cum
1715 2109 1939 2166 propositi
1988 2110 2143 2165 potius

251 2200 385 2241 quam
421 2191 682 2230 contractus
711 2186 886 2229 onerosi
921 2186 1205 2230 condiciones
1239 2199 1347 2242 prae
1381 2198 1427 2229 se
1460 2187 1630 2241 ferant,
1664 2185 1712 2228 in
1745 2185 1840 2228 illis
1874 2184 2142 2240 praesertim

251 2261 527 2317 regionibus
571 2261 648 2305 ubi
683 2267 752 2305 est
784 2261 832 2304 111
866 2274 987 2305 more
1021 2261 1238 2317 positum,
1291 2266 1343 2304 ut
1377 2260 1609 2317 sponsalia
1642 2274 1742 2304 cum
1777 2260 1932 2316 aliqua
1965 2260 2139 2304 sollem-

250 2336 401 2380 nitate
433 2336 690 2380 ineantur·“.

401 2428 444 2481 b.
496 2430 562 2479 In
603 2427 870 2498 simplicia
912 2437 960 2479 et
992 2427 1268 2498 poenalia,
1324 2428 1380 2478 in
1436 2425 1638 2497 quibus
1688 2443 1868 2495 poena
1917 2425 2138 2477 adiecta

250 2524 345 2583 est,
400 2518 444 2569 si
498 2517 760 2570 alterutra
815 2537 940 2588 pars
993 2519 1111 2570 sine
1163 2517 1413 2587 legitima
1468 2535 1636 2569 causa
1690 2535 1721 2567 a
1776 2514 2132 2584 sponsalibus

250 2607 476 2662 recedit.

410 2772 439 2826 1)
471 2774 540 2816 Ex
572 2773 669 2817 iure
714 2773 839 2817 civili
872 2773 921 2816 in
955 2773 1187 2829 Hz'spam'a
1220 2786 1310 2816 non
1353 2773 1510 2816 valent
1544 2771 1790 2827 sponsalia,
1833 2770 1924 2814 nisi
1958 2770 2141 2826 publica

258 2847 485 2902 scriptura
503 2849 689 2892 firmata
713 2849 820 2892 sint.
854 2849 950 2892 Lex
973 2848 1065 2891 ista
1086 2847 1135 2891 in
1159 2861 1204 2891 se
1224 2847 1404 2902 quidem
1425 2847 1647 2901 invalida,
1670 2859 1750 2902 per
1767 2844 2142 2889 consuetudinem

255 2921 311 2964 ab
344 2923 532 2966 ecclesia
555 2923 871 2979 approbatam,
904 2924 998 2967 vim
1022 2923 1139 2979 legis
1174 2922 1390 2966 obtinuit.
1456 2922 1524 2966 Cf.
1548 2924 1665 2965 Acta
1689 2935 1721 2966 3.
1747 2921 1874 2965 Sedis
1897 2920 2015 2964 XIII.
2044 2921 2144 2964 191.

254 2995 315 3038 Et
349 2998 556 3051 quamvis
589 3000 754 3042 recenti
792 3007 996 3055 tempore
1028 3000 1102 3043 lex
1134 2999 1227 3042 ista
1260 2998 1434 3041 abolita
1468 2997 1544 3052 sit,
1595 3004 1749 3041 tamen
1782 2996 2014 3052 sponsalia
2047 2996 2144 3040 sine

255 3071 435 3125 publica
479 3073 707 3128 scriptura
751 3074 870 3118 inita
913 3075 1204 3118 declarantur
1246 3073 1455 3117 invalida
1496 3073 1556 3128 (S.
1593 3072 1639 3118 C.
1674 3072 1719 3115 C.
1765 3072 1833 3114 10.
1868 3084 1963 3126 apr.
2000 3070 2144 3124 1891).

256 3146 423 3190 Utrum
458 3149 601 3191 solum
628 3163 707 3203 pro
740 3150 836 3192 1010
871 3155 1072 3204 externo,
1107 3163 1165 3193 an
1198 3149 1338 3192 etiam
1363 3162 1442 3204 pro
1467 3150 1564 3191 foro
1588 3147 1770 3190 interno
1792 3145 2001 3190 invalida
2034 3145 2143 3201 sint,

256 3226 463 3266 auctores
486 3224 716 3279 hucusque
741 3225 1065 3279 disputabant;
1103 3237 1258 3268 verum
1283 3237 1404 3267 nunc
1427 3227 1609 3266 constat
1631 3235 1684 3265 ea
1708 3234 1803 3265 esse
1825 3219 2033 3264 invalida
2065 3233 2146 3275 pro

253 3297 351 3340 foro
384 3303 570 3342 externo
614 3305 661 3342 et
701 3299 895 3342 interno.
962 3299 1008 3342 S.
1047 3300 1091 3343 G.
1114 3312 1207 3356 pro
1247 3312 1345 3355 neq.
1381 3298 1481 3342 eccl.
1528 3296 1766 3340 exlraorcl.
1801 3297 1841 3341 ἔ).
1875 3309 1978 3338 nov.
2015 3294 2144 3338 1901.

256 3372 323 3416 Cf.
372 3374 563 3428 Villada,
603 3374 744 3418 Casus
788 3388 931 3417 consc.
973 3374 1024 3416 II.
1060 3389 1101 3430 p.
1149 3375 1204 3418 76
1238 3388 1294 3418 ss.
1331 3373 1583 3416 Matlmran
1617 3385 1659 3414 n.
1697 3371 1766 3413 17.
1830 3370 1953 3414 Haec
1985 3370 2142 3413 eadem

254 3450 327 3493 lex
359 3463 414 3493 ex
448 3450 638 3494 decretis
672 3450 851 3494 concilii
869 3450 1081 3506 plenarii
1111 3450 1354 3493 Americae
1386 3449 1559 3492 latinae
1595 3449 1651 3501 (a.
1678 3446 1810 3501 1899)
1842 3445 1967 3489 valet
2000 3444 2141 3489 etiam

255 3524 303 3567 in
337 3525 549 3568 Amem'ea
584 3525 741 3569 latina.
1509 3531 1513 3534 ’
