2269 3898
846 152 913 195 De
944 150 1240 207 sponsalibus.
1923 149 1976 191 41

259 288 299 330 cl.
334 287 562 331 Libertati
597 285 874 341 sponsalium
917 285 1035 328 sicut
1075 284 1265 327 aliorum
1311 287 1625 326 contractuum
1671 283 1868 325 maxime
1911 282 1979 325 ob-

107 366 218 405 sunt
254 375 390 405 error
424 364 468 404 et
497 363 655 403 metus.
719 360 870 414 Error,
904 359 979 413 qui
1014 363 1296 402 contractum
1321 357 1702 400 matrimonialem
1738 356 1979 400 constituit

106 436 380 490 invalidum,
413 435 570 478 irritat
603 434 742 478 etiam
777 433 1069 488 sponsalia¹);
1125 432 1177 475 de
1220 431 1504 486 sponsalibus
1551 437 1704 474 autem
1754 445 1808 475 ex
1855 437 1980 474 metu

105 510 239 554 initis
272 511 380 552 haec
412 509 615 552 notanda
649 512 778 550 sunt:

259 657 353 712 39.
411 657 498 710 De
553 656 934 724 sponsalibus
984 671 1060 708 ex
1100 656 1258 708 metu
1303 654 1532 707 iniusto
1575 654 1768 708 initis·
1831 673 1878 705 α.
1922 652 1979 704 Si

108 754 285 798 metus
324 748 502 815 gravis
545 754 640 811 est,
685 746 802 796 sive
843 743 1092 796 absolute
1134 746 1250 795 sive
1285 742 1513 794 relative
1550 751 1780 808 tantum,
1825 760 1979 810 spon-

106 835 244 888 salia
270 835 493 905 quidem
524 834 713 886 valida
743 842 869 885 sunt
910 842 1027 884 tum
1071 835 1188 884 iure
1230 841 1459 884 naturae
1501 839 1615 882 tuni
1659 832 1777 882 iure
1814 830 1979 882 eccle-

109 927 346 993 siastico,
390 924 535 994 quod
579 923 855 993 sponsalia
898 942 965 974 ex
1008 932 1155 973 metu
1196 923 1355 989 gravi
1396 930 1448 972 et
1474 922 1676 971 iniusto
1705 921 1842 971 inita
1870 937 1980 970 non

106 1014 353 1066 declarat
394 1011 873 1080 invalidasmodo
931 1019 1142 1063 constet
1197 1028 1524 1062 consensum
1578 1010 1746 1062 fuisse
1789 1027 1981 1060 verum

107 1113 163 1156 et
202 1106 511 1169 internum3
569 1111 810 1154 attamen
853 1101 1095 1153 rescindi
1138 1108 1365 1170 possunt
1406 1118 1475 1152 ex
1519 1108 1671 1168 parte
1714 1100 1844 1161 eius,
1889 1099 1982 1168 qui

111 1201 315 1245 metum
360 1212 550 1262 passus
592 1200 687 1246 est.
1579 1196 1583 1199 '

259 1283 303 1335 b.
349 1281 406 1333 Si
449 1290 627 1333 metus
670 1282 796 1333 Zet-is
838 1289 934 1343 est,
978 1281 1095 1332 sive
1125 1278 1375 1331 absolute
1404 1280 1521 1329 sive
1548 1277 1795 1344 relative,
1827 1295 1982 1346 spon·

105 1371 244 1424 salia
286 1380 432 1423 certe
476 1371 662 1422 valida
719 1378 860 1436 sunt,
920 1369 1015 1421 sed
1070 1370 1189 1438 pari
1248 1367 1409 1419 modo
1462 1367 1702 1419 rescindi
1757 1374 1984 1436 possunt

107 1481 176 1513 ex
219 1470 373 1531 parte
416 1462 552 1522 eius,
596 1461 690 1529 qui
733 1467 940 1510 metum
983 1476 1176 1527 passus
1218 1466 1313 1509 est.

258 1550 372 1594 Sunt
406 1549 602 1604 quidem,
637 1549 713 1603 qui
757 1549 947 1591 doceant
994 1546 1223 1602 sponsalia
1271 1545 1401 1600 gravi
1446 1549 1571 1588 metu
1602 1544 1773 1587 iniuste
1805 1547 1983 1586 extorta

107 1633 299 1679 utroque
331 1625 443 1679 iure,
484 1623 686 1667 naturali
719 1628 765 1666 et
798 1622 1019 1677 positivo,
1067 1621 1272 1663 invalida
1320 1633 1437 1669 esse;
1486 1632 1640 1662 verum
1691 1618 1985 1674 praeferenda

104 1699 289 1743 videtur
323 1699 552 1742 sententia
584 1696 828 1753 proposita.
892 1697 955 1739 Et
987 1709 1093 1739 sane

259 1788 299 1816 α.
333 1774 436 1817 Iure
468 1778 661 1816 naturae
694 1771 839 1815 omnis
873 1775 1147 1824 contractus,
1182 1769 1256 1824 qui
1292 1769 1423 1824 gravi
1457 1772 1582 1811 metu
1615 1768 1784 1810 iniuste
1806 1768 1984 1811 incusso

103 1854 314 1894 extortus
347 1853 430 1904 est,
464 1848 645 1892 validus
680 1851 901 1901 censetur,
936 1845 1227 1889 matrimonio
1262 1850 1307 1887 et
1340 1844 1615 1899 professione
1658 1843 1873 1898 religiosa
1917 1856 1982 1886 ex-

106 1924 313 1979 ceptis‘2);
349 1923 478 1978 atqui
511 1923 639 1965 nulla
671 1926 740 1964 est
773 1921 891 1964 ratio
916 1920 1146 1975 sponsalia
1178 1919 1234 1962 ab
1257 1918 1360 1962 aliis
1384 1917 1691 1961 contractibus
1717 1917 1985 1972 excipiendi,

110 1998 196 2042 etsi
230 1997 573 2041 matrimonium
609 1996 875 2051 excipiatur.

262 2074 299 2122 β.
335 2073 506 2115 Textus
539 2071 652 2114 iuris
686 2070 903 2124 canonici,
938 2070 1013 2124 qui
1048 2069 1239 2124 allegari
1275 2069 1388 2110 solet
1422 2067 1478 2110 ad
1513 2066 1789 2121 probandam
1824 2067 1984 2108 horum.

109 2147 389 2202 sponsalium
423 2144 818 2199 invaliditatemss),
854 2158 946 2187 rem
981 2144 1184 2188 evincere
1215 2157 1305 2185 non
1338 2142 1577 2193 videtui-⁴).

258 2236 298 2273 γ.
333 2221 454 2265 Haec
488 2220 693 2274 quaestio
742 2224 930 2262 eatenus
965 2220 1214 2273 practicam
1260 2219 1525 2259 momenmm
1570 2214 1720 2269 habet,
1762 2220 1985 2269 quatenus

104 2310 164 2340 ex
199 2296 419 2339 eiusmodi
453 2294 756 2350 sponsalibus,
791 2293 827 2336 si
862 2293 1017 2336 valida
1050 2297 1171 2347 sunt,
1205 2290 1584 2345 impedimentum
1621 2289 1825 2344 publicae
1858 2290 1986 2332 hone-

107 2370 246 2415 statis
280 2370 439 2423 oritur‚
473 2370 510 2412 si
543 2382 647 2412 vero
680 2368 884 2410 invalida
933 2371 1053 2413 sunt,
1103 2366 1483 2421 impedimentum
1531 2378 1620 2407 non
1669 2364 1826 2406 oritur.
1889 2363 1985 2405 Iam

111 2459 215 2489 vero
249 2444 495 2488 theoretice
520 2443 748 2487 sententia
771 2444 1010 2485 affirmans
1034 2441 1324 2485 validitatem
1351 2439 1531 2482 omnino
1555 2438 1751 2482 tenenda
1781 2438 1984 2488 videtum

110 2534 213 2562 cum
248 2529 401 2562 tamen
436 2518 666 2561 sententia
700 2517 989 2560 validitatem
1025 2529 1198 2571 negans
1233 2529 1313 2558 sua
1347 2513 1671 2569 probabilitate
1716 2513 1876 2554 saltem
1919 2524 1987 2554 ex·

109 2602 242 2638 terna
274 2608 362 2636 non
397 2594 680 2637 destituatur
716 2592 775 2645 QS.
825 2592 1085 2647 Alpleonsns
1128 2605 1170 2633 n.
1214 2590 1301 2633 844
1343 2593 1586 2644 negantem
1634 2587 1746 2629 dicit
1787 2585 1987 2640 probabi·

111 2669 299 2723 liorem),
331 2668 528 2723 practice
563 2667 800 2710 dicendum
835 2673 903 2710 est
948 2679 1001 2709 ex
1039 2665 1260 2709 eiusmodi
1304 2662 1588 2718 sponsalibus
1627 2675 1717 2704 non
1762 2659 1869 2703 oriri
1908 2659 1988 2702 im-

112 2743 424 2798 pedimentum
459 2740 665 2796 publicae
699 2740 977 2783 honestatis:
1014 2739 1394 2794 impedimentum
1429 2736 1548 2779 enim
1585 2735 1770 2778 dubium
1804 2734 1987 2789 impedi-

107 2822 316 2860 mentum
350 2816 527 2858 nullum
561 2823 643 2859 est.

262 2965 356 3020 40.
411 2966 461 3017 3.
505 2966 731 3016 [Mutua.-
785 2963 1062 3032 sponsalia
1116 2963 1264 3012 enim
1320 2969 1445 3011 sunt
1501 2966 1814 3011 contractus
1855 2956 1988 3008 bila-

110 3054 318 3121 teralis,
365 3056 419 3105 vi
456 3055 612 3105 cuius
647 3053 1031 3105 contrahentes
1058 3051 1162 3103 sibi
1193 3058 1382 3102 mutuo
1411 3048 1740 3118 obligantur.
1802 3045 1987 3111 Quare

112 3162 224 3196 non
267 3143 486 3204 sufficit,
530 3150 590 3192 ut
631 3161 741 3193 una
783 3159 908 3210 pars
950 3142 1233 3210 promittat
1275 3147 1328 3190 et
1368 3138 1539 3190 altera
1568 3137 1988 3206 promissionem

270 3291 298 3345 ¹)
330 3291 396 3334 Cf.
431 3292 503 3333 De
526 3289 790 3346 praeceptis
821 3303 863 3331 n.
898 3289 986 3332 526
1018 3303 1050 3332 s.

269 3365 299 3417 ²)
331 3366 398 3409 Cf.
432 3366 504 3408 De
512 3364 774 3420 praeceptis
790 3378 834 3406 n.
854 3363 954 3417 527,
968 3363 1046 3406 ubi
1066 3362 1200 3405 liuius
1235 3360 1561 3404 affirmationis
1589 3359 1706 3402 ratio
1733 3356 1987 3412 eatponitur.

269 3438 300 3494 ³)
331 3440 376 3483 C.
411 3440 481 3481 Ex
512 3437 682 3481 litteris
716 3439 785 3480 11.
819 3438 891 3480 De
923 3437 1176 3493 desponsat.
1213 3435 1373 3491 impul).
1406 3435 1499 3489 (IV.
1534 3434 1589 3486 2).

267 3514 302 3566 4)
333 3515 400 3557 Cf.
434 3512 685 3555 Jsatlearan
719 3526 762 3555 n.
799 3512 868 3554 16.
