2269 3898
668 100 734 142 De
766 99 1017 142 virtutibus
1050 100 1367 146 cardinalibus
1860 105 1946 148 283

84 231 358 297 materias,
402 249 537 300 quas
578 249 688 282 non
730 233 804 282 ita
847 231 1071 283 difficile
1115 242 1193 283 est
1234 234 1507 285 moderari
1561 237 1701 286 sicut
1754 255 1946 287 concu-

84 320 382 386 piscentias
407 328 598 386 gustus
626 327 677 370 et
707 328 898 374 tactus,
938 321 1228 372 Eiusmodi
1257 325 1487 375 virtutes
1517 333 1643 374 sunt
1682 333 1942 393 quatuor:

85 408 440 471 continentia,
483 409 863 473 mansuetudo⁷
910 409 1200 460 clementia
1241 424 1294 461 et
1335 412 1617 466 modestia.

233 524 273 552 a.
325 510 606 553 Continentia
659 515 727 554 est
775 512 923 555 virtus
970 514 1158 555 firmans
1206 514 1490 557 voluntatem
1539 516 1597 558 ad
1643 517 1945 560 resistendum

82 583 485 638 concupiscentiae,
532 599 646 639 quae
691 586 749 628 ad
791 587 1053 641 voluptates
1104 591 1255 630 tactus
1303 590 1567 642 praesertim
1609 604 1820 634 venereas
1867 591 1944 633 im-

81 657 227 711 pellit.

229 731 399 774 Nomen
433 732 731 775 continentiae
763 733 901 776 etiam
945 734 1034 776 alio
1069 747 1200 777 sensu
1241 735 1477 790 accipitur,
1520 751 1605 790 quo
1644 738 1763 780 idem
1807 738 1943 793 signi-

80 804 191 846 ficat
223 817 274 846 ac
306 805 510 859 castitas,
544 805 716 848 scilicet
748 806 1074 850 abstinentiam
1108 807 1164 850 ab
1198 808 1320 850 omni
1355 809 1654 852 delectatione
1686 824 1888 854 venerea.

230 893 265 937 b.
301 894 602 937 Manszzetado
627 898 696 938 est
719 895 881 949 virtus,
909 909 1021 949 quae
1043 897 1305 939 moderatur
1327 897 1440 939 iram
1463 898 1595 940 iuxta
1617 899 1943 954 praescriptum

78 971 229 1011 rectae
259 968 465 1012 rat-ionis.
527 969 871 1012 Mansuetudini
914 983 993 1024 per
1036 983 1264 1013 excessum
1299 971 1545 1025 opponitur
1576 972 1834 1029 iracundia,
1866 987 1945 1027 per

82 1044 308 1086 defectum
341 1042 539 1085 lenitudo
572 1056 649 1085 seu
680 1042 824 1086 nimia
854 1042 1160 1107 indulgentia.
1210 1038 1507 1098 basingus?
1548 1035 1650 1084 τζεκ

229 1147 262 1176 c.
300 1132 544 1175 Clementia
577 1135 645 1175 est
678 1132 842 1187 virtus,
875 1146 988 1187 quae
1022 1133 1283 1175 moderatur
1314 1138 1548 1177 externam
1582 1134 1832 1178 vindictam
1867 1149 1944 1179 seu

79 1206 365 1262 punitionem
397 1206 530 1249 iuxta
560 1220 763 1249 normam
795 1206 1003 1249 rationis.
1057 1207 1333 1250 Clementiae
1355 1221 1433 1262 per
1451 1221 1678 1251 excessum
1703 1209 1946 1263 opponitur

81 1280 341 1335 crudelitas,
375 1294 454 1335 per
488 1281 713 1323 defectum
745 1281 887 1323 nimia
919 1282 1096 1324 lenitas.

230 1369 271 1411 cl.
305 1369 530 1412 Modestia
564 1373 631 1412 est
664 1369 827 1424 virtus,
862 1384 949 1425 qua
981 1371 1082 1425 quis
1114 1374 1266 1413 servat
1289 1371 1467 1413 modun]
1495 1371 1580 1413 sibi
1604 1372 1943 1414 convenientem

78 1443 127 1486 in
159 1443 357 1487 motibus
388 1443 583 1487 internis
616 1448 662 1486 et
694 1444 893 1487 externis
942 1449 986 1488 et
1033 1445 1081 1488 in
1126 1445 1246 1487 omni
1286 1458 1435 1488 rerum
1480 1459 1661 1488 suarum
1706 1448 1942 1499 apparatu.

78 1517 329 1561 Modestiae
359 1522 467 1560 sunt
495 1523 690 1572 quatuor
713 1518 901 1572 species:
935 1519 1185 1570 humilitas,
1215 1518 1498 1565 stndi'osifas,
1531 1519 1749 1562 modestia
1771 1532 1945 1561 moram

79 1597 125 1634 et
157 1591 376 1634 modestia
410 1591 567 1634 cnltn&
