2269 3898
285 98 373 140 210
1027 95 1094 137 De
1127 93 1433 137 matrimonio.

286 231 514 277 libertati
547 232 724 276 obstet.
791 229 958 287 Quare
981 226 1253 273 humillime-
1277 232 1392 285 peto
1428 226 1639 283 edoceri,
1675 227 1793 284 quid
1828 227 1877 272 in
1910 228 2172 286 praedicto

289 319 407 352 casu
444 317 685 362 peragere
722 303 942 348 debeam.

288 559 386 612 III.
444 555 700 608 Formula
744 575 844 626 pro
887 555 1123 625 petenda
1164 554 1563 624 dispensatione
1612 572 1773 623 super
1822 554 1987 605 tribus
2035 556 2170 606 votis

277 648 555 718 perpetuis
595 645 924 715 simplicibus
955 646 1012 695 in
1049 642 1234 714 aliqua
1263 643 1660 712 conqreqatione
1691 641 1942 713 reliyiosa
1968 644 2172 694 emissis

573 738 629 787 in
674 735 858 786 ordine
900 733 972 785 acl
1012 734 1405 784 matrimonium
1446 722 1872 785 contrahendum.

644 912 993 959 Illustrissime
1031 921 1082 957 et
1114 911 1556 958 Reverendissime
1591 910 1822 958 Domine.

437 1048 599 1094 Maria
631 1047 674 1093 L
712 1085 719 1093 .
757 1085 764 1094 .
801 1084 810 1092 .
858 1047 1042 1092 aetatis
1087 1046 1145 1092 25
1194 1059 1445 1091 annorum.
1496 1045 1640 1090 hodie
1689 1045 1999 1103 parochiana
2047 1060 2169 1097 mea,

287 1124 542 1170 humiliter
567 1123 769 1181 exponit
802 1122 926 1180 quod
953 1122 1030 1167 die
1067 1156 1076 1164 .
1113 1156 1122 1164 .
1159 1156 1167 1163 .
1204 1120 1321 1166 anni
1356 1157 1362 1164 .
1403 1158 1410 1165 .
1447 1157 1455 1165 .
1490 1120 1593 1165 tria
1626 1125 1742 1165 vota
1777 1120 2024 1179 simplicia
2060 1122 2176 1166 emi-

289 1199 414 1245 serit
435 1203 679 1257 perpetua
712 1197 763 1242 in
788 1195 1188 1255 Congregatione
1222 1196 1461 1253 religiosa
1498 1200 1671 1241 erecta
1706 1197 1794 1241 sub
1830 1195 1976 1241 titulo
2002 1195 2035 1242 S
2073 1233 2082 1242 .
2119 1233 2127 1241 .
2168 1233 2178 1241 .

287 1274 517 1320 Iamvero
543 1273 600 1318 de
637 1286 874 1318 consensu
898 1285 1129 1330 expresso
1156 1271 1516 1329 superiorissae
1554 1276 1620 1327 et,
1653 1277 1707 1316 ut
1740 1276 1963 1317 testatur
1987 1270 2181 1316 oratrix

292 1349 351 1395 de
386 1348 588 1395 consilio
629 1347 782 1406 ipsius
828 1345 1122 1392 confessarii
1166 1359 1371 1403 egressa
1416 1350 1493 1390 est
1537 1350 1830 1391 conventum
1874 1346 2059 1392 duobus
2095 1347 2177 1392 ab·

289 1424 402 1470 hinc
435 1423 697 1478 mensibus,
749 1427 799 1467 et
841 1422 985 1467 hodie
1036 1421 1190 1467 vellet
1240 1420 1437 1479 nuptias
1490 1420 1617 1465 inire
1669 1434 1777 1466 cum
1829 1421 2037 1478 quodam
2072 1422 2182 1467 viro

290 1499 496 1544 honesto
532 1503 582 1544 et
613 1497 706 1552 pio.

442 1587 609 1647 Quare
654 1587 925 1633 humillime
973 1587 1221 1645 supplicat
1265 1585 1649 1632 lllustrissimae
1694 1584 2041 1632 Dominationi
2083 1585 2183 1633 Ve-

292 1670 443 1720 strae,
476 1668 531 1709 ut
563 1676 711 1720 super
743 1662 878 1708 hisce
917 1662 1041 1708 votis
1077 1659 1222 1707 Sedis
1248 1660 1574 1719 Apostolicae
1612 1660 1917 1718 dispensatio
1952 1673 2183 1717 procure-

293 1744 375 1784 tur
398 1738 494 1791 (cel,
518 1738 562 1780 si
578 1737 830 1793 Episcopus
848 1737 1053 1793 yaudeat
1064 1736 1294 1793 facultate
1320 1735 1645 1791 dispensandi:
1669 1734 1881 1792 benigne
1908 1734 2183 1793 dispenset)

291 1817 532 1870 quatenus
562 1811 929 1857 matrimonium
962 1811 1101 1857 licite
1137 1810 1435 1856 contrahere
1472 1815 1522 1855 et
1557 1823 1896 1855 consummare
1931 1809 2120 1856 valeat.

445 1900 640 1948 Causae
676 1899 812 1959 suntJ:
857 1902 905 1946 1⁰
940 1900 1143 1946 moralis
1176 1899 1555 1958 impossibilitas
1603 1883 1760 1945 vitam
1793 1899 2080 1956 religiosam
2115 1899 2187 1945 in-

297 1977 580 2035 staurandi;
613 1976 665 2023 2⁰
696 1977 969 2036 periculum
1002 1975 1137 2021 haud
1169 1976 1279 2022 leve
1314 1974 1736 2031 incontinentiae,
1784 1970 1839 2018 3⁰
1868 1975 2047 2020 bonum
2080 1979 2185 2020 tam

291 2053 550 2112 spirituale
587 2066 730 2110 quam
763 2051 1038 2110 temporale
1074 2051 1171 2097 viri
1221 2064 1362 2109 quem
1399 2049 1578 2096 ducere
1614 2049 1832 2097 intendit
1868 2055 1960 2096 etc.

293 2309 390 2361 IV.
448 2307 699 2359 Fornznlcc
743 2326 846 2377 pro
892 2307 1127 2376 petenda
1167 2306 1567 2376 dispensatione
1617 2323 1775 2375 super¹
1827 2305 2024 2356 occulto
2068 2314 2187 2356 voto

298 2398 531 2469 simplici
557 2398 823 2449 castitatis
843 2405 1138 2466 perpetuae
1173 2395 1253 2447 vel
1278 2397 1546 2465 ingyressns
1574 2396 1629 2447 in
1656 2395 1966 2465 reliyioneni
1992 2412 2190 2465 appro-

1145 2485 1337 2538 batam.

652 2665 1000 2712 Illustrissime
1036 2679 1093 2711 ac
1127 2664 1571 2712 Reverendissime
1604 2663 1836 2720 Domine,

445 2801 571 2849 Gaia
603 2800 801 2859 (nomen
832 2798 1021 2856 fictum)
1069 2799 1312 2846 dioecesis
1357 2804 1559 2845 nostrae
1611 2798 1813 2845 subdita
1856 2805 2023 2845 votum
2073 2797 2190 2843 olim

300 2878 465 2924 emisit
490 2883 763 2936 perpetuae
789 2875 1043 2922 castitatis
1077 2875 1146 2918 vel
1176 2874 1492 2933 ingrediendi
1515 2873 1811 2932 religionem
1845 2874 2188 2932 approbatam.

445 2967 520 3012 At
551 2966 696 3012 hodie
723 2966 897 3013 melius
932 2966 1026 3012 sibi
1059 2964 1167 3011 iore
1191 2965 1398 3022 iudicat,
1436 2965 1476 3010 si
1510 2965 1769 3011 honestam
1794 2977 1919 3022 quae
1957 2977 2008 3009 se
2045 2961 2195 3008 offert

302 3041 605 3086 matrimonii
637 3041 947 3087 occasionem
980 3054 1075 3086 non
1107 3040 1360 3086 reiiceret.
1429 3039 1597 3098 Quare
1631 3039 1905 3085 humillime
1941 3036 2192 3097 supplicat

297 3115 379 3162 Ill.
412 3114 755 3161 Dominationi
786 3115 1018 3172 Vestrae,
1068 3120 1123 3161 ut
1165 3128 1315 3174 super
1357 3112 1592 3173 praefato
1635 3120 1750 3161 voto
1795 3113 1940 3160 Sedis
1975 3115 2192 3170 Aposto-

298 3190 428 3236 licae
474 3190 890 3249 dispensationem
934 3196 1170 3248 procuret
1204 3189 1307 3247 (rel,
1351 3190 1394 3233 si
1426 3190 1679 3245 Episcopus
1718 3187 1924 3244 qaudeat
1957 3186 2192 3244 facultate

299 3265 621 3321 dispensandi:
653 3265 864 3323 benigne
903 3264 1188 3323 dispenset)
