2269 3898
658 108 724 151 De
756 107 1007 152 virtutibus
1041 107 1357 151 cardinalibus.
1857 109 1943 151 277

230 257 264 285 c.
301 241 537 285 Timiditas
568 243 636 283 est
669 240 851 294 vitium,
885 254 969 294 quo
1002 240 1235 283 excedit—ur
1266 241 1313 284 in
1347 240 1572 283 timendo:
1606 240 1798 283 timidus
1824 241 1943 283 enim

80 316 231 370 timet,
279 316 397 370 quod
429 328 520 357 non
554 314 685 356 debet
717 314 879 357 timere
911 314 983 356 vel
1016 315 1194 368 quando
1227 328 1315 356 non
1365 314 1497 357 debet
1545 315 1616 357 vel
1660 315 1761 369 plus
1809 327 1944 367 quam

78 389 227 434 debet.

231 478 272 520 d.
311 476 565 519 Temeritas
597 476 669 517 vel
702 475 892 517 audacia
926 480 992 517 est
1026 473 1207 528 vitium,
1240 488 1324 528 quo
1358 476 1591 518 exceditur
1623 476 1669 518 in
1714 476 1944 518 audendo:

81 552 232 594 audax
265 550 383 594 enim
417 549 690 604 aggreditur
722 548 920 602 pericula
953 554 1034 590 aut
1082 549 1259 602 quando
1307 562 1394 590 non
1442 549 1624 603 expedit
1671 554 1751 592 aut
1799 550 1946 602 modo,

80 640 168 680 quo
200 638 290 668 non
322 623 520 678 expedit.

233 771 360 825 252.
404 771 620 823 Partes
660 770 1067 823 fortitudini&
1150 773 1195 821 1.
1238 770 1522 820 Fortitudo
1581 770 1764 819 stricte
1820 768 1944 819 talis

71 870 261 932 ‚partes
302 859 613 912 subiectivas
642 877 748 910 non
793 858 988 909 habet:
1033 860 1149 909 eius
1191 859 1334 908 enim
1366 861 1593 908 materia
1635 865 1760 908 sunt
1801 856 1945 908 mala

83 968 178 1002 seu
219 948 493 1018 pericula3
551 950 661 998 iam
716 965 845 997 vero
900 948 954 996 in
1010 946 1201 997 ordine
1254 954 1481 996 naturae
1536 945 1780 1013 pericula
1821 954 1949 996 sunt

82 1039 307 1108 quidem
351 1038 585 1103 diversa,
629 1038 682 1087 in
726 1054 925 1103 genere
966 1043 1148 1085 autem
1191 1036 1356 1085 moris
1398 1052 1507 1085 non
1546 1042 1673 1085 sunt
1713 1033 1947 1095 diversa,

84 1127 212 1178 lieet
251 1128 358 1178 alia
400 1126 521 1178 aliis
564 1127 786 1177 maiora.

235 1232 282 1281 2.
328 1230 515 1280 Partes
544 1231 865 1298 inteqrantes
886 1227 1222 1280 fortitudinis
1264 1235 1390 1278 sunt
1431 1235 1693 1296 quatuor:
1736 1246 1947 1294 mayna-

78 1319 317 1384 wimiz‘as7
361 1319 760 1389 magnificemtia7
810 1319 1081 1388 patientia
1133 1326 1185 1367 et
1229 1316 1629 1386 perseverantia
1686 1335 1780 1366 seu
1823 1333 1944 1365 con-

84 1409 300 1460 stantia.

234 1510 274 1538 a.
307 1496 666 1551 sllafflzam'mitas
699 1499 765 1538 est
799 1495 947 1537 virtus
979 1493 1202 1536 inclinans
1234 1494 1292 1536 ad
1325 1506 1458 1547 opera
1491 1506 1657 1547 magna
1692 1498 1736 1534 et
1770 1492 1948 1535 heroica

80 1570 133 1613 in
167 1570 287 1613 omni
321 1583 484 1624 genere
517 1570 759 1612 virtutum.
823 1569 877 1611 Ei
912 1567 1157 1622 opponitur
1200 1580 1278 1621 per
1319 1568 1545 1610 defectum
1582 1566 1954 1621 pusillanimitas,

85 1658 163 1700 per
196 1658 424 1688 excessum
447 1644 753 1699 praesumtio„
787 1643 970 1685 ambitio
1003 1647 1048 1685 et
1082 1655 1195 1684 rana
1226 1641 1388 1696 ι(χίονίαι.

236 1719 272 1760 b.
306 1719 645 1775 slsaqmfieem‘ia
679 1722 888 1761 versatur
921 1717 1036 1760 circa
1069 1730 1138 1759 res
1186 1729 1377 1770 magnas
1424 1719 1470 1758 et
1518 1718 1775 1757 sumtuosas
1823 1713 1956 1756 iuxta

85 1793 415 1848 praescriptum
463 1791 669 1835 rationis.
749 1791 805 1834 Ei
854 1791 1099 1846 opponitur
1135 1790 1453 1846 parsifieeniia
1504 1802 1582 1844 per
1631 1789 1859 1832 defectum
1909 1792 1955 1830 et

86 1867 227 1909 nimia
251 1866 467 1922 profusio
501 1879 579 1920 per
612 1879 855 1909 excessum.

240 1955 289 2009 3.
333 1956 576 2007 Eaedem
620 1965 852 2024 quatuor
906 1956 1136 2005 virtutes
1190 1962 1316 2004 sunt
1356 1952 1516 2003 simul
1559 1960 1739 2021 partes
1773 1959 1953 2020 poten-

92 2043 246 2096 tiales
287 2044 653 2095 fortitudinis:
710 2062 836 2094 nam
879 2042 1004 2094 illae
1058 2045 1287 2093 virtutes
1342 2042 1676 2093 considerari
1730 2046 1959 2108 possunt

91 2135 256 2184 etiam
299 2135 357 2184 in
398 2132 519 2184 aliis
550 2134 791 2183 materiis
833 2131 1403 2200 minusdifficilibusg
1447 2132 1556 2181 iam
1599 2148 1728 2180 vero
1771 2130 1828 2179 in
1868 2128 1956 2178 his

93 2223 338 2274 materiis
381 2222 641 2273 dicuntur
690 2230 871 2290 partes
911 2220 1234 2290 potentiales
1274 2219 1629 2284 fortitudinis,
1686 2219 1814 2287 quia
1854 2216 1957 2267 for-

90 2311 387 2362 titudinem
430 2312 731 2372 imitantur,
776 2312 907 2379 quin
950 2311 1065 2361 eius
1108 2309 1499 2378 perfectionem
1543 2309 1831 2375 attingant.

779 2521 885 2559 De
918 2521 1292 2569 Martyrio-

244 2637 375 2691 253.
417 2637 654 2695 Natura.
701 2643 744 2691 1.
789 2641 1023 2691 Nomine
1064 2640 1307 2709 martyrii
1347 2655 1448 2687 usu
1475 2633 1843 2686 ecclesiastico
1885 2632 1965 2681 in-

96 2727 359 2794 telligitur
416 2731 790 2780 testimonium
841 2729 1001 2796 reale,
1056 2732 1174 2798 ipsa
1229 2744 1424 2794 nempe
1490 2731 1659 2774 morte
1713 2720 1960 2782 tolerata,

97 2816 287 2867 datum
329 2816 474 2867 fidei.
558 2818 768 2869 Eodem
807 2821 1030 2869 nomine
1072 2816 1395 2886 intelligitur
1436 2816 1600 2864 etiam
1657 2814 1776 2879 ipsa
1818 2826 1962 2860 mors

98 2908 153 2957 in
214 2907 586 2957 testimonium
642 2907 769 2958 fidei
822 2906 1079 2971 tolerata,
1135 2913 1194 2956 ut
1250 2923 1371 2956 cum
1433 2904 1666 2954 dicimus
1720 2898 1959 2968 aliquem

98 2997 422 3062 martyrium
465 2995 712 3047 subiisse.

247 3097 287 3125 a.
320 3084 374 3126 In
406 3088 615 3129 tractatu
649 3085 701 3127 de
734 3084 959 3139 baptismo
992 3085 1263 3140 martyriam
1288 3081 1613 3133 consideratur,
1648 3083 1871 3133 quatenus
1894 3078 1964 3118 est

99 3158 346 3214 baptismus
378 3159 650 3213 sanffllinisj
681 3159 728 3202 in
761 3163 965 3202 tractatu
1000 3159 1052 3201 de
1085 3172 1191 3201 vera
1223 3156 1456 3211 religione,
1492 3160 1714 3209 quatenus
1739 3156 1805 3194 est
1831 3163 1966 3205 arqu-

97 3237 291 3277 mentam
326 3252 460 3281 verae
491 3233 764 3289 reliffl'onis;
795 3234 843 3275 in
877 3237 1081 3276 tractatu
1115 3233 1167 3274 de
1200 3230 1466 3284 virtutibus,
1499 3233 1721 3284 quatenus
1745 3231 1811 3269 est
1841 3228 1968 3268 actas

91 3316 400 3373 fortitudinis.

251 3391 288 3432 b.
322 3390 450 3432 Licet
493 3388 763 3442 martyrium
814 3387 992 3442 proprie
1042 3387 1103 3429 sit
1151 3390 1280 3429 actus
1329 3385 1510 3428 elicitus
1557 3381 1859 3427 fortitudinis,
1909 3381 1968 3424 ad

101 3478 257 3508 verum
289 3469 442 3507 tamen
466 3463 735 3516 martyrium
760 3461 1012 3516 theologice
1036 3464 1270 3515 acceptum
1303 3473 1391 3502 non
1414 3458 1674 3513 requiritur.
1708 3460 1760 3498 ut
1794 3461 1970 3509 martyr
