2269 3898
306 145 390 187 126
1044 138 1108 180 De
1141 135 1448 179 matrimonio.

299 277 698 332 impedimentum,
731 273 816 316 etsi
858 285 961 327 pars
994 271 1160 326 ignara
1193 276 1352 324 postea
1380 272 1574 311 mortem
1608 267 1817 323 coniugis
1850 267 2189 323 approbaverit.

303 352 480 395 Pariter
513 364 603 393 non
636 347 938 401 contrahitur,
972 346 1010 389 si
1045 359 1136 388 una
1169 358 1274 400 pars
1308 342 1522 387 occisioni
1556 342 1739 398 quidem
1763 343 2056 398 consenserit,
2081 343 2191 398 quin

303 433 455 470 tamen
490 436 731 467 consensus
763 423 959 465 alterum
994 420 1051 463 ad
1087 419 1353 463 occisionem
1388 418 1622 461 ullatenus
1655 416 1863 460 moverit.

454 515 501 567 2.
548 515 621 565 Ut
663 519 856 564 mutua
898 511 1232 579 conspiratio
1287 510 1344 560 in
1399 509 1735 559 occisionem
1791 508 2043 575 coniugis
2099 508 2194 561 fiat

304 605 494 657 saltem
544 602 612 654 ab
656 621 768 653 una
809 608 964 669 parte
1007 619 1072 651 cac
1114 600 1406 650 intentione
1434 598 1657 649 iucundi
1695 599 2025 649 matrimonii
2066 615 2192 648 cum

302 693 572 763 complice
614 688 923 754 homicidii,
968 688 1073 740 hac
1117 688 1425 738 intentione
1468 686 1624 738 alteri
1652 688 1797 756 parti
1822 688 2191 739 manifestata.

451 782 496 826 Si
541 795 647 837 ergo
694 779 854 823 occisio
896 780 1028 822 fieret
1070 792 1161 821 non
1195 791 1249 821 ex
1282 777 1541 821 intentione
1574 776 1875 820 contrahendi
1909 775 2193 820 matrimonii

302 872 402 901 cum
437 871 628 913 persona
661 854 893 910 complice,
941 854 1017 897 sed
1063 866 1117 896 ex
1150 852 1240 895 alio
1274 852 1448 895 motivo
1483 865 1518 895 0.
1553 865 1598 907 g.
1632 851 1867 895 vindictae
1899 852 1972 895 vel
2004 851 2194 894 liberius

301 931 516 988 peccandi
552 945 651 974 cum
687 943 879 985 persona
913 928 1144 983 complice,
1178 941 1269 970 11011
1302 927 1434 970 adest
1456 926 1859 982 impedimentum,
1883 926 2052 981 quippe
2074 926 2194 980 quod

302 1022 329 1051 a
360 1008 458 1050 iure
493 1010 722 1049 statutum
758 1013 841 1058 est,
871 1017 926 1046 ne
952 1002 1174 1046 desiderio
1198 1002 1337 1045 alieni
1361 1001 1647 1045 matrimonii
1671 1001 1888 1056 coniuges
1911 1001 2192 1044 occidantur.

455 1097 481 1117 ἡ

452 1119 500 1150 ε).
543 1097 691 1147 sllors
732 1093 951 1146 real-iter
993 1103 1170 1145 secuta
1211 1111 1280 1143 ex
1322 1093 1540 1143 actione
1583 1090 1822 1160 physica
1864 1090 1955 1143 vel
1998 1090 2193 1142 morali

304 1187 624 1239 alterutrius
666 1183 971 1253 complicis,
1015 1201 1127 1234 non
1171 1201 1238 1232 ex
1281 1181 1390 1233 alia
1434 1200 1618 1234 causa.

452 1276 573 1330 Ergo
616 1288 706 1317 non
750 1273 927 1316 sufficit
968 1272 1265 1315 homicidium
1311 1275 1614 1326 attentatum,
1657 1271 1735 1314 sed
1777 1271 2028 1326 requiritur
2059 1271 2196 1315 realis

302 1351 477 1406 occisio,
525 1350 619 1393 sive
661 1349 900 1404 complices
932 1348 1135 1391 criminis
1180 1360 1260 1402 per
1301 1360 1346 1390 se
1380 1347 1476 1390 sive
1508 1360 1588 1402 per
1621 1345 1763 1389 alium
1798 1346 2066 1390 occisionem
2101 1359 2197 1390 exe-

302 1430 517 1481 quuntur.

459 1576 587 1629 125.
627 1575 712 1632 Ut
753 1589 830 1628 ex
871 1573 1202 1651 homicidio
1232 1588 1365 1627 cum
1392 1573 1697 1627 adulterio
1729 1592 1824 1625 seu
1855 1593 1924 1625 ex
1965 1574 2197 1624 crimine

304 1685 407 1718 uno
446 1675 703 1736 patrante
745 1666 953 1716 oriatur
982 1664 1462 1734 impedimentum,
1509 1663 1646 1715 haec
1675 1665 1781 1715 tria
1809 1666 2195 1734 requiruntur:

459 1775 502 1824 1.
546 1769 882 1821 Adulterium
924 1787 1136 1836 verum,
1181 1788 1251 1820 ex
1293 1780 1525 1838 utraque
1569 1779 1724 1838 parte
1774 1769 2020 1837 formale,
2079 1787 2196 1839 per-

306 1862 527 1926 fectum,
572 1869 698 1910 ante
743 1859 1109 1910 homicidium
1153 1858 1369 1909 actuale
1413 1860 1787 1912 commissum.

453 1965 494 1993 a.
541 1951 718 2003 Verum,
753 1950 872 2004 quod
908 1948 1128 2004 supponit
1161 1948 1367 1991 validum
1403 1948 1751 1992 matrimonium
1787 1949 1951 1992 saltem
1983 1962 2037 1992 ex
2067 1953 2198 2004 parte

302 2027 438 2070 unius
474 2025 698 2075 adulteri;
735 2037 842 2079 ergo
875 2038 966 2067 non
1000 2023 1290 2067 contrahitur
1324 2023 1726 2079 impedimentum,
1760 2023 1798 2067 si
1833 2024 2039 2079 complex
2073 2024 2198 2067 adul-

307 2101 408 2144 terii
442 2104 580 2156 putat
614 2101 806 2144 alteram
842 2103 1020 2154 partem
1056 2112 1151 2142 0330
1180 2099 1492 2154 coniugatam,
1527 2113 1628 2142 cum
1651 2113 1743 2142 non
1767 2099 1856 2153 sit3
1890 2100 1964 2143 vel
1988 2100 2024 2143 si
2051 2100 2198 2143 altera

304 2190 408 2231 pars
451 2176 622 2231 passim
666 2176 862 2219 habetur
905 2174 1168 2229 coniugata,
1212 2188 1312 2217 cum
1363 2178 1520 2217 tamen
1561 2188 1652 2218 non
1693 2174 1768 2230 sit,
1811 2174 1918 2229 quia
1951 2188 1987 2219 e.
2021 2187 2066 2230 g.
2101 2174 2197 2218 eius

304 2250 648 2295 matrimonium
684 2255 870 2306 propter
905 2250 1132 2292 occultum
1166 2249 1550 2304 impedimentum
1585 2254 1655 2292 est
1687 2249 1962 2294 invalidum.

455 2326 492 2368 h.
527 2326 591 2368 Ut
625 2339 679 2369 ex
711 2329 907 2380 utraque
948 2329 1079 2379 parte
1119 2324 1328 2381 formale
1376 2324 1437 2367 sit
1486 2324 1783 2380 adulterium,
1832 2325 2097 2380 requiritur,
2144 2330 2199 2368 ut

305 2406 440 2444 notus
477 2401 537 2443 sit
573 2404 724 2444 status
759 2400 1015 2456 coniugalis
1047 2399 1190 2454 illius,
1233 2413 1425 2455 quocum
1461 2399 1772 2443 committitur
1805 2400 2112 2453 adulterium3
2159 2400 2197 2443 si

304 2488 411 2530 ergo
445 2476 761 2518 adulterorum
794 2489 912 2518 1111113
946 2480 1133 2518 tantum
1168 2481 1238 2519 est
1281 2474 1571 2530 coniugatus,
1614 2474 1879 2529 requiritur,
1921 2480 1975 2518 ut
2019 2475 2197 2518 solutus

306 2551 420 2594 sciat
454 2564 499 2594 se
533 2564 716 2606 peccare
750 2564 850 2593 cum
886 2551 1149 2606 coniugato,
1199 2554 1245 2593 et
1294 2550 1332 2593 si
1381 2549 1514 2593 ambo
1557 2550 1758 2593 adulteri
1803 2550 2039 2605 coniugati
2074 2556 2198 2604 sunt,

304 2640 394 2669 non
428 2625 618 2680 sufficit,
651 2630 706 2668 ut
740 2630 932 2680 uterque
966 2625 1083 2669 sciat
1129 2639 1174 2669 se
1219 2639 1315 2669 esse
1356 2625 1670 2681 coniugatum,
1716 2626 1794 2668 sed
1837 2625 2101 2681 requiritur,
2145 2631 2197 2668 ut

305 2700 533 2743 alteruter
567 2699 683 2743 sciat
716 2701 979 2755 complicem
1013 2700 1234 2744 adulterii
1268 2713 1364 2744 esse
1398 2701 1712 2755 coniugatum,
1769 2700 1953 2744 Scilicet
1985 2706 2039 2744 ut
2072 2700 2197 2744 adul-

306 2774 473 2818 terium
516 2776 707 2818 formale
753 2774 1088 2828 committatur,
1135 2774 1312 2818 sufficit
1357 2775 1557 2830 quidem,
1591 2780 1645 2818 ut
1678 2775 1862 2819 adulter
1895 2775 2012 2819 sciat
2045 2788 2092 2818 30
2124 2775 2198 2818 vel

307 2850 570 2905 complicem
595 2863 690 2893 esse
714 2849 1029 2904 coniugatum,
1063 2850 1142 2892 sed
1166 2850 1224 2892 ad
1248 2850 1557 2894 inducendum
1582 2850 1967 2905 impedimentum
1992 2849 2198 2893 criminis

307 2938 396 2967 non
430 2926 621 2979 sufficit,
654 2934 708 2968 ut.
740 2931 933 2979 uterque
966 2924 1083 2968 sciat
1117 2938 1162 2968 30
1196 2939 1292 2968 0330
1325 2925 1642 2981 coniugatum,
1676 2925 1783 2980 quia
1816 2925 1873 2969 ab
1905 2931 2101 2980 utroque
2123 2925 2197 2968 ad-

306 2999 453 3044 ultero
488 3000 633 3043 eidem
668 3000 960 3043 matrimonio
993 2999 1153 3043 inferri
1190 3000 1324 3043 debet
1356 3000 1541 3045 iniuria.

458 3089 492 3117 c.
526 3075 809 3131 Perfectum,
841 3075 869 3117 i.
896 3088 930 3118 e.
967 3075 1021 3118 de
1055 3088 1100 3118 30
1133 3079 1295 3130 aptum
1329 3076 1386 3119 ad
1420 3077 1729 3131 generandam
1764 3076 1960 3131 prolem3
1996 3082 2195 3120 ceterum

309 3148 345 3190 si
379 3149 541 3204 copula
585 3149 733 3204 reipsa
773 3150 1050 3205 intercessit,
1099 3151 1411 3206 praesumitur
1459 3154 1678 3208 perfecta,
1726 3152 1817 3196 nisi
1867 3152 1921 3195 de
1969 3151 2197 3195 contrario

309 3227 497 3266 constet.

459 3298 500 3340 cl.
537 3300 653 3341 Ante
685 3299 973 3342 homicidium
1014 3301 1195 3344 actuale
1229 3302 1534 3345 commissum.
1600 3301 1645 3345 Si
1687 3301 1968 3345 adulterium
2002 3315 2197 3357 praeces-

311 3378 468 3415 serunt
502 3373 645 3415 solum
691 3374 1052 3418 machinationes
1097 3376 1408 3431 coniugicidii,
1458 3377 1748 3420 contrahitur
1791 3376 2196 3432 impedimentum;

308 3447 470 3500 quodsi
506 3461 626 3490 mors
659 3448 761 3502 ipsa
794 3449 1000 3504 coniugis
1025 3451 1271 3505 praecedit,
1304 3465 1394 3495 non
1418 3452 1722 3507 contrahitur,
1749 3451 1855 3506 quia
1878 3455 1980 3506 post
2004 3456 2196 3495 mortem

312 3521 515 3576 coniugis
550 3522 640 3565 iam
674 3537 765 3566 non
800 3524 998 3577 amplius
1033 3525 1343 3569 committitur
1376 3527 1670 3570 adulterium.
