<?xml version="1.0" encoding="UTF-8"?>
<!DOCTYPE html PUBLIC "-//W3C//DTD XHTML 1.0 Transitional//EN"
    "http://www.w3.org/TR/xhtml1/DTD/xhtml1-transitional.dtd">
<html xmlns="http://www.w3.org/1999/xhtml" xml:lang="en" lang="en">
 <head>
  <title>
</title>
<meta http-equiv="Content-Type" content="text/html;charset=utf-8" />
  <meta name='ocr-system' content='tesseract 3.04.00' />
  <meta name='ocr-capabilities' content='ocr_page ocr_carea ocr_par ocr_line ocrx_word'/>
</head>
<body>
  <div class='ocr_page' id='page_1' title='image "./summatheologiaem00nold_0568.png"; bbox 0 0 2269 3898; ppageno 0'>
   <div class='ocr_carea' id='block_1_1' title="bbox 275 126 1419 175">
    <p class='ocr_par' dir='ltr' id='par_1_1' title="bbox 275 126 1419 175">
     <span class='ocr_line' id='line_1_1' title="bbox 275 126 1419 175; baseline -0.005 0"><span class='ocrx_word' id='word_1_1' title='bbox 275 132 365 175; x_wconf 77' lang='lat'>&lt;200</span> <span class='ocrx_word' id='word_1_2' title='bbox 1014 128 1081 170; x_wconf 89' lang='lat' dir='ltr'>De</span> <span class='ocrx_word' id='word_1_3' title='bbox 1114 126 1419 170; x_wconf 87' lang='lat' dir='ltr'>matrimonio.</span> 
     </span>
    </p>
   </div>
   <div class='ocr_carea' id='block_1_2' title="bbox 277 258 2158 317">
    <p class='ocr_par' dir='ltr' id='par_1_2' title="bbox 277 258 2158 317">
     <span class='ocr_line' id='line_1_2' title="bbox 277 258 2158 317; baseline -0.002 0"><span class='ocrx_word' id='word_1_4' title='bbox 277 274 449 317; x_wconf 88' lang='lat' dir='ltr'>tracto</span> <span class='ocrx_word' id='word_1_5' title='bbox 492 263 580 315; x_wconf 87' lang='lat' dir='ltr'>vel</span> <span class='ocrx_word' id='word_1_6' title='bbox 623 260 998 314; x_wconf 91' lang='lat' dir='ltr'>contrahendo</span> <span class='ocrx_word' id='word_1_7' title='bbox 1041 261 1330 312; x_wconf 80' lang='lat' dir='ltr'>certiorem</span> <span class='ocrx_word' id='word_1_8' title='bbox 1371 258 1602 312; x_wconf 80' lang='lat' dir='ltr'>reddere</span> <span class='ocrx_word' id='word_1_9' title='bbox 1638 260 1962 313; x_wconf 89' lang='lat' dir='ltr'>intendunt:</span> <span class='ocrx_word' id='word_1_10' title='bbox 2007 263 2158 313; x_wconf 86' lang='lat' dir='ltr'>actui</span> 
     </span>
    </p>
   </div>
   <div class='ocr_carea' id='block_1_3' title="bbox 281 352 2158 508">
    <p class='ocr_par' dir='ltr' id='par_1_3' title="bbox 281 352 2158 508">
     <span class='ocr_line' id='line_1_3' title="bbox 281 352 939 406; baseline -0.005 0"><span class='ocrx_word' id='word_1_11' title='bbox 281 356 428 406; x_wconf 92' lang='lat' dir='ltr'>enim</span> <span class='ocrx_word' id='word_1_12' title='bbox 470 353 619 404; x_wconf 90' lang='lat' dir='ltr'>licito</span> <span class='ocrx_word' id='word_1_13' title='bbox 662 352 939 403; x_wconf 91' lang='lat' dir='ltr'>assistunt.</span> 
     </span>
     <span class='ocr_line' id='line_1_4' title="bbox 429 438 2158 508; baseline -0.001 -15"><span class='ocrx_word' id='word_1_14' title='bbox 429 442 471 493; x_wconf 78' lang='lat' dir='ltr'>b.</span> <span class='ocrx_word' id='word_1_15' title='bbox 530 440 586 493; x_wconf 87' lang='lat' dir='ltr'>Si</span> <span class='ocrx_word' id='word_1_16' title='bbox 642 447 855 492; x_wconf 91' lang='lat' dir='ltr'>constat</span> <span class='ocrx_word' id='word_1_17' title='bbox 909 440 1292 508; x_wconf 85' lang='lat' dir='ltr'>nupturientes</span> <span class='ocrx_word' id='word_1_18' title='bbox 1342 457 1412 490; x_wconf 79' lang='lat' dir='ltr'>ex</span> <span class='ocrx_word' id='word_1_19' title='bbox 1462 438 1607 490; x_wconf 91' lang='lat' dir='ltr'>mala</span> <span class='ocrx_word' id='word_1_20' title='bbox 1649 438 1933 491; x_wconf 86' lang='lat' dir='ltr'>voluntate</span> <span class='ocrx_word' id='word_1_21' title='bbox 1975 441 2158 491; x_wconf 88' lang='lat' dir='ltr'>matri-</span> 
     </span>
    </p>
   </div>
   <div class='ocr_carea' id='block_1_4' title="bbox 277 526 2158 959">
    <p class='ocr_par' dir='ltr' id='par_1_4' title="bbox 277 526 2158 959">
     <span class='ocr_line' id='line_1_5' title="bbox 279 526 2158 584; baseline -0.002 0"><span class='ocrx_word' id='word_1_22' title='bbox 279 534 527 584; x_wconf 85' lang='lat' dir='ltr'><strong>monium</strong></span> <span class='ocrx_word' id='word_1_23' title='bbox 581 529 1017 582; x_wconf 89' lang='lat' dir='ltr'>ecclesiasticum</span> <span class='ocrx_word' id='word_1_24' title='bbox 1074 526 1399 580; x_wconf 79' lang='lat' dir='ltr'>contrahere</span> <span class='ocrx_word' id='word_1_25' title='bbox 1456 526 1600 579; x_wconf 92' lang='lat' dir='ltr'>nolle</span> <span class='ocrx_word' id='word_1_26' title='bbox 1656 535 1709 579; x_wconf 89' lang='lat' dir='ltr'>et</span> <span class='ocrx_word' id='word_1_27' title='bbox 1766 527 1943 580; x_wconf 90' lang='lat' dir='ltr'>solum</span> <span class='ocrx_word' id='word_1_28' title='bbox 1993 528 2158 580; x_wconf 88' lang='lat' dir='ltr'>civile</span> 
     </span>
     <span class='ocr_line' id='line_1_6' title="bbox 279 617 2154 686; baseline -0.001 -14"><span class='ocrx_word' id='word_1_29' title='bbox 279 620 579 684; x_wconf 84' lang='lat' dir='ltr'>intendere,</span> <span class='ocrx_word' id='word_1_30' title='bbox 623 617 988 670; x_wconf 84' lang='lat' dir='ltr'>nihilominus</span> <span class='ocrx_word' id='word_1_31' title='bbox 1029 618 1342 669; x_wconf 79' lang='lat' dir='ltr'>assistentia</span> <span class='ocrx_word' id='word_1_32' title='bbox 1380 635 1450 668; x_wconf 84' lang='lat' dir='ltr'>ex</span> <span class='ocrx_word' id='word_1_33' title='bbox 1475 619 1635 686; x_wconf 84' lang='lat' dir='ltr'>gravi</span> <span class='ocrx_word' id='word_1_34' title='bbox 1665 636 1832 669; x_wconf 90' lang='lat' dir='ltr'>causa</span> <span class='ocrx_word' id='word_1_35' title='bbox 1861 617 2014 670; x_wconf 89' lang='lat' dir='ltr'>licita</span> <span class='ocrx_word' id='word_1_36' title='bbox 2042 626 2154 670; x_wconf 89' lang='lat' dir='ltr'>est:</span> 
     </span>
     <span class='ocr_line' id='line_1_7' title="bbox 277 705 2158 778; baseline -0.002 -16"><span class='ocrx_word' id='word_1_37' title='bbox 277 729 405 762; x_wconf 90' lang='lat' dir='ltr'>nam</span> <span class='ocrx_word' id='word_1_38' title='bbox 447 718 726 778; x_wconf 84' lang='lat' dir='ltr'>tamquam</span> <span class='ocrx_word' id='word_1_39' title='bbox 771 715 966 759; x_wconf 91' lang='lat' dir='ltr'>testem</span> <span class='ocrx_word' id='word_1_40' title='bbox 1008 705 1461 758; x_wconf 87' lang='lat' dir='ltr'>auctorizabilem</span> <span class='ocrx_word' id='word_1_41' title='bbox 1511 709 1764 758; x_wconf 87' lang='lat' dir='ltr'>assistere</span> <span class='ocrx_word' id='word_1_42' title='bbox 1813 708 1962 759; x_wconf 91' lang='lat' dir='ltr'>actui</span> <span class='ocrx_word' id='word_1_43' title='bbox 2014 707 2158 760; x_wconf 91' lang='lat' dir='ltr'>malo</span> 
     </span>
     <span class='ocr_line' id='line_1_8' title="bbox 277 795 2158 866; baseline -0.002 -14"><span class='ocrx_word' id='word_1_44' title='bbox 277 808 474 852; x_wconf 91' lang='lat' dir='ltr'>natura</span> <span class='ocrx_word' id='word_1_45' title='bbox 517 817 616 850; x_wconf 93' lang='lat' dir='ltr'>sua</span> <span class='ocrx_word' id='word_1_46' title='bbox 657 797 864 849; x_wconf 91' lang='lat' dir='ltr'>malum</span> <span class='ocrx_word' id='word_1_47' title='bbox 906 815 1017 849; x_wconf 92' lang='lat' dir='ltr'>non</span> <span class='ocrx_word' id='word_1_48' title='bbox 1059 805 1154 857; x_wconf 88' lang='lat' dir='ltr'>est,</span> <span class='ocrx_word' id='word_1_49' title='bbox 1198 795 1335 848; x_wconf 88' lang='lat' dir='ltr'>alias</span> <span class='ocrx_word' id='word_1_50' title='bbox 1376 814 1557 866; x_wconf 91' lang='lat' dir='ltr'>neque</span> <span class='ocrx_word' id='word_1_51' title='bbox 1597 796 1874 866; x_wconf 79' lang='lat' dir='ltr'>parochus</span> <span class='ocrx_word' id='word_1_52' title='bbox 1903 798 2158 849; x_wconf 85' lang='lat' dir='ltr'>assistere</span> 
     </span>
     <span class='ocr_line' id='line_1_9' title="bbox 277 885 1995 959; baseline -0.001 -17"><span class='ocrx_word' id='word_1_53' title='bbox 277 897 460 959; x_wconf 87' lang='lat' dir='ltr'>posset</span> <span class='ocrx_word' id='word_1_54' title='bbox 500 888 852 940; x_wconf 87' lang='lat' dir='ltr'>matrimonio</span> <span class='ocrx_word' id='word_1_55' title='bbox 897 905 1103 949; x_wconf 83' lang='lat' dir='ltr'>eorum,</span> <span class='ocrx_word' id='word_1_56' title='bbox 1147 887 1241 956; x_wconf 92' lang='lat' dir='ltr'>qui</span> <span class='ocrx_word' id='word_1_57' title='bbox 1285 885 1550 953; x_wconf 83' lang='lat' dir='ltr'>sacrilege</span> <span class='ocrx_word' id='word_1_58' title='bbox 1593 885 1995 952; x_wconf 80' lang='lat' dir='ltr'>contrahunt1).</span> 
     </span>
    </p>
   </div>
   <div class='ocr_carea' id='block_1_5' title="bbox 274 989 2162 1491">
    <p class='ocr_par' dir='ltr' id='par_1_5' title="bbox 274 989 2162 1491">
     <span class='ocr_line' id='line_1_10' title="bbox 428 989 2162 1046; baseline -0.001 -11"><span class='ocrx_word' id='word_1_59' title='bbox 428 993 615 1046; x_wconf 84' lang='lat' dir='ltr'>Causae,</span> <span class='ocrx_word' id='word_1_60' title='bbox 649 1004 762 1046; x_wconf 90' lang='lat' dir='ltr'>quae</span> <span class='ocrx_word' id='word_1_61' title='bbox 796 991 1155 1046; x_wconf 81' lang='lat' dir='ltr'>cooperationem</span> <span class='ocrx_word' id='word_1_62' title='bbox 1190 990 1494 1042; x_wconf 76' lang='lat' dir='ltr'>magistratus</span> <span class='ocrx_word' id='word_1_63' title='bbox 1526 989 1703 1034; x_wconf 90' lang='lat' dir='ltr'>licitam</span> <span class='ocrx_word' id='word_1_64' title='bbox 1737 991 1923 1034; x_wconf 87' lang='lat' dir='ltr'>reddere</span> <span class='ocrx_word' id='word_1_65' title='bbox 1955 996 2162 1046; x_wconf 85' lang='lat' dir='ltr'>possunt,</span> 
     </span>
     <span class='ocr_line' id='line_1_11' title="bbox 276 1065 2160 1124; baseline -0.002 -12"><span class='ocrx_word' id='word_1_66' title='bbox 276 1082 356 1124; x_wconf 91' lang='lat' dir='ltr'>pro</span> <span class='ocrx_word' id='word_1_67' title='bbox 389 1067 579 1111; x_wconf 75' lang='lat' dir='ltr'>testibus</span> <span class='ocrx_word' id='word_1_68' title='bbox 611 1066 791 1121; x_wconf 88' lang='lat' dir='ltr'>quidem</span> <span class='ocrx_word' id='word_1_69' title='bbox 826 1079 916 1109; x_wconf 90' lang='lat' dir='ltr'>non</span> <span class='ocrx_word' id='word_1_70' title='bbox 948 1066 1119 1109; x_wconf 73' lang='lat' dir='ltr'>valent.</span> <span class='ocrx_word' id='word_1_71' title='bbox 1155 1065 1424 1120; x_wconf 83' lang='lat' dir='ltr'>quandoque</span> <span class='ocrx_word' id='word_1_72' title='bbox 1457 1078 1562 1108; x_wconf 79' lang='lat' dir='ltr'>vero</span> <span class='ocrx_word' id='word_1_73' title='bbox 1597 1065 1792 1109; x_wconf 88' lang='lat' dir='ltr'>aderunt</span> <span class='ocrx_word' id='word_1_74' title='bbox 1826 1065 1943 1109; x_wconf 91' lang='lat' dir='ltr'>aliae</span> <span class='ocrx_word' id='word_1_75' title='bbox 1985 1079 2160 1121; x_wconf 87' lang='lat' dir='ltr'>causae,</span> 
     </span>
     <span class='ocr_line' id='line_1_12' title="bbox 277 1140 2160 1197; baseline -0.002 -12"><span class='ocrx_word' id='word_1_76' title='bbox 277 1155 391 1197; x_wconf 87' lang='lat' dir='ltr'>quae</span> <span class='ocrx_word' id='word_1_77' title='bbox 424 1141 563 1184; x_wconf 89' lang='lat' dir='ltr'>etiam</span> <span class='ocrx_word' id='word_1_78' title='bbox 597 1141 787 1183; x_wconf 87' lang='lat' dir='ltr'>testium</span> <span class='ocrx_word' id='word_1_79' title='bbox 821 1140 1182 1195; x_wconf 86' lang='lat' dir='ltr'>cooperationem</span> <span class='ocrx_word' id='word_1_80' title='bbox 1216 1140 1527 1194; x_wconf 89' lang='lat' dir='ltr'>cohonestent,</span> <span class='ocrx_word' id='word_1_81' title='bbox 1577 1143 1630 1182; x_wconf 92' lang='lat' dir='ltr'>ut</span> <span class='ocrx_word' id='word_1_82' title='bbox 1681 1140 1849 1195; x_wconf 75' lang='lat' dir='ltr'>„timor</span> <span class='ocrx_word' id='word_1_83' title='bbox 1896 1140 2051 1195; x_wconf 83' lang='lat' dir='ltr'>gravis</span> <span class='ocrx_word' id='word_1_84' title='bbox 2100 1142 2160 1183; x_wconf 72' lang='lat' dir='ltr'>of-</span> 
     </span>
     <span class='ocr_line' id='line_1_13' title="bbox 274 1214 2161 1271; baseline -0.001 -12"><span class='ocrx_word' id='word_1_85' title='bbox 274 1218 430 1260; x_wconf 78' lang='lat' dir='ltr'>fensae</span> <span class='ocrx_word' id='word_1_86' title='bbox 462 1215 833 1271; x_wconf 85' lang='lat' dir='ltr'>propinquorum,</span> <span class='ocrx_word' id='word_1_87' title='bbox 883 1228 982 1270; x_wconf 85' lang='lat' dir='ltr'>spes</span> <span class='ocrx_word' id='word_1_88' title='bbox 1032 1214 1232 1258; x_wconf 80' lang='lat' dir='ltr'>civiliter</span> <span class='ocrx_word' id='word_1_89' title='bbox 1280 1214 1545 1257; x_wconf 86' lang='lat' dir='ltr'>coniunctos</span> <span class='ocrx_word' id='word_1_90' title='bbox 1592 1220 1752 1270; x_wconf 89' lang='lat' dir='ltr'>postea</span> <span class='ocrx_word' id='word_1_91' title='bbox 1799 1215 2053 1258; x_wconf 84' lang='lat' dir='ltr'>adducendi</span> <span class='ocrx_word' id='word_1_92' title='bbox 2103 1215 2161 1258; x_wconf 90' lang='lat' dir='ltr'>ad</span> 
     </span>
     <span class='ocr_line' id='line_1_14' title="bbox 277 1288 2161 1345; baseline -0.001 -11"><span class='ocrx_word' id='word_1_93' title='bbox 277 1290 620 1334; x_wconf 86' lang='lat' dir='ltr'>matrimonium</span> <span class='ocrx_word' id='word_1_94' title='bbox 653 1290 701 1333; x_wconf 89' lang='lat' dir='ltr'>in</span> <span class='ocrx_word' id='word_1_95' title='bbox 734 1290 850 1333; x_wconf 77' lang='lat' dir='ltr'>facie</span> <span class='ocrx_word' id='word_1_96' title='bbox 884 1290 1097 1333; x_wconf 85' lang='lat' dir='ltr'>ecclesiae</span> <span class='ocrx_word' id='word_1_97' title='bbox 1130 1288 1448 1333; x_wconf 89' lang='lat' dir='ltr'>celebrandum</span> <span class='ocrx_word' id='word_1_98' title='bbox 1482 1294 1529 1332; x_wconf 86' lang='lat' dir='ltr'>et</span> <span class='ocrx_word' id='word_1_99' title='bbox 1563 1289 1749 1344; x_wconf 86' lang='lat' dir='ltr'>similia,</span> <span class='ocrx_word' id='word_1_100' title='bbox 1796 1290 2065 1345; x_wconf 86' lang='lat' dir='ltr'>praesertim</span> <span class='ocrx_word' id='word_1_101' title='bbox 2112 1290 2161 1333; x_wconf 86' lang='lat' dir='ltr'>in</span> 
     </span>
     <span class='ocr_line' id='line_1_15' title="bbox 276 1363 2159 1421; baseline -0.001 -12"><span class='ocrx_word' id='word_1_102' title='bbox 276 1365 456 1421; x_wconf 86' lang='lat' dir='ltr'>magnis</span> <span class='ocrx_word' id='word_1_103' title='bbox 489 1365 771 1419; x_wconf 81' lang='lat' dir='ltr'>civitatibus,</span> <span class='ocrx_word' id='word_1_104' title='bbox 825 1364 903 1407; x_wconf 87' lang='lat' dir='ltr'>ubi</span> <span class='ocrx_word' id='word_1_105' title='bbox 956 1363 1251 1407; x_wconf 87' lang='lat' dir='ltr'>matrimonia</span> <span class='ocrx_word' id='word_1_106' title='bbox 1305 1363 1462 1407; x_wconf 85' lang='lat' dir='ltr'>civilia</span> <span class='ocrx_word' id='word_1_107' title='bbox 1516 1365 1696 1419; x_wconf 88' lang='lat' dir='ltr'>saepius</span> <span class='ocrx_word' id='word_1_108' title='bbox 1750 1365 1871 1407; x_wconf 89' lang='lat' dir='ltr'>fiunt</span> <span class='ocrx_word' id='word_1_109' title='bbox 1920 1368 1965 1409; x_wconf 88' lang='lat' dir='ltr'>et</span> <span class='ocrx_word' id='word_1_110' title='bbox 1998 1378 2159 1420; x_wconf 89' lang='lat' dir='ltr'>parum</span> 
     </span>
     <span class='ocr_line' id='line_1_16' title="bbox 276 1437 840 1491; baseline -0.004 -7"><span class='ocrx_word' id='word_1_111' title='bbox 276 1441 450 1484; x_wconf 89' lang='lat' dir='ltr'>animos</span> <span class='ocrx_word' id='word_1_112' title='bbox 484 1437 840 1491; x_wconf 69' lang='lat' dir='ltr'>commovent&#39;⁴²)</span> 
     </span>
    </p>
   </div>
   <div class='ocr_carea' id='block_1_6' title="bbox 276 1529 2159 2050">
    <p class='ocr_par' dir='ltr' id='par_1_6' title="bbox 276 1529 2159 2050">
     <span class='ocr_line' id='line_1_17' title="bbox 426 1529 2157 1596; baseline -0.001 -14"><span class='ocrx_word' id='word_1_113' title='bbox 426 1551 466 1584; x_wconf 86' lang='lat' dir='ltr'>c.</span> <span class='ocrx_word' id='word_1_114' title='bbox 511 1531 689 1582; x_wconf 86' lang='lat' dir='ltr'>Maior</span> <span class='ocrx_word' id='word_1_115' title='bbox 730 1539 810 1582; x_wconf 88' lang='lat' dir='ltr'>est</span> <span class='ocrx_word' id='word_1_116' title='bbox 853 1529 1169 1596; x_wconf 79' lang='lat' dir='ltr'>difficultas,</span> <span class='ocrx_word' id='word_1_117' title='bbox 1221 1531 1266 1581; x_wconf 88' lang='lat' dir='ltr'>si</span> <span class='ocrx_word' id='word_1_118' title='bbox 1319 1531 1524 1582; x_wconf 82' lang='lat' dir='ltr'>coniux</span> <span class='ocrx_word' id='word_1_119' title='bbox 1566 1529 1753 1582; x_wconf 81' lang='lat' dir='ltr'>valido</span> <span class='ocrx_word' id='word_1_120' title='bbox 1804 1531 2157 1582; x_wconf 86' lang='lat' dir='ltr'>matrimonio</span> 
     </span>
     <span class='ocr_line' id='line_1_18' title="bbox 278 1619 2158 1687; baseline -0.001 -14"><span class='ocrx_word' id='word_1_121' title='bbox 278 1623 516 1687; x_wconf 80' lang='lat' dir='ltr'>iunctUS,</span> <span class='ocrx_word' id='word_1_122' title='bbox 572 1619 798 1672; x_wconf 88' lang='lat' dir='ltr'>obtenta</span> <span class='ocrx_word' id='word_1_123' title='bbox 853 1619 1033 1671; x_wconf 83' lang='lat' dir='ltr'>civilis</span> <span class='ocrx_word' id='word_1_124' title='bbox 1090 1620 1315 1671; x_wconf 88' lang='lat' dir='ltr'>divortii</span> <span class='ocrx_word' id='word_1_125' title='bbox 1370 1621 1659 1687; x_wconf 84' lang='lat' dir='ltr'>sententia7</span> <span class='ocrx_word' id='word_1_126' title='bbox 1704 1621 1931 1672; x_wconf 84' lang='lat' dir='ltr'>vivente</span> <span class='ocrx_word' id='word_1_127' title='bbox 1973 1619 2158 1672; x_wconf 88' lang='lat' dir='ltr'>adhuc</span> 
     </span>
     <span class='ocr_line' id='line_1_19' title="bbox 280 1708 2158 1780; baseline -0.002 -17"><span class='ocrx_word' id='word_1_128' title='bbox 280 1719 574 1780; x_wconf 86' lang='lat' dir='ltr'>comparte,</span> <span class='ocrx_word' id='word_1_129' title='bbox 620 1710 1035 1761; x_wconf 86' lang='lat' dir='ltr'>matrimonium</span> <span class='ocrx_word' id='word_1_130' title='bbox 1079 1708 1243 1760; x_wconf 85' lang='lat' dir='ltr'>civile</span> <span class='ocrx_word' id='word_1_131' title='bbox 1284 1710 1424 1761; x_wconf 90' lang='lat' dir='ltr'>inire</span> <span class='ocrx_word' id='word_1_132' title='bbox 1465 1717 1726 1777; x_wconf 79' lang='lat' dir='ltr'>attentat3</span> <span class='ocrx_word' id='word_1_133' title='bbox 1780 1728 1975 1762; x_wconf 80' lang='lat' dir='ltr'>verum</span> <span class='ocrx_word' id='word_1_134' title='bbox 2030 1711 2158 1762; x_wconf 86' lang='lat' dir='ltr'>assi-</span> 
     </span>
     <span class='ocr_line' id='line_1_20' title="bbox 277 1798 2159 1868; baseline -0.001 -16"><span class='ocrx_word' id='word_1_135' title='bbox 277 1802 475 1852; x_wconf 90' lang='lat' dir='ltr'>stentia</span> <span class='ocrx_word' id='word_1_136' title='bbox 532 1799 751 1868; x_wconf 85' lang='lat' dir='ltr'>syndici</span> <span class='ocrx_word' id='word_1_137' title='bbox 805 1817 874 1851; x_wconf 93' lang='lat' dir='ltr'>ne</span> <span class='ocrx_word' id='word_1_138' title='bbox 928 1801 987 1850; x_wconf 92' lang='lat' dir='ltr'>in</span> <span class='ocrx_word' id='word_1_139' title='bbox 1040 1798 1146 1851; x_wconf 90' lang='lat' dir='ltr'>hoc</span> <span class='ocrx_word' id='word_1_140' title='bbox 1197 1799 1421 1868; x_wconf 91' lang='lat' dir='ltr'>quidem</span> <span class='ocrx_word' id='word_1_141' title='bbox 1466 1818 1596 1851; x_wconf 90' lang='lat' dir='ltr'>casu</span> <span class='ocrx_word' id='word_1_142' title='bbox 1639 1801 1971 1852; x_wconf 88' lang='lat' dir='ltr'>intrinsecus</span> <span class='ocrx_word' id='word_1_143' title='bbox 2013 1799 2159 1851; x_wconf 88' lang='lat' dir='ltr'>mala</span> 
     </span>
     <span class='ocr_line' id='line_1_21' title="bbox 276 1889 2157 1960; baseline 0 -18"><span class='ocrx_word' id='word_1_144' title='bbox 276 1898 329 1942; x_wconf 86' lang='lat' dir='ltr'>et</span> <span class='ocrx_word' id='word_1_145' title='bbox 380 1889 612 1960; x_wconf 90' lang='lat' dir='ltr'>proinde</span> <span class='ocrx_word' id='word_1_146' title='bbox 671 1908 740 1940; x_wconf 81' lang='lat' dir='ltr'>ex</span> <span class='ocrx_word' id='word_1_147' title='bbox 796 1890 1126 1960; x_wconf 79' lang='lat' dir='ltr'>gravissima</span> <span class='ocrx_word' id='word_1_148' title='bbox 1181 1907 1349 1940; x_wconf 87' lang='lat' dir='ltr'>causa</span> <span class='ocrx_word' id='word_1_149' title='bbox 1403 1891 1727 1958; x_wconf 90' lang='lat' dir='ltr'>praesertim</span> <span class='ocrx_word' id='word_1_150' title='bbox 1778 1889 1850 1941; x_wconf 90' lang='lat' dir='ltr'>ad</span> <span class='ocrx_word' id='word_1_151' title='bbox 1892 1889 2157 1942; x_wconf 90' lang='lat' dir='ltr'>damnum</span> 
     </span>
     <span class='ocr_line' id='line_1_22' title="bbox 279 1978 1615 2050; baseline 0.001 -18"><span class='ocrx_word' id='word_1_152' title='bbox 279 1979 564 2050; x_wconf 90' lang='lat' dir='ltr'>publicum</span> <span class='ocrx_word' id='word_1_153' title='bbox 606 1979 931 2031; x_wconf 89' lang='lat' dir='ltr'>evitandum</span> <span class='ocrx_word' id='word_1_154' title='bbox 974 1978 1124 2030; x_wconf 89' lang='lat' dir='ltr'>licita</span> <span class='ocrx_word' id='word_1_155' title='bbox 1167 1997 1284 2030; x_wconf 91' lang='lat' dir='ltr'>esse</span> <span class='ocrx_word' id='word_1_156' title='bbox 1327 1978 1615 2045; x_wconf 71' lang='lat' dir='ltr'>videtur-⁹²).</span> 
     </span>
    </p>
   </div>
   <div class='ocr_carea' id='block_1_7' title="bbox 274 2083 2162 3039">
    <p class='ocr_par' dir='ltr' id='par_1_7' title="bbox 274 2083 2162 2439">
     <span class='ocr_line' id='line_1_23' title="bbox 425 2083 2161 2139; baseline 0 -11"><span class='ocrx_word' id='word_1_157' title='bbox 425 2084 661 2139; x_wconf 88' lang='lat' dir='ltr'>Auctores,</span> <span class='ocrx_word' id='word_1_158' title='bbox 696 2083 772 2139; x_wconf 90' lang='lat' dir='ltr'>qui</span> <span class='ocrx_word' id='word_1_159' title='bbox 806 2083 1119 2127; x_wconf 86' lang='lat' dir='ltr'>assistentiam</span> <span class='ocrx_word' id='word_1_160' title='bbox 1154 2083 1202 2127; x_wconf 89' lang='lat' dir='ltr'>in</span> <span class='ocrx_word' id='word_1_161' title='bbox 1236 2083 1320 2127; x_wconf 89' lang='lat' dir='ltr'>hoc</span> <span class='ocrx_word' id='word_1_162' title='bbox 1351 2097 1457 2127; x_wconf 88' lang='lat' dir='ltr'>casu</span> <span class='ocrx_word' id='word_1_163' title='bbox 1491 2084 1768 2128; x_wconf 78' lang='lat' dir='ltr'>intrinsecus</span> <span class='ocrx_word' id='word_1_164' title='bbox 1799 2085 1966 2128; x_wconf 79' lang='lat' dir='ltr'>malam</span> <span class='ocrx_word' id='word_1_165' title='bbox 1987 2084 2161 2139; x_wconf 87' lang='lat' dir='ltr'>dicunt,</span> 
     </span>
     <span class='ocr_line' id='line_1_24' title="bbox 274 2158 2162 2215; baseline -0.001 -12"><span class='ocrx_word' id='word_1_166' title='bbox 274 2160 342 2203; x_wconf 91' lang='lat' dir='ltr'>ita</span> <span class='ocrx_word' id='word_1_167' title='bbox 375 2163 776 2215; x_wconf 83' lang='lat' dir='ltr'>argumentantur:</span> <span class='ocrx_word' id='word_1_168' title='bbox 835 2175 875 2202; x_wconf 82' lang='grc' dir='ltr'>α.</span> <span class='ocrx_word' id='word_1_169' title='bbox 925 2158 1096 2202; x_wconf 89' lang='lat' dir='ltr'>iniuria</span> <span class='ocrx_word' id='word_1_170' title='bbox 1143 2159 1200 2201; x_wconf 88' lang='lat' dir='ltr'>fit</span> <span class='ocrx_word' id='word_1_171' title='bbox 1248 2158 1542 2203; x_wconf 88' lang='lat' dir='ltr'>matrimonio</span> <span class='ocrx_word' id='word_1_172' title='bbox 1589 2159 1680 2203; x_wconf 90' lang='lat' dir='ltr'>iam</span> <span class='ocrx_word' id='word_1_173' title='bbox 1715 2159 1957 2210; x_wconf 81' lang='lat' dir='ltr'>existenti;</span> <span class='ocrx_word' id='word_1_174' title='bbox 2010 2159 2162 2210; x_wconf 66' lang='lat' dir='ltr'>13.tri-</span> 
     </span>
     <span class='ocr_line' id='line_1_25' title="bbox 278 2234 2160 2290; baseline 0 -12"><span class='ocrx_word' id='word_1_175' title='bbox 278 2235 480 2279; x_wconf 88' lang='lat' dir='ltr'>buuntur</span> <span class='ocrx_word' id='word_1_176' title='bbox 512 2236 702 2279; x_wconf 85' lang='lat' dir='ltr'>effectus</span> <span class='ocrx_word' id='word_1_177' title='bbox 734 2235 829 2278; x_wconf 77' lang='lat' dir='ltr'>veri</span> <span class='ocrx_word' id='word_1_178' title='bbox 864 2234 1148 2278; x_wconf 83' lang='lat' dir='ltr'>matrimonii</span> <span class='ocrx_word' id='word_1_179' title='bbox 1181 2234 1573 2290; x_wconf 87' lang='lat' dir='ltr'>nupturientibus,</span> <span class='ocrx_word' id='word_1_180' title='bbox 1608 2235 1685 2290; x_wconf 90' lang='lat' dir='ltr'>qui</span> <span class='ocrx_word' id='word_1_181' title='bbox 1718 2235 1902 2278; x_wconf 90' lang='lat' dir='ltr'>illorum</span> <span class='ocrx_word' id='word_1_182' title='bbox 1936 2248 2027 2278; x_wconf 91' lang='lat' dir='ltr'>non</span> <span class='ocrx_word' id='word_1_183' title='bbox 2051 2240 2160 2278; x_wconf 89' lang='lat' dir='ltr'>sunt</span> 
     </span>
     <span class='ocr_line' id='line_1_26' title="bbox 275 2308 2158 2365; baseline 0 -13"><span class='ocrx_word' id='word_1_184' title='bbox 275 2322 477 2365; x_wconf 83' lang='lat' dir='ltr'>capaces;</span> <span class='ocrx_word' id='word_1_185' title='bbox 530 2323 568 2361; x_wconf 74' lang='grc' dir='ltr'>γ.</span> <span class='ocrx_word' id='word_1_186' title='bbox 614 2310 746 2365; x_wconf 89' lang='lat' dir='ltr'>plura</span> <span class='ocrx_word' id='word_1_187' title='bbox 790 2322 1004 2364; x_wconf 86' lang='lat' dir='ltr'>responsa</span> <span class='ocrx_word' id='word_1_188' title='bbox 1044 2309 1451 2364; x_wconf 79' lang='lat' dir='ltr'>congregationum</span> <span class='ocrx_word' id='word_1_189' title='bbox 1513 2323 1802 2353; x_wconf 88' lang='lat' dir='ltr'>romanarum</span> <span class='ocrx_word' id='word_1_190' title='bbox 1845 2308 2158 2353; x_wconf 89' lang='lat' dir='ltr'>assistentiam</span> 
     </span>
     <span class='ocr_line' id='line_1_27' title="bbox 274 2383 1167 2439; baseline 0.001 -12"><span class='ocrx_word' id='word_1_191' title='bbox 274 2385 389 2428; x_wconf 87' lang='lat' dir='ltr'>hanc</span> <span class='ocrx_word' id='word_1_192' title='bbox 421 2397 603 2439; x_wconf 89' lang='lat' dir='ltr'>prorsus</span> <span class='ocrx_word' id='word_1_193' title='bbox 635 2384 847 2427; x_wconf 88' lang='lat' dir='ltr'>illicitam</span> <span class='ocrx_word' id='word_1_194' title='bbox 883 2383 1167 2439; x_wconf 70' lang='lat' dir='ltr'>declarant-⁴).</span> 
     </span>
    </p>

    <p class='ocr_par' dir='ltr' id='par_1_8' title="bbox 274 2458 2160 3039">
     <span class='ocr_line' id='line_1_28' title="bbox 424 2458 2159 2515; baseline -0.001 -12"><span class='ocrx_word' id='word_1_195' title='bbox 424 2461 522 2503; x_wconf 79' lang='lat' dir='ltr'>Pro</span> <span class='ocrx_word' id='word_1_196' title='bbox 556 2460 706 2502; x_wconf 75' lang='lat' dir='ltr'>altera</span> <span class='ocrx_word' id='word_1_197' title='bbox 740 2460 964 2502; x_wconf 72' lang='lat' dir='ltr'>sententia</span> <span class='ocrx_word' id='word_1_198' title='bbox 1000 2459 1108 2503; x_wconf 90' lang='lat' dir='ltr'>haec</span> <span class='ocrx_word' id='word_1_199' title='bbox 1141 2459 1295 2503; x_wconf 82' lang='lat' dir='ltr'>afferri</span> <span class='ocrx_word' id='word_1_200' title='bbox 1329 2468 1544 2515; x_wconf 85' lang='lat' dir='ltr'>possunt:</span> <span class='ocrx_word' id='word_1_201' title='bbox 1593 2475 1634 2503; x_wconf 88' lang='grc' dir='ltr'>α.</span> <span class='ocrx_word' id='word_1_202' title='bbox 1669 2458 1798 2514; x_wconf 80' lang='lat' dir='ltr'>Quod</span> <span class='ocrx_word' id='word_1_203' title='bbox 1831 2459 1971 2515; x_wconf 87' lang='lat' dir='ltr'>priori</span> <span class='ocrx_word' id='word_1_204' title='bbox 2003 2459 2159 2503; x_wconf 89' lang='lat' dir='ltr'>matri-</span> 
     </span>
     <span class='ocr_line' id='line_1_29' title="bbox 276 2533 2160 2589; baseline -0.001 -11"><span class='ocrx_word' id='word_1_205' title='bbox 276 2534 425 2578; x_wconf 90' lang='lat' dir='ltr'>monio</span> <span class='ocrx_word' id='word_1_206' title='bbox 458 2534 657 2577; x_wconf 78' lang='lat' dir='ltr'>infertur</span> <span class='ocrx_word' id='word_1_207' title='bbox 688 2533 871 2588; x_wconf 73' lang='lat' dir='ltr'>iniuria,</span> <span class='ocrx_word' id='word_1_208' title='bbox 906 2534 1050 2577; x_wconf 90' lang='lat' dir='ltr'>solum</span> <span class='ocrx_word' id='word_1_209' title='bbox 1087 2534 1372 2578; x_wconf 89' lang='lat' dir='ltr'>demonstrat</span> <span class='ocrx_word' id='word_1_210' title='bbox 1405 2534 1605 2578; x_wconf 82' lang='lat' dir='ltr'>civiliter</span> <span class='ocrx_word' id='word_1_211' title='bbox 1649 2533 2019 2578; x_wconf 84' lang='lat' dir='ltr'>contrahentium</span> <span class='ocrx_word' id='word_1_212' title='bbox 2064 2547 2160 2589; x_wconf 89' lang='lat' dir='ltr'>pec-</span> 
     </span>
     <span class='ocr_line' id='line_1_30' title="bbox 277 2609 2158 2665; baseline 0 -13"><span class='ocrx_word' id='word_1_213' title='bbox 277 2614 430 2653; x_wconf 87' lang='lat' dir='ltr'>catum</span> <span class='ocrx_word' id='word_1_214' title='bbox 462 2609 510 2652; x_wconf 93' lang='lat' dir='ltr'>in</span> <span class='ocrx_word' id='word_1_215' title='bbox 543 2609 626 2652; x_wconf 88' lang='lat' dir='ltr'>hoc</span> <span class='ocrx_word' id='word_1_216' title='bbox 658 2622 764 2652; x_wconf 88' lang='lat' dir='ltr'>casu</span> <span class='ocrx_word' id='word_1_217' title='bbox 798 2609 946 2652; x_wconf 87' lang='lat' dir='ltr'>maius</span> <span class='ocrx_word' id='word_1_218' title='bbox 979 2622 1075 2653; x_wconf 91' lang='lat' dir='ltr'>esse</span> <span class='ocrx_word' id='word_1_219' title='bbox 1107 2613 1153 2652; x_wconf 89' lang='lat' dir='ltr'>et</span> <span class='ocrx_word' id='word_1_220' title='bbox 1186 2609 1375 2665; x_wconf 85' lang='lat' dir='ltr'>proinde</span> <span class='ocrx_word' id='word_1_221' title='bbox 1409 2609 1665 2664; x_wconf 76' lang='lat' dir='ltr'>graviorem</span> <span class='ocrx_word' id='word_1_222' title='bbox 1701 2622 1883 2652; x_wconf 87' lang='lat' dir='ltr'>causam</span> <span class='ocrx_word' id='word_1_223' title='bbox 1908 2609 2077 2664; x_wconf 89' lang='lat' dir='ltr'>requiri</span> <span class='ocrx_word' id='word_1_224' title='bbox 2100 2609 2158 2652; x_wconf 90' lang='lat' dir='ltr'>ad</span> 
     </span>
     <span class='ocr_line' id='line_1_31' title="bbox 276 2683 2158 2739; baseline -0.001 -12"><span class='ocrx_word' id='word_1_225' title='bbox 276 2683 657 2727; x_wconf 84' lang='lat' dir='ltr'>cohonestandam</span> <span class='ocrx_word' id='word_1_226' title='bbox 692 2684 868 2738; x_wconf 82' lang='lat' dir='ltr'>syndici</span> <span class='ocrx_word' id='word_1_227' title='bbox 893 2683 1269 2739; x_wconf 84' lang='lat' dir='ltr'>cooperationem.</span> <span class='ocrx_word' id='word_1_228' title='bbox 1335 2685 1373 2733; x_wconf 75' lang='grc' dir='ltr'>β.</span> <span class='ocrx_word' id='word_1_229' title='bbox 1400 2683 1676 2727; x_wconf 84' lang='lat' dir='ltr'>Formalitas</span> <span class='ocrx_word' id='word_1_230' title='bbox 1702 2683 1986 2727; x_wconf 87' lang='lat' dir='ltr'>matrimonii</span> <span class='ocrx_word' id='word_1_231' title='bbox 2009 2683 2158 2726; x_wconf 86' lang='lat' dir='ltr'>civilis</span> 
     </span>
     <span class='ocr_line' id='line_1_32' title="bbox 274 2757 2157 2813; baseline 0 -12"><span class='ocrx_word' id='word_1_232' title='bbox 274 2758 323 2802; x_wconf 90' lang='lat' dir='ltr'>in</span> <span class='ocrx_word' id='word_1_233' title='bbox 357 2772 403 2802; x_wconf 90' lang='lat' dir='ltr'>se</span> <span class='ocrx_word' id='word_1_234' title='bbox 435 2759 702 2802; x_wconf 86' lang='lat' dir='ltr'>indifferens</span> <span class='ocrx_word' id='word_1_235' title='bbox 736 2762 819 2813; x_wconf 89' lang='lat' dir='ltr'>est,</span> <span class='ocrx_word' id='word_1_236' title='bbox 854 2759 985 2802; x_wconf 90' lang='lat' dir='ltr'>modo</span> <span class='ocrx_word' id='word_1_237' title='bbox 1020 2758 1234 2813; x_wconf 79' lang='lat' dir='ltr'>syndicus</span> <span class='ocrx_word' id='word_1_238' title='bbox 1269 2759 1468 2802; x_wconf 86' lang='lat' dir='ltr'>declaret</span> <span class='ocrx_word' id='word_1_239' title='bbox 1509 2758 1637 2802; x_wconf 89' lang='lat' dir='ltr'>illam</span> <span class='ocrx_word' id='word_1_240' title='bbox 1684 2772 1832 2802; x_wconf 86' lang='lat' dir='ltr'>coram</span> <span class='ocrx_word' id='word_1_241' title='bbox 1882 2757 2069 2802; x_wconf 90' lang='lat' dir='ltr'>ecclesia</span> <span class='ocrx_word' id='word_1_242' title='bbox 2112 2762 2157 2801; x_wconf 90' lang='lat' dir='ltr'>et</span> 
     </span>
     <span class='ocr_line' id='line_1_33' title="bbox 275 2831 2158 2888; baseline -0.001 -12"><span class='ocrx_word' id='word_1_243' title='bbox 275 2832 323 2876; x_wconf 93' lang='lat' dir='ltr'>in</span> <span class='ocrx_word' id='word_1_244' title='bbox 357 2833 634 2876; x_wconf 89' lang='lat' dir='ltr'>conscientia</span> <span class='ocrx_word' id='word_1_245' title='bbox 665 2834 843 2876; x_wconf 89' lang='lat' dir='ltr'>nullum</span> <span class='ocrx_word' id='word_1_246' title='bbox 877 2834 1076 2877; x_wconf 74' lang='lat' dir='ltr'>valorem</span> <span class='ocrx_word' id='word_1_247' title='bbox 1111 2833 1297 2877; x_wconf 87' lang='lat' dir='ltr'>habere:</span> <span class='ocrx_word' id='word_1_248' title='bbox 1333 2833 1548 2888; x_wconf 76' lang='lat' dir='ltr'>syndicus</span> <span class='ocrx_word' id='word_1_249' title='bbox 1581 2833 1703 2878; x_wconf 89' lang='lat' dir='ltr'>enim</span> <span class='ocrx_word' id='word_1_250' title='bbox 1735 2847 1827 2876; x_wconf 91' lang='lat' dir='ltr'>non</span> <span class='ocrx_word' id='word_1_251' title='bbox 1860 2831 2027 2876; x_wconf 85' lang='lat' dir='ltr'>tribuit</span> <span class='ocrx_word' id='word_1_252' title='bbox 2048 2845 2158 2887; x_wconf 89' lang='lat' dir='ltr'>nup-</span> 
     </span>
     <span class='ocr_line' id='line_1_34' title="bbox 275 2907 2159 2964; baseline 0 -14"><span class='ocrx_word' id='word_1_253' title='bbox 275 2907 553 2951; x_wconf 85' lang='lat' dir='ltr'>turientibus</span> <span class='ocrx_word' id='word_1_254' title='bbox 596 2909 786 2952; x_wconf 87' lang='lat' dir='ltr'>effectus</span> <span class='ocrx_word' id='word_1_255' title='bbox 820 2908 992 2963; x_wconf 82' lang='lat' dir='ltr'>civiles,</span> <span class='ocrx_word' id='word_1_256' title='bbox 1027 2908 1104 2952; x_wconf 91' lang='lat' dir='ltr'>sed</span> <span class='ocrx_word' id='word_1_257' title='bbox 1144 2908 1477 2952; x_wconf 78' lang='lat' dir='ltr'>formalitatem</span> <span class='ocrx_word' id='word_1_258' title='bbox 1511 2908 1707 2964; x_wconf 78' lang='lat' dir='ltr'>peragit,</span> <span class='ocrx_word' id='word_1_259' title='bbox 1752 2921 1841 2963; x_wconf 89' lang='lat' dir='ltr'>qua</span> <span class='ocrx_word' id='word_1_260' title='bbox 1883 2907 2035 2962; x_wconf 89' lang='lat' dir='ltr'>posita</span> <span class='ocrx_word' id='word_1_261' title='bbox 2083 2907 2159 2950; x_wconf 79' lang='lat' dir='ltr'>lex</span> 
     </span>
     <span class='ocr_line' id='line_1_35' title="bbox 275 2981 2157 3039; baseline 0 -14"><span class='ocrx_word' id='word_1_262' title='bbox 275 2983 595 3037; x_wconf 87' lang='lat' dir='ltr'>nupturientes</span> <span class='ocrx_word' id='word_1_263' title='bbox 628 2987 681 3026; x_wconf 91' lang='lat' dir='ltr'>ut</span> <span class='ocrx_word' id='word_1_264' title='bbox 714 2983 948 3039; x_wconf 85' lang='lat' dir='ltr'>legitimos</span> <span class='ocrx_word' id='word_1_265' title='bbox 982 2983 1196 3039; x_wconf 90' lang='lat' dir='ltr'>coniuges</span> <span class='ocrx_word' id='word_1_266' title='bbox 1230 2983 1487 3027; x_wconf 88' lang='lat' dir='ltr'>considerat</span> <span class='ocrx_word' id='word_1_267' title='bbox 1520 2983 1673 3038; x_wconf 90' lang='lat' dir='ltr'>eisque</span> <span class='ocrx_word' id='word_1_268' title='bbox 1714 2982 1816 3026; x_wconf 88' lang='lat' dir='ltr'>iura</span> <span class='ocrx_word' id='word_1_269' title='bbox 1859 2981 2015 3026; x_wconf 81' lang='lat' dir='ltr'>civilia</span> <span class='ocrx_word' id='word_1_270' title='bbox 2061 2981 2157 3026; x_wconf 84' lang='lat' dir='ltr'>veri</span> 
     </span>
    </p>
   </div>
   <div class='ocr_carea' id='block_1_8' title="bbox 279 3130 2158 3557">
    <p class='ocr_par' dir='ltr' id='par_1_9' title="bbox 279 3130 2158 3249">
     <span class='ocr_line' id='line_1_36' title="bbox 432 3130 2158 3188; baseline 0 -14"><span class='ocrx_word' id='word_1_271' title='bbox 432 3130 464 3187; x_wconf 83' lang='lat'>¹)</span> <span class='ocrx_word' id='word_1_272' title='bbox 498 3131 565 3175; x_wconf 78' lang='lat' dir='ltr'>Cf.</span> <span class='ocrx_word' id='word_1_273' title='bbox 605 3133 836 3188; x_wconf 76' lang='lat' dir='ltr'>Gasparri</span> <span class='ocrx_word' id='word_1_274' title='bbox 866 3132 925 3175; x_wconf 88' lang='grc' dir='ltr'>ΙΙ.</span> <span class='ocrx_word' id='word_1_275' title='bbox 958 3147 1002 3175; x_wconf 90' lang='grc'>11.</span> <span class='ocrx_word' id='word_1_276' title='bbox 1047 3131 1178 3186; x_wconf 74' lang='lat'>1-230,</span> <span class='ocrx_word' id='word_1_277' title='bbox 1220 3132 1297 3188; x_wconf 89' lang='lat' dir='ltr'>qui</span> <span class='ocrx_word' id='word_1_278' title='bbox 1341 3145 1549 3188; x_wconf 86' lang='lat' dir='ltr'>premens</span> <span class='ocrx_word' id='word_1_279' title='bbox 1591 3131 1793 3187; x_wconf 75' lang='lat' dir='ltr'>vestigia</span> <span class='ocrx_word' id='word_1_280' title='bbox 1842 3131 2002 3175; x_wconf 78' lang='lat' dir='ltr'>Sancti</span> <span class='ocrx_word' id='word_1_281' title='bbox 2041 3132 2158 3175; x_wconf 88' lang='lat' dir='ltr'>hanc</span> 
     </span>
     <span class='ocr_line' id='line_1_37' title="bbox 279 3205 759 3249; baseline 0 0"><span class='ocrx_word' id='word_1_282' title='bbox 279 3205 555 3249; x_wconf 88' lang='lat' dir='ltr'>sententiam</span> <span class='ocrx_word' id='word_1_283' title='bbox 588 3210 759 3249; x_wconf 87' lang='lat' dir='ltr'>tuetur.</span> 
     </span>
    </p>

    <p class='ocr_par' dir='ltr' id='par_1_10' title="bbox 432 3278 983 3333">
     <span class='ocr_line' id='line_1_38' title="bbox 432 3278 983 3333; baseline 0 -10"><span class='ocrx_word' id='word_1_284' title='bbox 432 3278 462 3333; x_wconf 71' lang='lat'>²&gt;</span> <span class='ocrx_word' id='word_1_285' title='bbox 497 3281 683 3324; x_wconf 81' lang='lat' dir='ltr'>Ge&#39;m&#39;cot</span> <span class='ocrx_word' id='word_1_286' title='bbox 713 3281 773 3323; x_wconf 91' lang='lat' dir='ltr'>II.</span> <span class='ocrx_word' id='word_1_287' title='bbox 806 3295 849 3323; x_wconf 92' lang='lat' dir='ltr'>n.</span> <span class='ocrx_word' id='word_1_288' title='bbox 884 3282 983 3324; x_wconf 79' lang='lat'>508.</span> 
     </span>
    </p>

    <p class='ocr_par' dir='ltr' id='par_1_11' title="bbox 279 3353 2156 3473">
     <span class='ocr_line' id='line_1_39' title="bbox 427 3353 2156 3412; baseline 0 -14"><span class='ocrx_word' id='word_1_289' title='bbox 427 3353 461 3405; x_wconf 76' lang='lat'>3)</span> <span class='ocrx_word' id='word_1_290' title='bbox 495 3355 562 3398; x_wconf 73' lang='lat' dir='ltr'>Cf.</span> <span class='ocrx_word' id='word_1_291' title='bbox 600 3356 831 3412; x_wconf 74' lang='lat' dir='ltr'>Gasparri</span> <span class='ocrx_word' id='word_1_292' title='bbox 869 3356 927 3398; x_wconf 89' lang='grc' dir='ltr'>Π.</span> <span class='ocrx_word' id='word_1_293' title='bbox 974 3356 1103 3398; x_wconf 71' lang='lat'>1231.</span> <span class='ocrx_word' id='word_1_294' title='bbox 1170 3356 1353 3400; x_wconf 70' lang='lat' dir='ltr'>Ge&#39;nicot</span> <span class='ocrx_word' id='word_1_295' title='bbox 1407 3356 1467 3399; x_wconf 89' lang='lat' dir='ltr'>II.</span> <span class='ocrx_word' id='word_1_296' title='bbox 1520 3371 1564 3400; x_wconf 90' lang='grc'>11.</span> <span class='ocrx_word' id='word_1_297' title='bbox 1618 3356 1719 3400; x_wconf 68' lang='lat'>562.</span> <span class='ocrx_word' id='word_1_298' title='bbox 1783 3355 2044 3399; x_wconf 65' lang='lat' dir='ltr'>Lelemknltl</span> <span class='ocrx_word' id='word_1_299' title='bbox 2095 3355 2156 3399; x_wconf 91' lang='grc' dir='ltr'>ΙΙ.</span> 
     </span>
     <span class='ocr_line' id='line_1_40' title="bbox 279 3429 611 3473; baseline 0.003 -2"><span class='ocrx_word' id='word_1_300' title='bbox 279 3442 322 3472; x_wconf 89' lang='grc'>11.</span> <span class='ocrx_word' id='word_1_301' title='bbox 358 3429 457 3473; x_wconf 78' lang='grc'><strong>725.</strong></span> <span class='ocrx_word' id='word_1_302' title='bbox 490 3434 611 3473; x_wconf 90' lang='lat' dir='ltr'>nota.</span> 
     </span>
    </p>

    <p class='ocr_par' dir='ltr' id='par_1_12' title="bbox 427 3504 1346 3557">
     <span class='ocr_line' id='line_1_41' title="bbox 427 3504 1346 3557; baseline 0.001 -11"><span class='ocrx_word' id='word_1_303' title='bbox 427 3504 460 3557; x_wconf 75' lang='lat'>⁴)</span> <span class='ocrx_word' id='word_1_304' title='bbox 493 3504 979 3548; x_wconf 76' lang='lat' dir='ltr'>Ballerl&#39;m&#39;-Palmieri</span> <span class='ocrx_word' id='word_1_305' title='bbox 1008 3505 1080 3547; x_wconf 65' lang='lat' dir='ltr'>VI.</span> <span class='ocrx_word' id='word_1_306' title='bbox 1115 3519 1156 3548; x_wconf 90' lang='lat' dir='ltr'>n.</span> <span class='ocrx_word' id='word_1_307' title='bbox 1193 3506 1280 3549; x_wconf 76' lang='lat'>530</span> <span class='ocrx_word' id='word_1_308' title='bbox 1314 3518 1346 3548; x_wconf 84' lang='lat' dir='ltr'>S.</span> 
     </span>
    </p>
   </div>
  </div>
 </body>
</html>
