2269 3898
255 98 342 143 356
1109 93 1268 137 Index.

2035 228 2116 268 Pag

259 291 472 346 Quaestio
507 291 547 334 5.
610 290 678 333 De
709 287 906 344 peccatis
938 286 1135 331 internis
1224 319 1979 331 ...........
2043 286 2131 329 320

376 367 476 409 Art.
512 367 550 408 1.
615 364 682 407 De
716 361 952 406 desideriis
985 360 1140 417 pravis
1223 394 1980 406 ...........
2043 359 2127 402 321

378 442 477 483 Art.
512 439 552 481 2.
616 439 684 482 De
717 437 902 493 gaudiis
934 435 1089 492 pravis
1144 468 1978 478 ............
2044 433 2132 476 323

376 515 475 556 Art.
509 514 550 558 3.
614 513 682 556 De
716 510 1019 555 delectatione
1050 523 1228 553 morosa
1297 545 1979 554 ..........
2044 509 2130 552 326

259 588 473 642 Quaestio
511 588 552 633 6.
614 587 682 630 De
714 585 913 641 peccatis
945 583 1222 640 capitalibus
1298 620 1679 628 ......
1822 620 1829 628 .
1897 620 1904 628 .
1972 620 1979 627 .
2044 583 2130 626 327

376 664 475 706 Art.
510 664 550 707 1.
612 662 680 705 De
713 660 925 716 superbia
998 694 1979 706 ..............
2043 657 2132 701 328

375 738 476 780 Art.
508 736 549 779 2.
612 736 680 780 De
710 734 912 779 avaritia
995 768 1981 779 ..............
2045 731 2133 774 330

374 812 475 855 Art.
507 812 549 854 3.
612 810 680 854 De
710 809 889 853 invidia
923 842 1980 855 ...............
2045 806 2132 849 331

376 887 475 930 Art.
508 887 549 929 4.
613 886 679 928 De
712 885 824 941 gula
857 885 930 940 (de
962 883 1201 937 ebrietate)
1299 917 1306 927 .
1376 919 1383 927 .
1452 920 1458 926 .
1527 919 1533 927 .
1601 917 1608 926 .
1674 918 1681 926 .
1751 918 1757 925 .
1825 917 1832 926 .
1899 917 1906 925 .
1975 917 1982 925 .
2046 880 2132 924 332

377 963 476 1005 Art.
511 961 551 1004 5.
615 961 683 1004 De
713 960 784 1004 ira
848 990 1982 1005 ................
2046 955 2136 998 340

378 1037 477 1082 Art.
511 1037 551 1080 6.
615 1035 683 1079 De
715 1035 872 1079 acedia
918 1065 1981 1077 ...............
2046 1031 2131 1074 341

1009 1586 1380 1670 Corrigenda.

260 1767 372 1823 Pag.
435 1767 491 1810 32
553 1767 634 1810 lin.
668 1767 725 1810 28
758 1769 803 1809 et
837 1766 893 1808 29
927 1765 1144 1809 delendae
1177 1768 1298 1808 sunt.

306 1878 331 1897 „
404 1842 489 1885 119
552 1841 631 1885 lin.
665 1842 691 1884 5
724 1840 979 1884 necessaria
1011 1841 1113 1895 lege
1144 1839 1436 1884 necessariae.

306 1953 330 1970 ,‚
403 1916 488 1960 199
549 1916 620 1959 Ad
653 1930 697 1959 n.
732 1916 832 1958 178.
866 1915 907 1957 4.
941 1929 980 1958 a.
1024 1915 1283 1958 addendum
1319 1918 1410 1958 est:
1459 1915 1680 1957 Attamen
1713 1927 1802 1956 non
1836 1911 1981 1956 omnis
2014 1924 2136 1954 error

557 1991 754 2048 impedit
786 1991 1160 2035 consuetudinem
1197 1996 1355 2034 contra
1387 1991 1550 2045 legem.

937 2319 1007 2374 A.
1087 2321 1162 2374 Μ.
1245 2320 1307 2373 Ι).
1391 2318 1460 2373 Gr.
