2269 3898
600 1070 943 1149 Liber
1020 1072 1501 1150 tertius.

824 1237 902 1301 De
951 1236 1188 1319 legibus
1203 1235 1258 1317 1).

265 1414 359 1467 87.
405 1415 526 1466 Lex
571 1415 755 1465 vocari
786 1413 921 1465 solet
947 1416 1227 1465 actionum
1258 1415 1548 1466 moralium
1577 1416 1761 1485 requla
1787 1427 1987 1469 remota

115 1513 161 1554 et
202 1513 420 1555 coeterna
461 1514 513 1555 et
555 1505 894 1554 conscientia
937 1503 1235 1554 earundem
1289 1504 1472 1572 reyula
1518 1506 1773 1574 proxima
1824 1515 1871 1557 et
1910 1507 1985 1557 in-

115 1602 281 1646 terna.
365 1592 652 1662 Siquidem
713 1592 990 1643 moraliter
1048 1591 1224 1643 bonae
1279 1602 1406 1644 sunt
1457 1595 1723 1657 actiones,
1784 1594 1986 1663 quibus

114 1683 458 1751 assequimur
500 1682 665 1733 finem
709 1681 998 1747 ultimum3
1058 1700 1199 1751 quae
1241 1700 1370 1733 vero
1414 1683 1523 1733 sint
1563 1684 1824 1749 actiones,
1874 1685 1985 1753 qui-

116 1771 218 1823 bus
241 1790 602 1841 assequamur
631 1771 797 1822 finem
828 1770 1101 1837 ultimum,
1135 1771 1465 1822 determinat
1487 1771 1743 1823 voluntas
1773 1772 1982 1835 divina,

114 1879 254 1930 quae
296 1880 394 1930 per
433 1861 609 1931 legem
638 1861 889 1913 divinam
932 1861 1090 1913 nobis
1132 1863 1456 1927 innotescit3
1501 1862 1586 1913 Zeae
1629 1880 1755 1930 ergo
1800 1862 1985 1913 divina

116 1950 305 2020 dirigit
344 1953 588 2003 actiones
630 1959 843 2003 nostras
886 1953 942 2002 in
984 1953 1149 2003 finem
1193 1951 1465 2003 ultimum.
1524 1951 1631 2003 Sed
1673 1951 1764 2003 lex
1792 1951 1984 2003 divina

115 2041 359 2092 actiones
401 2051 613 2093 nostras
656 2041 892 2110 dirigere
935 2060 1042 2092 non
1087 2049 1279 2110 potest,
1330 2043 1435 2093 nisi
1478 2060 1574 2111 per
1615 2042 1986 2093 conscientiam

116 2127 275 2180 nobis
317 2131 624 2182 innotescat
662 2138 827 2200 atque
856 2130 927 2182 ad
957 2130 1202 2199 singulas
1230 2132 1474 2182 actiones
1517 2149 1613 2200 per
1653 2149 1774 2182 eam
1817 2130 1985 2200 appli-

118 2226 285 2272 cetur.
350 2219 487 2287 Legi
530 2238 656 2288 ergo
686 2220 910 2272 divinae
941 2228 993 2271 et
1019 2221 1391 2272 conscientiae
1419 2220 1750 2272 conformari
1782 2220 1986 2272 debent

116 2309 360 2360 actiones
401 2309 696 2376 humanae,
741 2318 800 2361 ut
841 2311 950 2361 sint
992 2310 1270 2362 moraliter
1310 2310 1504 2364 bonae.

873 2562 1228 2577 sm

725 2859 1067 2952 Quaestio
1117 2861 1383 2943 prima.

624 2997 733 3049 De
794 2998 1160 3050 natura
1220 2997 1480 3061 legis.

266 3157 361 3211 88.
420 3157 726 3211 Definitio,
809 3158 919 3209 Leoe
968 3177 1000 3209 a
1051 3177 1091 3209 s,
1140 3159 1339 3210 Thoma
1380 3157 1670 3209 definitur:
1714 3158 1989 3209 ordinatio

122 3247 353 3297 rationis
394 3246 464 3297 ad
507 3245 715 3298 bonum
754 3265 1046 3298 commune
1087 3247 1156 3298 ab
1200 3265 1279 3312 eo,
1323 3249 1417 3317 qui
1459 3264 1646 3298 curam
1690 3247 1992 3297 communi-

271 3395 302 3448 λ)
336 3394 382 3437 S.
425 3394 613 3436 Thomas
643 3394 680 3437 Ι.
713 3394 772 3437 ΙΙ.
807 3408 848 3449 q.
882 3394 1103 3438 90-108.
1167 3395 1214 3438 S.
1247 3395 1507 3451 Alphonsus
1548 3395 1577 3437 1.
1616 3396 1650 3439 1.
1690 3408 1733 3436 n.
1767 3394 1987 3439 99—208.

118 3467 315 3519 Saurea,
347 3468 415 3511 De
446 3467 640 3523 legibus,
674 3481 786 3523 opus
819 3468 1056 3512 classicum
1092 3470 1241 3513 decem
1275 3469 1404 3512 libris
1442 3472 1668 3511 constans,
1730 3468 1988 3524 Laymann,

116 3541 365 3596 Theologia
417 3541 601 3584 moralis
648 3542 678 3584 1.
715 3542 754 3584 1.
796 3546 854 3585 tr.
887 3543 929 3585 4.
997 3543 1183 3596 Heuter,
1230 3542 1480 3597 Theologia
1527 3541 1712 3585 moralis
1755 3555 1820 3597 pr.
1866 3543 1903 3584 1.
1941 3557 1986 3586 n.
