2269 3898
291 194 376 238 138
1018 189 1103 232 III.
1138 190 1205 233 De
1236 188 1428 244 legibus.

441 328 477 370 b.
512 327 721 369 Infantes
755 329 800 368 et
833 327 1052 379 perpetuo
1086 328 1291 366 amentes
1323 321 1503 377 legibus
1536 321 1749 366 ecclesiae
1780 335 1871 364 11011
1913 321 2168 377 subiacent,

290 403 395 457 quia
426 415 482 445 ne
507 399 808 444 habitualiter
840 398 1021 453 quidem
1070 397 1248 441 ratione
1294 401 1520 450 utuntur3
1574 396 1675 440 ideo
1728 396 1837 439 licet
1890 396 1954 440 eis
2007 395 2170 440 diebus

292 476 535 532 prohibitis
571 487 725 518 carnes
757 472 984 529 praebere.
1982 518 1986 521 ,

428 565 470 601 ‚a
505 551 736 604 Amentes,
771 548 847 603 qui
879 547 1037 593 lucida
1064 546 1312 589 intervalla
1334 546 1518 597 habent,
1552 545 1678 598 ebrii,
1715 545 1962 589 delirantes
1982 543 2163 600 legibus

292 625 504 668 ecclesiae
537 624 787 677 subiacent,
821 622 928 677 quia
960 620 1262 665 habitualiter
1292 621 1471 664 ratione
1502 624 1723 671 utuntur;
1773 619 1874 663 ideo
1921 633 2012 663 non
2057 618 2172 663 licet

287 698 350 742 eis
385 698 541 742 diebus
574 697 817 754 prohibitis
851 710 1006 740 carnes
1038 695 1270 751 praebere:
1306 694 1514 750 quamvis
1547 695 1669 739 enim
1703 694 1976 738 comedendo
2009 707 2164 737 carnes

285 773 542 816 formaliter
579 787 668 816 non
701 775 886 827 peccent
918 774 1105 826 propter
1154 771 1382 814 defectum
1430 768 1722 824 cognitionis,
1770 772 1959 823 peccant
2007 772 2163 811 tamen

287 847 604 902 materialiter,
638 847 744 902 quia
775 847 877 901 lege
909 849 1138 899 tenentur,
1187 858 1288 887 cum
1322 843 1625 887 habitualiter
1666 844 1762 886 sint
1807 843 2002 886 rationis
2050 855 2170 885 com-⁷

286 925 415 976 potes
448 926 494 964 et
527 922 671 964 solum
705 921 777 964 hic
810 924 855 963 et
891 933 1011 963 nunc
1044 919 1139 962 eius
1172 932 1258 961 usu
1291 921 1487 961 careant.
2214 914 2217 918 ⁴

437 1011 581 1061 Num
631 1010 881 1060 haeretici
938 1017 1218 1060 teneantur
1272 1007 1470 1076 Zeyibus
1519 1008 1782 1061 ecclesiae.
1825 1039 1896 1043 —
1936 1006 2165 1058 Nullum

287 1107 368 1151 est
409 1099 658 1164 dubium,
703 1101 837 1168 quin
879 1098 1162 1163 haeretici,
1207 1095 1565 1163 schismatici,
1622 1105 1906 1167 apostatae
1960 1115 2057 1166 per
2108 1114 2171 1147 se

285 1196 577 1240 teneantur
637 1187 854 1256 legibus
915 1186 1214 1239 ecclesiae:
1281 1205 1410 1238 nam
1470 1205 1570 1256 per
1630 1186 1972 1256 baptismum
2031 1186 2163 1238 facti

287 1286 413 1330 sunt
454 1277 718 1329 ecclesiae
761 1276 1002 1344 subditi3
1060 1295 1092 1327 a
1133 1287 1362 1345 peccato
1405 1283 1592 1328 tamen
1635 1275 1962 1346 plerumque
2003 1294 2163 1327 excu-

287 1376 491 1435 santur,
535 1369 664 1438 quia
705 1367 954 1437 plerique
997 1369 1255 1435 ignorant
1296 1384 1351 1417 se
1385 1367 1560 1417 teneri
1589 1365 1805 1435 legibus
1831 1364 2164 1432 ecelesiael).

435 1457 551 1501 Sunt
587 1461 742 1500 tamen
775 1461 996 1512 auctores,
1030 1456 1106 1511 qui
1141 1456 1390 1511 opinantur
1421 1455 1688 1511 haereticos,
1722 1456 1798 1511 qui
1832 1455 1881 1499 in
1909 1458 2034 1499 secta
2068 1454 2161 1498 iam

286 1546 312 1575 a
345 1532 481 1587 longo
515 1536 718 1587 tempore
762 1532 1016 1575 constituta
1062 1535 1329 1585 nascuntur,
1376 1529 1434 1573 iis
1480 1529 1661 1584 legibus
1707 1544 1799 1573 non
1846 1529 2007 1585 teneri,
2054 1542 2175 1584 quae>

286 1606 554 1650 immediate
587 1607 644 1650 ad
678 1606 1090 1650 sanctificationem
1124 1606 1303 1649 animae
1326 1606 1523 1648 tendant
1545 1609 1598 1648 ut
1620 1606 1694 1648 lex
1721 1605 1775 1648 de
1801 1604 2166 1648 sanctificatione
2233 1588 2240 1594 ’

286 1684 523 1736 festorum,
559 1682 612 1725 de
644 1681 835 1725 ieiunio:
882 1686 1067 1725 censent
1099 1681 1219 1724 enim
1255 1681 1489 1739 ecclesiam
1532 1681 1652 1724 nolle
1696 1693 1859 1735 urgere
1903 1680 1984 1723 has
2026 1680 2173 1734 leges,

288 1755 396 1810 quia
428 1757 511 1799 hoc
543 1756 693 1811 magis
726 1756 774 1799 in
809 1756 1166 1815 destructionem
1201 1769 1336 1810 quam
1371 1755 1743 1800 aedificationem
1778 1754 1979 1806 cederet3
2014 1758 2166 1796 tenen-

285 1838 362 1873 tur
395 1835 548 1874 autem
581 1830 776 1886 legibus,
811 1844 923 1885 quae
956 1831 1152 1874 tut-elam
1203 1829 1375 1873 ordinis
1424 1829 1595 1884 publici
1642 1829 1908 1884 intendunt,
1956 1833 2010 1872 ut
2057 1832 2170 1872 sunt

286 1906 409 1961 leges
445 1906 499 1949 de
514 1905 860 1961 impedimentis
893 1903 1237 1961 matrimonii2).
1270 1905 1340 1947 Ex
1372 1918 1421 1948 eo
1456 1909 1626 1959 tamen,
1661 1905 1780 1959 quod
1803 1903 2021 1958 haeretici
2044 1903 2168 1947 hisce

283 1980 462 2036 legibus
493 1995 583 2024 non
615 1984 874 2034 teneantur,
923 1994 1013 2023 non
1059 1980 1167 2023 licet
1214 1979 1383 2023 inferre
1430 1979 1667 2023 catholicis
1715 1979 1780 2022 eis
1827 1979 1982 2034 legum
2029 1978 2168 2022 viola-

283 2055 455 2099 tionem
489 2056 677 2099 suadere
725 2056 797 2099 vel
829 2055 1069 2110 iniungere
1102 2068 1256 2110 posse,
1306 2054 1414 2109 quia
1452 2054 1643 2098 eeclesia
1683 2068 1774 2097 non
1817 2053 2066 2109 permittit,
2109 2056 2164 2096 ut

285 2143 311 2174 a
344 2130 579 2173 catholicis
612 2131 670 2173 ad
704 2131 934 2186 agendum
969 2134 1127 2173 contra
1160 2130 1310 2185 legem
1343 2130 1638 2173 inducantur.

433 2206 550 2257 Iam
579 2207 875 2274 quaeritur,
921 2224 1029 2275 qua
1064 2207 1276 2257 ratione
1318 2203 1534 2273 legibus
1571 2204 1833 2256 humanis
1871 2212 2169 2255 teneantur

287 2316 335 2348 α,
367 2297 484 2364 ipse
519 2295 821 2363 Zeyislator;
864 2295 906 2348 b.
945 2297 1132 2365 pueri;
1175 2314 1213 2347 c.
1259 2294 1466 2358 cleric&
1509 2295 1557 2348 d.
1598 2293 1898 2363 requlares;
1942 2314 1994 2365 e..
2015 2310 2169 2364 pere-

283 2386 454 2453 9νὶ11ἱ,·
483 2384 536 2454 f.
580 2386 714 2454 vapsi.

432 2548 562 2603 120.
607 2549 692 2602 De
733 2548 1104 2615 legislatore.

435 2667 476 2696 α.
510 2654 693 2708 Duplex
725 2652 953 2708 imprimis
990 2652 1319 2710 distinguenda
1361 2656 1431 2696 est
1474 2653 1540 2696 cis
1581 2653 1721 2708 legis:
1754 2654 2049 2710 praeceptim
2094 2653 2167 2696 vel

287 2726 522 2780 directim,
557 2741 671 2782 quae
704 2727 851 2770 solum
885 2727 1064 2782 obligat
1096 2728 1154 2770 ad
1189 2728 1459 2771 servandam
1492 2729 1640 2783 legem
1675 2732 1721 2772 et
1753 2729 1810 2772 ad
1843 2728 2163 2772 incurrendam

295 2801 473 2855 culpam
523 2801 571 2844 in
608 2801 899 2856 conscientia,
934 2806 980 2845 et
1012 2802 1224 2855 coactiva,
1257 2816 1371 2857 quae
1404 2803 1543 2846 etiam
1578 2803 1754 2859 obligat
1787 2803 1844 2846 ab
1888 2802 2167 2846 subeundam

286 2887 476 2929 poenam
509 2875 557 2917 in
575 2880 934 2931 transgressores
967 2880 1210 2920 statutam.
1242 2877 1432 2932 Insuper
1463 2878 1533 2921 vis
1565 2878 1857 2934 praeceptiva
1879 2878 1971 2922 alia
1997 2877 2167 2921 dicitur

287 2948 478 3004 directa,
513 2949 550 2992 si
585 2950 806 3005 obligatio
841 2951 987 2995 oritur
1019 2965 1081 3003 ex>
1105 2951 1206 3007 ipsa
1238 2953 1340 3007 lege
1372 2957 1418 2996 et
1456 2953 1697 2997 voluntate
1739 2952 2034 3009 legislatoris,
2074 2951 2168 2995 alia

289 3023 528 3077 indirecta,
564 3023 601 3067 si
634 3024 707 3067 lex
741 3026 886 3068 solum
920 3029 988 3069 est
1023 3026 1208 3081 occasio,
1242 3040 1331 3081 qua
1362 3027 1515 3082 posita
1548 3027 1771 3083 obligatio
1804 3041 1859 3072 ex
1902 3027 1992 3071 alio
2036 3029 2172 3070 fonte

440 3187 472 3242 1)
506 3189 674 3231 Graeci
719 3189 931 3232 catholici
979 3189 1189 3245 ligantur
1237 3190 1419 3244 quidem
1470 3191 1816 3235 definitionibus
1865 3191 2077 3236 ecclesiae
2111 3191 2165 3235 de

289 3261 380 3304 fide
415 3266 460 3304 et
493 3261 708 3316 moribUS,
757 3263 834 3306 sed
881 3263 1059 3318 legibus
1109 3263 1494 3320 disciplinaribus,
1543 3267 1629 3310 etsi
1677 3265 2027 3321 universalibus,
2073 3278 2165 3308 non

293 3340 520 3390 tenentur,
555 3335 643 3379 nisi
678 3337 736 3379 ad
769 3336 892 3392 ipsos
926 3351 1101 3392 quoque
1133 3351 1341 3393 expresse
1375 3341 1695 3384 extendantur.

443 3409 476 3465 2)
511 3411 577 3453 Cf.
611 3411 759 3467 Mare,
791 3411 1119 3456 Institutiones
1153 3414 1346 3456 morales
1377 3414 1597 3469 Alphons.
1634 3416 1658 3457 7
1682 3416 1884 3471 (Romae.
1919 3415 2162 3471 Cuggiani.

289 3483 421 3538 1893)
456 3483 490 3525 Ι.
523 3499 566 3527 n.
604 3485 702 3528 198.
740 3486 937 3541 Ge'nicot,
969 3486 1110 3530 Casus
1143 3487 1446 3532 conscientiae
1473 3489 1684 3543 (Lovanii
1716 3489 1948 3533 Polleunis
1980 3493 2026 3533 et
2058 3490 2168 3534 Ceu-

285 3556 443 3601 terick.
481 3559 612 3613 1901)
646 3573 688 3614 p.
723 3560 794 3602 22.
