2269 3898
247 93 335 136 320
978 92 1056 135 VI.
1091 92 1158 135 De
1189 91 1403 147 peccatis,

397 229 447 282 3.
491 227 813 279 Periculum
867 225 975 277 leve
1026 227 1274 294 graviter
1327 226 1598 295 peccandi
1656 226 1758 277 sub
1800 227 1912 279 levi
1953 230 2135 280 vitare

247 326 529 383 tenemur3
575 335 744 386 quare
786 315 962 367 solum
1006 334 1069 367 ex
1109 314 1429 366 rationabili
1472 334 1640 367 causa
1681 317 1955 369 eiusmodi
1992 319 2130 387 peri·

247 406 432 458 culum
475 406 629 457 adire
658 405 804 456 licet.
848 403 1056 474 Aliqua
1085 406 1232 455 enim
1264 403 1612 455 deordinatio
1641 414 1832 458 contra
1860 408 2130 458 rationem

246 497 304 546 in
348 514 409 546 eo
453 495 706 559 habetur,
765 494 911 564 quod
970 496 1094 563 quis
1151 493 1361 563 absque
1415 512 1583 545 causa
1637 504 1805 564 ponat
1857 498 2131 548 actionem

245 583 518 652 inutilem,
563 602 805 654 quacum
848 585 1079 653 insuper
1121 584 1484 635 coniunctum
1527 591 1609 635 est
1661 585 1973 653 periculum
2014 604 2133 655 gra-

243 675 387 724 viter
429 675 716 743 peccandi.

394 777 435 806 ce.
469 764 591 806 Leve
635 763 886 818 periculum
930 762 1216 817 intelligitur
1260 776 1418 806 verum
1463 762 1680 817 peccandi
1723 763 1977 817 periculum
2021 763 2135 807 licet

242 852 451 893 parvum,
487 839 604 893 quod
637 838 686 881 in
730 838 917 893 speciali
962 837 1117 891 aliqua
1159 837 1339 880 ratione
1380 838 1628 880 fundatur:
1677 840 1810 880 tenne
1851 838 1972 881 enim
2018 837 2130 893 peri-

242 914 416 968 culum,
466 914 585 968 quod
632 913 868 956 moraliter
914 913 1093 955 nullum
1145 916 1213 955 est
1262 919 1310 955 et
1358 925 1507 955 merae
1555 912 1857 967 possibilitati
1913 913 2131 968 peccandi

241 988 583 1043 aequiparatur,
626 988 775 1031 vitare
818 1002 909 1031 non
951 992 1176 1041 tenemur,
1221 987 1327 1041 quia
1371 987 1595 1031 eiusmodi
1639 987 1916 1043 periculum,
1963 988 2134 1043 quippe

242 1064 360 1118 quod
403 1063 451 1106 in
492 1063 614 1106 omni
657 1065 751 1107 fere
800 1063 978 1106 actione
1021 1063 1223 1105 humana
1255 1062 1526 1117 reperiatur,
1559 1062 1708 1105 vitare
1740 1076 1831 1106 non
1865 1076 2133 1118 possumus;

240 1137 444 1192 alioquin
480 1138 757 1193 deberemus,
790 1141 843 1180 ut
877 1137 945 1180 ait
978 1138 1240 1192 Apostolus,
1276 1138 1329 1180 de
1362 1138 1445 1179 hoc
1477 1138 1647 1180 mundo
1682 1136 1855 1190 exires.

393 1214 428 1255 b.
465 1214 576 1256 Cum
618 1214 758 1256 etiam
800 1213 1052 1267 periculum
1098 1212 1357 1267 proximum
1387 1212 1637 1255 ‘venialiter
1669 1212 1887 1266 peccandi
1922 1211 2005 1255 sub
2037 1212 2130 1255 levi

240 1287 390 1330 vitare
423 1293 676 1342 teneamur,
710 1292 808 1331 tum
846 1288 899 1330 de
932 1288 1021 1331 levi
1056 1287 1257 1343 periculo
1292 1286 1500 1341 graviter
1532 1287 1749 1342 peccandi
1783 1292 1883 1330 tum
1910 1287 1963 1330 de
1995 1287 2129 1342 gravi

240 1362 440 1417 periculo
494 1362 741 1406 venialiter
794 1363 1010 1418 peccandi
1063 1362 1320 1405 notandum
1370 1366 1463 1417 est,
1514 1363 1634 1417 quod
1682 1362 1821 1405 habet
1869 1361 2134 1405 Lelzmlsnlel

237 1443 298 1492 (n.
331 1438 433 1481 486.
468 1437 571 1494 IV):
627 1438 702 1493 „Si
740 1437 873 1492 illud,
906 1439 1028 1481 unde
1061 1437 1312 1492 periculum
1348 1437 1509 1492 oritur,
1543 1437 1663 1480 act-io
1696 1437 1745 1480 in
1778 1449 1824 1480 se
1857 1438 2051 1480 honesta
2083 1441 2132 1480 et

238 1512 371 1556 utilis
406 1521 488 1568 est,
522 1527 577 1557 ex
609 1514 693 1558 hac
724 1513 826 1569 ipsa
860 1513 1067 1556 bonitate
1098 1513 1219 1556 ratio
1254 1512 1488 1556 sufficiens
1522 1513 1690 1568 agendi
1723 1513 1934 1567 habetur,
1973 1512 2043 1555 ita
2075 1516 2129 1554 ut

238 1586 356 1630 illud
389 1587 589 1642 aliquale
624 1588 875 1643 periculum
909 1602 999 1631 non
1034 1588 1276 1631 debeamus
1309 1588 1562 1642 attendere,
1607 1588 1684 1631 sed
1726 1587 1881 1643 potius
1914 1586 2130 1630 remediis

239 1662 464 1706 adhibitis
496 1678 576 1706 nos
610 1665 733 1719 ipsos
765 1663 1076 1719 praemunire:
1124 1663 1262 1707 aliter
1299 1663 1419 1706 enim
1453 1663 1719 1706 innumerae
1752 1662 1956 1706 actiones
1989 1661 2129 1705 utiles

239 1742 367 1781 metu
400 1739 616 1793 peccandi
650 1738 1031 1794 impedirenturf‘

390 1873 542 1917 Nota.
607 1874 731 1917 Haec
760 1873 1005 1928 'principia
1048 1873 1097 1916 in
1141 1876 1349 1916 tractatu
1392 1872 1447 1915 (le
1482 1871 1811 1916 occasionarz'is
1851 1870 2132 1927 applicanda,v

239 1951 388 2002 erunt,
432 1961 532 1991 cum
577 1948 749 1992 occasio
794 1948 970 2004 peccati
1013 1952 1182 1992 natura
1225 1961 1306 1991 sua
1340 1947 1591 2002 periculum
1624 1947 1842 2002 peccandi
1877 1946 2126 1990 cont-ineat.

239 2022 304 2064 Cf.
341 2021 396 2064 de
428 2024 734 2067 sacramentis
766 2038 808 2067 n.
843 2023 931 2066 406
966 2037 1023 2066 ss.

1005 2278 1011 2282 ‘-
1018 2276 1048 2287 ns‘
1063 2275 1361 2288 ns‘xrsxj'xsks'ms

840 2603 1187 2697 Quaestio
1239 2604 1523 2686 quinta.

775 2774 860 2826 De
902 2771 1212 2835 peccatis
1254 2770 1586 2824 internis.

389 2934 523 2987 293.
566 2934 875 2988 Notiones.
922 2935 967 2986 1.
1008 2932 1246 2984 Peccata
1287 2935 1507 2984 interna
1549 2951 1614 2983 ea
1657 2931 1936 2996 dicuntur,
1980 2949 2122 3001 quae

237 3021 414 3074 solum
456 3025 688 3074 internis
730 3025 949 3075 animae
1003 3023 1283 3092 potentiis,
1343 3033 1526 3073 mente
1584 3020 1795 3073 scilicet
1836 3029 1889 3072 et
1930 3020 2121 3072 volun-

235 3121 366 3174 tate,
408 3112 786 3182 perficiuntur.
829 3112 921 3164 Ad
962 3119 1071 3163 tres
1102 3111 1302 3163 classes
1331 3112 1518 3163 omnia
1546 3118 1911 3162 revocantur:
1955 3131 2003 3164 α.
2048 3110 2120 3162 ad

237 3202 592 3269 desiderium,
637 3203 680 3255 b.
726 3203 796 3254 ad
836 3201 1121 3272 gaudium,
1167 3223 1204 3254 c.
1247 3201 1317 3253 ad
1347 3200 1773 3253 delectationem
1814 3217 2116 3266 morosam3

237 3301 290 3342 et
332 3291 670 3343 desiderium
724 3294 949 3362 quidem
1003 3293 1076 3345 ad
1126 3311 1244 3343 rem
1298 3292 1559 3359 futuram,
1615 3292 1902 3361 gaudium,
1957 3297 2120 3360 prout

395 3471 421 3527 ¹)
455 3474 494 3515 1.
529 3472 626 3516 Cor.
661 3473 702 3527 ὅ,
737 3473 806 3516 10.
