2269 3898
736 95 802 138 De
835 98 1081 149 systemate
1113 96 1286 139 morali.
1849 97 1942 142 2:2ss

71 234 173 278 aut
214 227 281 277 (10
324 226 463 278 111310
506 229 815 279 necessario
859 228 1085 280 vitando
1129 232 1326 297 agitur.
1385 230 1571 281 Dubia
1600 232 1768 299 igitur
1796 233 1942 283 circa

76 318 328 367 actiones
382 317 666 385 ponendas
719 316 805 367 vel
864 318 1196 369 omittendas
1249 327 1376 370 sunt
1418 319 1654 388 duplicis
1706 322 1942 388 generis,

71 405 187 456 3113
215 407 522 473 respiciunt
550 407 811 470 actiones,
857 407 914 456 in
942 406 1141 475 quibus
1171 407 1236 458 de
1273 408 1386 459 sola
1426 408 1668 460 liceitate
1709 411 1943 460 actionis

78 496 274 562 agitur,
330 493 437 544 alia
489 496 750 560 actioneS,
806 496 859 545 in
921 496 1121 564 quibus
1176 498 1343 547 etiam
1400 497 1465 547 (10
1515 499 1712 549 effectu
1765 516 1944 549 neces-

79 584 220 636 sario
277 602 374 652 per
431 602 520 634 eas
575 582 875 635 obtinendo
932 584 1019 635 vel
1070 584 1136 636 (10
1179 585 1321 636 111310
1365 589 1672 637 necessario
1713 587 1940 638 vitando

78 673 274 740 agitur.

227 768 273 810 Si
308 768 496 811 dubium
530 773 612 821 est,
647 783 755 812 num
790 769 877 813 iste
910 770 1033 813 cibus
1057 770 1118 813 sit
1142 784 1256 825 caro,
1291 776 1334 814 et
1362 772 1549 826 proinde
1572 785 1680 814 num
1706 771 1777 814 die
1799 772 1944 814 vetito

69 841 208 884 illum
242 843 471 885 comedere
503 842 656 896 liceat,
688 844 743 886 de
787 845 880 886 sola
928 844 1134 887 liceitate
1176 845 1310 888 huius
1355 845 1547 888 actionis
1590 846 1834 900 quaeritur.
1900 846 1945 889 Si

79 916 265 958 dubium
300 920 383 970 est,
416 930 524 959 1111111
558 917 666 960 haec
699 918 892 961 materia
926 918 986 961 sit
1019 932 1150 973 aqua,
1185 922 1228 962 et
1278 919 1465 974 proinde
1507 933 1615 962 num
1660 919 1838 962 licitum
1885 919 1946 962 sit

73 990 124 1033 111
158 1004 209 1033 03
242 991 490 1045 baptizare,
522 1005 611 1034 non
645 992 789 1034 solum
826 993 878 1034 de
901 992 1105 1035 liceitate
1128 993 1262 1052 11111113
1286 992 1479 1036 actionis
1503 993 1673 1047 agitur,
1710 993 1787 1035 sed
1811 992 1945 1035 simul

79 1065 327 1120 quaeritur,
359 1079 467 1108 num
487 1066 730 1120 producere
752 1067 905 1109 valeat
929 1054 1159 1121 effectum,
1194 1067 1269 1121 qui
1294 1080 1372 1122 per
1395 1067 1673 1122 baptismum
1697 1067 1944 1110 necessario

71 1139 272 1182 ‘obtineri
308 1139 454 1193 debet,
488 1143 533 1182 et
565 1153 674 1182 num
708 1154 786 1194 per
819 1154 917 1184 eam
953 1145 1167 1184 caveatur
1199 1142 1386 1196 malum,
1431 1142 1548 1196 quod
1589 1141 1837 1184 necessario
1882 1155 1945 1184 ca-

80 1214 275 1256 vendum
311 1219 394 1268 est,
430 1214 645 1257 damnum
680 1214 871 1269 animae,
906 1216 1023 1268 quod
1057 1229 1110 1258 ex
1142 1216 1442 1259 frustratione
1475 1216 1745 1259 sacramenti
1789 1215 1945 1258 oritur.

73 1287 123 1330 Si
156 1288 343 1342 nescias,
376 1294 531 1331 utrum
565 1289 627 1343 id,
662 1289 779 1342 quod
812 1290 927 1332 latet
947 1289 994 1332 in
1027 1290 1224 1344 dumeto,
1257 1290 1317 1332 sit
1348 1291 1480 1333 homo
1503 1304 1560 1333 an
1577 1291 1673 1332 fera
1696 1294 1742 1332 et
1759 1287 1947 1343 proinde

76 1376 186 1404 num
219 1362 397 1405 licitum
433 1362 494 1405 sit
526 1362 573 1404 111
605 1363 722 1405 illud
756 1364 1008 1417 explodere,
1040 1378 1130 1406 non
1163 1364 1319 1418 agitur
1353 1365 1406 1407 de
1438 1365 1533 1407 sola
1563 1363 1767 1406 liceitate
1812 1362 1947 1405 huius

77 1436 286 1490 actionis,
321 1437 397 1479 sed
432 1436 567 1479 simul
602 1437 849 1491 quaeritur,
881 1452 990 1480 num
1025 1451 1104 1492 per
1136 1451 1234 1481 03111
1269 1445 1483 1481 caveatur
1505 1438 1674 1480 malum
1698 1436 1946 1479 necessario

75 1510 319 1553 vitandum
352 1524 515 1565 nempe
551 1510 711 1553 occisio
746 1511 956 1553 hominis.
1021 1512 1074 1554 In
1124 1511 1274 1555 dubiis
1323 1511 1584 1567 posterioris
1633 1511 1810 1566 generis
1857 1525 1948 1554 non

75 1591 173 1627 tam
213 1584 461 1639 quaeritur,
493 1598 601 1627 num
634 1584 764 1628 licita
798 1585 859 1628 sit
893 1585 1027 1639 actio,
1062 1586 1138 1628 sed
1172 1586 1339 1641 potius,
1380 1600 1489 1629 num
1523 1586 1641 1629 actio
1683 1586 1745 1629 sit
1785 1590 1944 1641 aptum

80 1659 281 1702 medium
318 1659 553 1702 obtinendi
588 1660 800 1702 effectum
834 1660 1154 1715 necessarium,
1187 1675 1295 1703 num
1320 1663 1416 1704 eius
1438 1660 1665 1716 positione
1688 1660 1799 1704 satis
1825 1673 1947 1703 cave-

72 1738 183 1777 atur
215 1735 387 1778 malum
420 1734 671 1778 necessario
705 1734 962 1777 vitandum.

226 1840 273 1890 2.
331 1840 675 1907 Principium
732 1837 1114 1907 probabilismi
1171 1839 1227 1889 in
1272 1838 1456 1889 dubiis
1513 1840 1658 1890 circa
1703 1841 1948 1890 actiones

74 1929 241 1996 primi
282 1930 518 1995 generis,
575 1946 685 1979 non
738 1936 923 1978 autem
967 1929 1023 1978 in
1067 1926 1252 1978 dubiis
1296 1928 1444 1978 circa
1485 1930 1731 1979 actiones
1773 1936 1940 1997 poste-

73 2018 235 2068 rioris
276 2018 493 2084 generis
537 2016 791 2068 adhiberi
835 2024 1038 2085 potest:
1097 2035 1223 2067 nam
1265 2018 1322 2067 in
1366 2016 1473 2068 illis
1516 2017 1687 2069 dubia
1729 2026 1811 2070 est
1851 2017 1946 2068 lex

76 2125 173 2157 seu
204 2105 485 2173 obligatio,
530 2106 585 2156 in
617 2105 702 2156 his
731 2124 861 2156 vero
904 2105 994 2156 lex
1036 2123 1131 2156 seu
1172 2105 1435 2174 obligatio
1479 2125 1588 2158 non
1631 2115 1711 2159 est
1753 2107 1940 2173 dubia,

74 2195 174 2246 sed
203 2197 426 2245 omnino
458 2203 605 2245 certa
645 2204 696 2245 et
738 2194 971 2263 proinde
998 2196 1141 2246 actio
1173 2195 1261 2246 vel
1303 2197 1524 2246 omissio
1569 2204 1711 2246 certe
1753 2195 1945 2246 illicita

74 2292 173 2335 aut
200 2293 344 2335 certe
371 2293 681 2352 praecepta.
739 2283 925 2336 Solum
955 2302 1082 2353 ergo
1114 2285 1170 2334 in
1202 2283 1308 2335 illis
1337 2283 1536 2350 dubiis,
1569 2285 1625 2335 in
1653 2285 1852 2354 quibus
1880 2284 1947 2336 (10

78 2373 363 2424 honestate
399 2375 633 2424 actionis
661 2375 859 2442 agitur,
905 2372 1033 2423 licet
1058 2375 1212 2442 sequi
1241 2374 1558 2442 opinionem
1586 2372 1945 2442 probabilem,

80 2465 210 2531 quia
253 2464 310 2512 in
352 2461 438 2512 his
480 2462 607 2513 solis
651 2461 821 2513 dubia
864 2470 943 2512 est
981 2461 1072 2512 lex
1115 2470 1168 2513 et
1208 2460 1487 2530 obligatio,
1546 2461 1684 2513 Cum
1727 2465 1784 2513 in
1826 2462 1947 2513 aliis

76 2550 264 2602 dubiis
294 2553 362 2602 sit
401 2561 548 2603 certa
578 2551 860 2619 obligatio,
904 2569 967 2602 ea
1005 2559 1280 2619 vagantur
1321 2559 1476 2602 extra
1518 2550 1788 2602 ambitum
1830 2569 1947 2618 pro-

80 2640 377 2707 babilismi,
435 2642 641 2710 quippe
694 2641 786 2709 qui
845 2648 1037 2709 suapte
1094 2648 1292 2691 natura
1351 2641 1496 2690 circa
1548 2639 1695 2707 leges
1746 2639 1945 2691 dubias

81 2738 346 2782 versetur.
427 2730 488 2781 In
547 2729 802 2781 omnibus
856 2747 982 2797 ergo
1040 2729 1240 2794 dubiis,
1300 2730 1357 2780 in
1414 2729 1614 2798 quibus
1655 2730 1838 2796 agitur
1881 2729 1946 2780 de

79 2819 189 2869 fine
231 2819 540 2870 necessario
571 2818 889 2886 obtinendo,
922 2818 1680 2888 parstrationeliaciqusscst,
1722 2826 1782 2869 ut
1821 2818 1948 2869 finis

80 2909 426 2959 necessarius
472 2915 616 2958 certo
660 2906 986 2960 obtineatur.

232 3003 307 3046 Sic
338 3003 386 3046 in
421 3003 639 3058 exemplis
680 3003 835 3047 allatis
877 3008 997 3046 certo
1037 3017 1126 3046 non
1166 3004 1273 3046 licet
1318 3003 1567 3058 baptizare,
1609 3003 1826 3058 quamdiu
1869 3004 1947 3046 du-

81 3078 204 3120 bium
240 3082 323 3132 est,
358 3092 415 3120 an
448 3078 641 3121 materia
665 3077 726 3121 sit
748 3091 881 3132 aqua,
915 3078 1020 3132 quia
1043 3077 1300 3131 baptismus
1323 3080 1443 3120 certo
1467 3077 1648 3120 validus
1671 3090 1766 3120 esse
1790 3077 1944 3127 debet;

78 3158 129 3197 et
161 3158 282 3195 certo
314 3165 403 3194 non
434 3151 542 3195 licet·
574 3153 825 3207 explodere,
859 3152 1076 3206 quamdiu
1110 3151 1296 3194 dubium
1331 3156 1414 3206 est,
1446 3165 1555 3194 num
1589 3151 1788 3206 explosio
1812 3151 1948 3194 cadat

78 3225 131 3269 in
163 3226 406 3281 hominem,
440 3227 546 3281 quia
578 3241 668 3269 11011
700 3226 808 3269 110οῖ
840 3226 1091 3281 periculum
1136 3225 1369 3269 occisionis
1416 3226 1650 3269 adducere.
1715 3226 1776 3268 Et
1816 3238 1944 3268 sane:

80 3300 161 3354 qui
193 3305 377 3344 tenetur
409 3301 467 3343 ad
500 3301 651 3355 finem,
699 3304 883 3344 tenetur
923 3301 1060 3343 etiam
1105 3300 1318 3344 adhibere
1359 3300 1523 3355 media,
1566 3313 1644 3355 per
1686 3313 1798 3354 quae
1841 3299 1948 3342 finis

83 3378 205 3418 certo
239 3374 515 3427 obtineatur,
549 3383 596 3418 et
629 3375 704 3429 qui
737 3374 944 3417 absolute
991 3388 1148 3418 cavere
1196 3375 1329 3418 debet
1375 3375 1561 3429 malum,
1604 3385 1759 3417 cavere
1815 3372 1946 3416 debet

80 3448 223 3492 etiam
257 3449 496 3504 actionem,
529 3463 616 3504 qua
648 3449 757 3492 mali
790 3448 1040 3503 periculum
1073 3449 1341 3492 adducatur.
