2269 3898
319 182 339 221 1
351 181 404 223 70
1059 178 1126 221 De
1158 178 1462 221 matrimonio.

469 314 606 357 Ritus
640 311 1008 365 matrimonialis,
1053 311 1130 365 qui
1174 310 1368 354 habet-ur
1409 311 1457 354 in
1503 311 1682 355 Rituali
1725 313 1962 368 romano¹)‚
2003 328 2091 374 non
2125 318 2202 357 est⁴

322 389 653 444 praeceptivus,
703 399 839 441 quare
873 385 1102 428 observari
1137 391 1330 440 possunt
1361 385 1615 429 laudabiles
1648 387 1985 441 provinciarum
2019 401 2195 432 consue-

322 462 504 506 tudines
537 463 669 505 iuxta
702 460 893 504 ritualia
927 457 1243 514 dioecesana2).

471 572 517 604 ce.
577 551 855 622 Copulatio
911 569 1005 601 seu
1060 551 1376 600 coniunctio
1431 567 1756 618 sponsorum
1813 569 1910 620 per
1965 571 2020 603 se
2075 552 2193 604 fieri

322 640 485 692 debet
540 640 761 710 publice
813 641 871 691 in
925 636 1222 705 ecclesiass),
1279 641 1336 689 in
1391 640 1641 690 oratoriis
1693 639 1783 691 vel
1831 641 1887 692 in
1939 640 2201 692 domibus

320 732 551 800 privatis
594 729 768 782 solum
814 729 883 782 de
923 729 1149 781 licentia
1191 730 1436 798 episcopi
1479 729 1595 780 fieri
1636 738 1829 798 potest.

470 835 515 888 b.
557 834 841 887 Parochus
883 841 1179 903 utrumque
1222 832 1640 884 contrahentem
1680 835 2006 902 interroyare
2036 833 2205 885 debet

322 925 389 976 de
432 943 718 990 consensu,
772 932 831 974 ut
877 931 1041 974 testes
1085 922 1153 974 de
1195 930 1476 974 contracto
1519 923 1872 974 matrimonio
1914 922 2080 974 fidem
2122 922 2196 974 fa-

321 1033 444 1065 cere
485 1015 710 1084 possint.
791 1013 1246 1081 Interrogationis
1288 1013 1510 1063 omissio
1554 1011 1789 1063 venialis
1831 1021 1927 1065 est.

469 1139 509 1170 0.
558 1117 843 1170 Intellecto
896 1135 1166 1169 consensu
1209 1133 1436 1185 sponsos
1479 1116 1739 1186 copulare
1782 1116 1945 1168 debet
1985 1116 2071 1167 his
2112 1116 2200 1168 vel

321 1207 593 1260 similibus
631 1207 817 1259 verbis
861 1208 1016 1258 iuxta
1057 1214 1340 1275 receptum
1383 1207 1706 1275 provinciae
1749 1224 1938 1257 usum:
1982 1226 2070 1276 eqo
2111 1225 2202 1258 vos

321 1300 375 1349 in
440 1298 830 1349 matrimonium
893 1298 1147 1366 coniunyo
1212 1298 1267 1347 in
1321 1297 1531 1347 nomine
1590 1297 1650 1348 P.
1710 1305 1758 1346 ct
1809 1297 1869 1348 F.
1925 1306 1973 1348 et
2022 1295 2113 1366 Sp.
2159 1315 2199 1348 8.

324 1387 534 1438 Horum
579 1388 801 1438 omissio
845 1387 1049 1455 pariter
1091 1385 1311 1437 veniale
1351 1403 1462 1436 non
1505 1385 1741 1438 excedit.

471 1491 736 1534 Benedictio
771 1490 964 1545 annulli,
999 1504 1112 1546 quae
1146 1495 1215 1533 est
1249 1490 1592 1544 sacramentale,
1624 1504 1715 1532 non
1748 1497 1816 1533 est
1851 1490 2120 1533 omittenda.

472 1671 600 1726 160.
643 1671 876 1722 Peracta
914 1669 1264 1739 copulatione
1295 1672 1525 1740 sponsis,
1570 1671 1614 1721 si
1651 1669 1791 1721 nihil
1818 1669 2015 1736 obstat,
2058 1670 2203 1722 bene-

322 1760 601 1813 dictionem
641 1758 936 1830 nuptialem
977 1760 1248 1828 impertiri
1292 1759 1468 1812 debet.

472 1885 521 1917 a.
562 1864 888 1916 Benedictio
933 1863 1214 1933 nuptialiS,
1271 1863 1364 1915 ubi
1421 1882 1490 1915 ex
1544 1865 1882 1934 praescripto
1938 1863 2204 1917 ecclesiae

322 1955 467 2023 licet,
512 1973 727 2025 semper
770 1954 1128 2007 concedenda
1170 1962 1265 2016 est,
1327 1955 1371 2006 si
1414 1972 1616 2024 sponsa
1658 1972 1778 2006 eam
1821 1954 2068 2006 nondum
2111 1973 2203 2006 ac-

322 2047 483 2114 cepit,
543 2047 661 2097 sive
711 2044 850 2097 haec
891 2047 1048 2113 virgo
1101 2046 1217 2096 sive
1259 2044 1432 2096 vidua
1481 2046 1599 2096 sive
1642 2044 1907 2096 deflorata
1949 2053 2044 2108 est,
2101 2045 2205 2095 etsi

324 2153 556 2204 sponsus
600 2137 669 2187 sit
709 2135 915 2187 viduus
959 2143 1011 2186 et
1053 2135 1501 2187 benedictionem
1544 2137 1653 2187 iam
1699 2134 1866 2186 semel
1907 2135 2205 2204 acceperit.

471 2241 514 2294 b.
570 2239 894 2292 Benedictio
949 2240 1215 2311 nuptialis
1270 2239 1630 2292 concedenda
1691 2257 1801 2291 non
1858 2248 1940 2291 est
1997 2240 2054 2290 in
2115 2238 2205 2290 his-

323 2329 571 2382 casibus:

470 2453 520 2488 α.
570 2433 627 2487 Si
664 2454 866 2504 sponsa
894 2434 1067 2486 vidua
1109 2442 1191 2486 est
1232 2442 1283 2486 et
1326 2434 1774 2487 benedictionem
1817 2436 1928 2486 iam
1969 2434 2204 2503 accepit.

473 2542 521 2611 β.
567 2539 625 2591 Si
678 2542 904 2610 nuptiae
958 2548 1205 2610 tempore
1261 2539 1470 2606 claus0,
1527 2541 1627 2592 etsi
1683 2540 2035 2609 permittente
2088 2539 2200 2608 epi-

321 2647 501 2700 scopO,
547 2629 911 2685 celebrantur.

468 2753 518 2800 γ.
566 2733 623 2786 Si
675 2737 1090 2788 matrimonium
1143 2736 1400 2802 mixtum,
1455 2734 1555 2786 etsi
1610 2752 1736 2786 cum
1789 2733 2208 2803 dispensatione·

321 2827 520 2877 summi
563 2825 858 2895 pontificiS,
902 2824 1264 2879 contrahitur.
1359 2843 1378 2861 ·

470 2949 509 2983 0.
554 2930 726 2982 Missa
780 2932 972 2982 votiva
1026 2948 1123 3000 pro
1178 2931 1393 2999 sponsis
1448 2929 1624 2982 solum
1675 2936 1899 2999 propter
1939 2928 2205 2981 benedic--

320 3019 528 3070 tionem
570 3019 876 3089 nuptialem
913 3020 1024 3072 dici
1061 3028 1256 3090 potest,
1293 3038 1462 3090 quare
1491 3019 1629 3071 haec
1658 3021 1823 3071 missa
1853 3018 1963 3070 dici
1991 3019 2205 3089 nequit,

322 3107 418 3159 ubi
476 3107 794 3161 benedictio
852 3127 963 3160 non
1026 3109 1365 3176 conceditur,
1425 3111 1526 3161 etsi
1581 3128 1678 3179 per
1731 3108 1983 3161 rubricas
2036 3110 2208 3160 missa

321 3199 512 3249 votiva
555 3198 664 3249 dici
708 3207 905 3266 posset.

477 3406 505 3461 Ἀ)
537 3407 724 3450 Bitnale
756 3420 867 3450 rom.
902 3407 977 3451 tit.
1016 3409 1054 3451 7.
1088 3422 1121 3451 c.
1158 3409 1199 3453 2.

470 3479 503 3534 ²)
540 3482 784 3524 Concilium·
817 3482 925 3525 trid.
960 3495 1066 3526 sess.
1101 3483 1172 3525 24.
1207 3496 1242 3526 c.
1279 3483 1316 3525 1.
1360 3483 1428 3526 De
1459 3484 1640 3526 reform.
1676 3487 1810 3526 matr.

474 3554 505 3609 3)
537 3556 731 3599 Constit.
766 3556 1002 3600 Benedicti
1037 3557 1157 3600 XIV.
1196 3557 1323 3600 Satz's
1356 3558 1489 3600 cobis.
