2269 3898
282 61 371 104 342
516 119 520 124 ’
1006 37 1081 99 VI.
1116 57 1182 100 De
1214 56 1424 112 peccatis.

435 194 484 246 2.
529 191 742 243 Accdia
796 189 1048 260 specialis
1101 197 1181 240 est
1234 196 1520 258 peccatum
1578 208 1641 240 eoe
1691 198 1795 241 toto
1835 209 2018 260 qenere
2058 209 2159 242 suo

291 280 527 347 mortale,
571 281 700 349 quia
742 279 948 330 directe
973 285 1246 346 repugnat
1273 277 1487 328 caritati
1530 277 1771 342 divinae,
1814 296 1845 328 a
1886 295 1994 346 qua
2034 296 2154 329 ace-

292 371 477 422 diosus
533 369 599 420 ob
642 368 885 419 taedium
940 365 1144 418 laboris
1197 366 1251 417 in
1304 384 1367 417 ea
1424 365 1805 417 conservanda
1858 367 2156 417 necessarii·

289 458 512 510 recedit.
594 457 857 508 Attamen
919 455 1152 507 venialis
1214 473 1328 505 esse
1381 462 1559 523 potest
1613 473 1682 505 ex
1738 454 2160 523 imperfectione·

289 555 460 599 actus,
543 545 801 598 Ceterum
844 545 980 596 haec
1021 545 1258 613 pessima
1292 543 1485 594 acedia
1525 560 1636 594 non
1676 542 1812 594 adeo
1841 543 2163 613 frequenter

285 635 658 688 committitur.

435 723 634 778 Iuvenis,
668 722 744 777 qui
777 735 826 765 eo
860 721 1090 775 tristatur,
1124 720 1243 775 quod
1275 720 1456 776 cogitur
1496 734 1630 776 opera
1680 720 1935 763 devotionis
1975 724 2021 763 et
2068 720 2161 763 vir·

288 802 442 840 tutum
477 810 705 852 peragere,
739 809 853 852 quae
883 810 973 839 non
1006 800 1114 839 sunt
1145 794 1440 850 praescripta,
1482 809 1572 839 non
1621 794 1872 838 committit
1919 798 2153 849 peccatum

290 871 483 926 speciale
515 872 696 915 acediae
737 885 818 915 nec
864 871 1070 926 graviter
1102 873 1278 924 peccat;
1327 869 1532 925 graviter
1564 873 1718 913 autem
1767 872 1925 924 peccat
1971 871 2163 923 peccato-

289 945 473 1000 speciali
507 946 702 1000 acediae,
736 945 812 1000 qui
847 946 1078 999 tristatur,
1112 944 1230 999 quod
1262 948 1492 988 aeternam
1526 944 1858 988 beatitudinem
1893 956 1972 998 per
2015 942 2156 986 obser-

287 1018 518 1062 vationem
554 1020 873 1062 mandatorum
908 1019 993 1062 sibi
1039 1031 1298 1074 comparare
1331 1018 1505 1072 debeat,
1555 1019 1671 1072 quod
1703 1019 1841 1062 fidem
1886 1017 2160 1061 catholicam

288 1094 344 1136 ad
378 1099 619 1147 praecepta
653 1093 864 1136 difficilia
897 1093 1176 1148 obligantem
1211 1093 1488 1148 cognoverit.

437 1181 486 1233 3.
531 1182 870 1251 Praecipuae
912 1184 1029 1233 eius
1067 1181 1211 1244 filiae
1252 1188 1613 1233 numerantur
1653 1182 1927 1250 quinque:

439 1284 479 1313 a.
516 1270 713 1324 Malitia,
760 1285 848 1326 qua
896 1270 995 1326 quis
1040 1271 1140 1314 odio
1188 1270 1326 1314 habet
1373 1269 1489 1314 bona
1535 1269 1796 1325 spiritualia
1843 1273 1888 1313 et
1934 1269 2073 1313 vellet
2108 1282 2167 1312 ea

290 1359 380 1388 non
413 1358 520 1389 esse.

441 1420 477 1465 b.
513 1420 715 1473 Bancor,
749 1434 834 1475 quo
866 1420 900 1463 ii
933 1419 1124 1463 fastidio
1158 1423 1280 1474 sunt,
1314 1418 1390 1473 qui
1424 1419 1481 1462 ad
1514 1417 1780 1473 spiritualia
1811 1417 2051 1461 inducunt.

439 1509 472 1537 e.
507 1495 782 1550 Desperatio
817 1495 870 1538 de
903 1495 1064 1540 salut-e.

440 1568 481 1613 d.
522 1569 707 1625 Torpor,
740 1582 825 1624 quo
859 1569 974 1612 bona
1006 1582 1097 1611 non
1130 1581 1229 1611 cum
1265 1567 1416 1610 debito
1449 1569 1625 1611 fervore
1659 1568 1793 1610 fiunt.

440 1657 474 1685 e.
510 1643 735 1699 Evayatz'o
779 1644 957 1695 mentis,
1007 1656 1094 1696 qua
1143 1641 1243 1696 quis
1289 1640 1337 1684 in
1386 1641 1599 1685 exercitio
1648 1655 1794 1685 rerum
1847 1639 2160 1695 spiritualium

288 1722 512 1773 evagatur
545 1717 661 1762 circa
692 1717 871 1761 illicita.

1050 2352 1312 2366 -43-0—0—0*
1326 2357 1399 2359 ᾉ-ᾁ-
