2269 3898
677 187 742 229 De
774 187 951 230 actibus
986 189 1422 243 supernaturalibus.
1920 194 1978 235 91

110 323 234 373 runt,
267 319 399 361 modo
422 319 678 362 voluntatis
711 321 876 363 efficax
909 321 1192 376 propositum
1227 323 1470 366 habuerint
1503 328 1735 378 peccatum
1773 326 1880 369 data
1910 340 1980 381 op-

110 392 396 446 portunitate
429 392 683 446 complendi
695 393 735 447 ¹).

259 482 296 524 b.
332 481 500 534 Quodsi
533 484 796 525 affirmatur
827 497 906 538 per
939 498 983 527 se
1006 485 1099 528 Deo
1133 499 1271 539 aeque
1305 488 1479 541 placere
1514 488 1673 531 bonam
1694 489 1978 532 voluntatem

109 559 153 598 et
203 555 475 599 desiderium
524 556 700 610 aliquid
743 558 1006 613 exequendi,
1055 573 1105 602 ac
1146 560 1183 602 si
1225 574 1356 614 opere
1395 563 1570 604 factum
1596 562 1776 617 fuisset,
1809 562 1857 605 id
1889 576 1977 606 non

108 630 231 672 valet
266 644 305 671 α.
341 630 395 672 de
428 629 656 672 desiderio
689 630 917 687 inefficaci
947 645 982 675 e.
1018 646 1061 687 g.
1097 634 1345 688 exequendi
1380 648 1669 690 quaecunque
1702 637 1978 680 missionarii

107 703 155 746 in
187 710 286 747 toto
320 704 422 747 orbe
454 708 695 759 peragunt.
759 706 1034 749 Huiusmodi
1085 708 1296 751 desiderii
1346 709 1559 751 meritum
1605 724 1629 752 a
1677 711 1974 765 dispositione

107 777 232 821 illius
267 778 505 833 dependet,
540 778 617 832 qui
649 778 766 821 illud
799 780 938 824 elicit.
981 781 1071 824 Nec
1105 783 1229 824 valet-
1266 784 1303 831 β.
1341 783 1392 825 de
1428 783 1649 826 desiderio
1672 784 1779 827 licet
1804 786 1977 828 efficaci

107 852 290 896 illarum
338 852 569 895 actionum
615 858 920 909 externarum,
970 855 1132 910 quibus
1173 869 1227 899 ex
1271 856 1568 900 institutione
1612 857 1694 900 Dei
1737 859 1977 912 peculiaris

108 926 313 969 efficacia
346 926 571 981 convenit,
608 933 663 970 ut
697 934 804 970 sunt
838 935 1120 973 sacramenta
1153 931 1224 974 vel
1258 931 1544 985 martyrium.

257 1019 306 1071 3.
350 1018 617 1070 Attamen
661 1037 770 1070 non
814 1028 1047 1088 negatur
1084 1029 1268 1071 actum
1300 1030 1588 1072 externum
1612 1040 1711 1090 per
1740 1023 1981 1097 accidfns

106 1125 307 1175 augere
360 1108 667 1160 bonitatem
726 1109 814 1160 vel
870 1109 1139 1161 malitiam
1188 1100 1447 1179 (ideoque
1496 1099 1667 1162 ¹etiam
1726 1113 1979 1163 meritum

107 1188 201 1247 vel
237 1196 589 1263 demeritum)
634 1206 789 1249 actus
839 1199 1062 1265 interni,
1119 1200 1285 1268 idque
1340 1199 1650 1269 tripliciter,
1707 1209 1980 1270 quatenus

106 1287 369 1338 nimirum
398 1305 534 1355 opus
564 1296 852 1339 externum
885 1288 1070 1354 efficit,
1114 1298 1174 1340 ut
1214 1298 1370 1340 actus
1401 1291 1650 1341 internus
1681 1289 1981 1343 voluntatis

106 1376 201 1426 fiat
241 1377 507 1427 intensior
549 1385 601 1428 et
642 1377 972 1441 diuturnior,
1018 1378 1106 1429 vel
1162 1389 1221 1430 ut
1276 1381 1497 1448 saepius
1554 1389 1848 1449 repetatur,
1895 1381 1979 1432 vel

1311 1459 1503 1478 W

106 1460 530 1535 quatenfiss'“pe1·
570 1456 755 1517 actum
798 1476 1089 1518 externum
1133 1464 1350 1518 accedit
1390 1458 1599 1521 boniim
1643 1470 1730 1520 vel
1773 1469 1979 1521 malum

110 1555 445 1624 exemplum,
489 1555 801 1607 aedificatio
847 1556 934 1606 vel
978 1557 1300 1608 scandalum
1346 1559 1602 1626 proximi.

252 1660 395 1702 Actus
439 1663 648 1703 externos
691 1659 739 1702 in
771 1673 818 1703 re
851 1660 1011 1703 morali
1058 1660 1223 1703 summi
1268 1674 1361 1704 esse
1396 1662 1614 1704 momenti
1657 1676 1711 1705 ex
1743 1663 1801 1706 iis
1835 1667 1979 1718 patet,

104 1733 266 1788 quibus
300 1733 514 1777 scotistae
549 1734 857 1777 demonstrare
891 1742 1112 1777 conantur
1150 1735 1327 1778 actibus
1371 1736 1571 1779 externis
1616 1750 1694 1791 per
1727 1751 1772 1781 se
1805 1738 1979 1781 morali-

103 1813 246 1852 tatem
282 1808 519 1852 convenire
554 1808 820 1851 distinctam
863 1808 918 1852 ab
960 1809 1138 1852 actibus
1170 1809 1384 1860 internis;
1437 1810 1632 1854 scilicet:
1669 1826 1709 1854 a.
1746 1816 1874 1855 actus
1908 1826 1977 1856 ex-

103 1883 222 1926 terni
266 1887 373 1926 sunt
414 1883 637 1926 obiectum
681 1884 927 1938 praecepti,
977 1884 1040 1926 sic
1083 1884 1316 1927 distinctis
1365 1885 1618 1940 praeceptis
1669 1886 1717 1929 in
1766 1887 1978 1942 decalogo

103 1957 400 2013 prohibentur
431 1959 552 2001 mala
586 1958 808 2001 desideria
841 1963 885 2002 et
920 1963 1048 2001 actus
1082 1959 1214 2009 mali;
1251 1959 1287 2001 l).
1320 1973 1410 2002 non
1429 1960 1573 2003 solum
1598 1961 1645 2003 in
1669 1961 1978 2016 sacramentis,

104 2033 180 2076 sed
215 2032 353 2076 etiam
386 2032 435 2075 in
456 2032 764 2088 indulgentiis
788 2041 834 2076 et
858 2033 905 2076 in
930 2033 1148 2086 martyrio
1174 2035 1394 2089 efficacia,
1429 2048 1564 2089 quam
1592 2035 1637 2077 hi
1662 2041 1791 2079 actus
1809 2035 1976 2079 habent

103 2121 156 2150 ex
191 2121 320 2162 opere
353 2115 552 2162 operato,
585 2121 764 2151 annexa
796 2115 865 2150 est
908 2107 1086 2150 actibus
1132 2108 1355 2159 externis;
1413 2123 1446 2152 e.
1492 2109 1540 2152 in
1575 2110 1854 2153 confessione
1885 2124 1974 2153 non

104 2182 247 2225 solum
282 2191 410 2225 actus
442 2181 627 2235 interni,
662 2182 738 2224 sed
773 2182 911 2225 etiam
947 2182 1122 2225 externi
1158 2183 1376 2226 declarari
1413 2183 1590 2226 debent.

718 2762 1066 2855 Quaestio
1115 2763 1363 2831 tertia.

450 2930 539 2982 De
582 2929 863 2982 actibus
909 2927 1647 2993 supernaturalibus2).

257 3103 350 3157 78.
392 3104 866 3159 Declarationes.
914 3107 959 3158 1.
992 3104 1170 3176 Actus
1201 3107 1449 3172 humani,
1481 3105 1684 3175 quibus
1713 3107 1782 3157 ad
1811 3107 1975 3157 finem

105 3192 583 3261 supernaturalem
613 3196 761 3245 vitae
788 3203 1044 3246 aeternae
1081 3198 1489 3264 perveniamus,
1534 3195 1977 3265 supernaturales

262 3402 289 3429 *Ὗ
320 3402 486 3446 Matth.
521 3402 562 3455 5,
596 3402 665 3445 28.

255 3431 289 3526 ²]
322 3476 388 3522 Cf.
423 3475 470 3518 S.
498 3475 704 3531 Thomas,
735 3477 802 3520 De
834 3477 1030 3520 veritate
1065 3491 1104 3532 q.
1129 3478 1198 3519 14.
1235 3477 1432 3529 Selcmid,
1466 3477 1550 3520 Die
1582 3476 1974 3521 Uebernattirlich-

103 3549 200 3592 keit
250 3550 328 3593 der
370 3549 703 3594 menschlichen
746 3551 1026 3594 Heilswerke
1079 3551 1364 3606 <Zeitschrift
1406 3552 1439 3592 f.
1481 3550 1608 3593 kath.
1660 3550 1813 3593 Theol.
1860 3552 1975 3595 1888
