2269 3898
276 126 366 169 280
985 125 1038 167 V.
1073 125 1141 167 De
1173 124 1440 167 virtutibus.

276 267 457 330 patet:
500 261 617 311 sine
660 258 845 310 dolore
888 259 1034 309 enim
1079 277 1186 309 non
1233 258 1558 310 conceditur
1599 260 1766 310 venia
1807 267 2162 329 peccatorum

276 370 344 402 ne
388 349 611 419 quidem
656 367 753 417 per
795 357 1142 399 sacramenta
1183 348 1447 417 baptismi
1506 357 1558 399 et
1610 351 2005 418 poenitentiae,
2061 351 2161 401 etsi

276 440 452 509 primo
497 446 549 489 et
589 456 686 507 per
726 456 782 488 se
825 437 894 488 ad
939 436 1176 489 delenda
1217 446 1447 507 peccata
1489 439 1742 489 instituta
1784 439 1909 501 sint,
1954 438 2161 489 nedum

275 546 403 596 ergo
445 546 544 597 per
583 528 927 596 martyrium.

427 632 472 684 b.
524 632 649 692 Non
704 633 910 703 requiri
963 633 1352 683 contritionem
1411 631 1718 701 perfectam
1773 631 1870 683 sed
1911 632 2163 684 sufficere

274 723 612 774 attritionem
669 741 739 774 ex
797 741 865 774 eo
922 721 1216 790 colligitur,
1274 721 1421 791 quod
1479 722 1708 772 effectus
1751 723 2005 790 martyrii
2047 740 2160 773 non

274 810 551 863 habentur
592 831 661 863 ex
703 830 868 882 opere
922 813 1218 881 operantiS,
1279 810 1374 862 sed
1428 829 1496 862 ex
1539 829 1703 880 opere
1743 818 1965 880 operato
2021 813 2164 862 sicut

275 903 332 953 in
374 901 681 971 baptismog
727 902 822 954 sed
863 910 924 954 ut
965 901 1275 971 baptismus
1316 901 1588 971 producat
1629 901 1915 967 iustitiam,
1960 900 2166 952 sufficit

276 992 561 1062 dispositio
605 993 931 1056 attritionis,
977 1009 1104 1059 ergo
1150 990 1355 1042 sufficit
1396 991 1564 1041 etiam
1607 992 1662 1041 in
1706 991 1990 1058 martyrio,
2070 990 2164 1041 In-

273 1100 436 1150 super
478 1083 521 1133 si
565 1083 770 1133 attritio
813 1100 922 1133 non
951 1081 1247 1146 sufficeret,
1293 1099 1578 1150 nunquam
1610 1081 1937 1148 martyrium
1982 1082 2163 1149 ipsum

274 1170 479 1222 deleret
519 1180 812 1240 peccatum
855 1189 1041 1239 grave.
1351 1162 1355 1166 ’

422 1275 493 1318 Ex
526 1276 610 1318 hac
645 1275 906 1319 condicione
940 1274 1066 1330 sequi
1100 1274 1286 1318 videtur
1320 1274 1373 1317 de
1417 1274 1567 1317 salute
1611 1273 1861 1317 multorum
1907 1278 2162 1328 martyrum

276 1349 477 1393 dubitari
511 1362 656 1406 posse,
703 1351 822 1405 quod
858 1354 927 1394 est
976 1354 1135 1394 contra
1183 1349 1521 1405 persuasionem
1571 1348 1798 1402 ecclesiae,
1848 1362 1962 1404 quae
2010 1362 2164 1393 omnes

274 1426 424 1468 salvos
458 1438 553 1469 esse
586 1426 746 1469 credit.
784 1452 836 1455 —
872 1426 1040 1469 Verum
1075 1430 1395 1480 praeterquam
1432 1425 1551 1479 quod
1599 1424 1831 1468 rarissime
1875 1424 2065 1480 accidet,
2110 1428 2163 1467 ut

272 1503 449 1553 martyr
480 1512 571 1542 non
604 1499 770 1544 habeat
804 1501 967 1544 saltem
1002 1499 1292 1544 attritionem
1339 1499 1632 1555 implicitam,
1681 1499 1869 1543 ecclesia
1915 1513 2006 1542 non
2054 1499 2165 1543 colit

272 1578 328 1616 ut
361 1578 569 1617 sanctum
603 1574 692 1617 nisi
727 1580 991 1631 martyrem,
1026 1589 1157 1630 quem
1193 1576 1278 1619 scit
1311 1582 1469 1618 sancte
1502 1574 1715 1630 obiisse1).

423 1738 556 1793 256.
611 1738 878 1794 Effectus
932 1741 1237 1806 martyrii.
1342 1741 1675 1808 Martyrium
1727 1747 1808 1791 est
1860 1747 2016 1792 actus
2072 1739 2159 1791 he·

269 1828 466 1894 roicus,
525 1829 612 1880 cui
668 1848 737 1880 ex
791 1829 1076 1880 voluntate
1122 1828 1327 1881 Christi
1387 1829 1661 1899 quaedam
1717 1828 2014 1897 privilegia
2070 1829 2162 1880 ad·

273 1936 418 1969 nexa
459 1927 600 1971 sunt.

427 2043 474 2076 α.
518 2023 770 2075 Primum
813 2032 866 2074 et
906 2025 1257 2094 potissimum
1302 2023 1661 2094 privilegium
1718 2031 1814 2088 est,
1874 2024 2022 2093 quod
2064 2042 2164 2093 per

272 2132 326 2164 se
370 2121 422 2164 et
463 2115 620 2183 quasi
664 2132 734 2165 ex
775 2132 940 2183 opere
983 2123 1207 2184 operato
1266 2114 1480 2166 confert
1531 2115 1768 2183 gratiam
1812 2114 2162 2166 sanctifican-

271 2211 380 2253 tem
426 2204 528 2254 rite
573 2203 837 2273 disposito
883 2212 935 2255 et
977 2204 1121 2256 delet
1162 2223 1384 2256 omnem
1427 2223 1696 2274 poenam:
1742 2223 1870 2256 nam
1914 2222 2022 2256 uno
2066 2222 2159 2256 ore

274 2293 474 2345 docent
516 2313 580 2347 ss.
625 2303 809 2363 patres
863 2296 1103 2346 voluisse
1160 2294 1458 2357 Christum,
1514 2303 1574 2346 ut
1625 2302 1897 2362 martyres
1951 2295 2008 2346 in
2066 2313 2162 2346 suo

273 2385 541 2451 sanguine
610 2383 1019 2451 dealbarentur,
1075 2386 1217 2436 sicut
1268 2386 1361 2454 qui
1419 2386 1474 2435 in
1526 2403 1673 2454 aqua
1732 2384 2160 2453 baptizantur2).

271 2473 404 2524 Ideo
448 2472 681 2525 ecclesia
722 2492 1008 2544 nunquam
1051 2493 1149 2544 pro
1180 2473 1518 2542 martyribus
1560 2481 1680 2526 orat
1719 2473 1813 2525 sed
1844 2492 1936 2524 eos
1977 2475 2162 2526 statim

272 2573 393 2632 post
434 2571 663 2615 mortem
707 2563 838 2615 colit
879 2573 930 2616 et
973 2567 1213 2633 invocat,
1265 2567 1365 2616 etsi
1407 2572 1533 2616 ante
1588 2563 1929 2634 baptismum
1981 2566 2163 2616 necati

272 2653 492 2705 fuerint.
575 2653 664 2705 Ad
710 2655 1147 2706 confirmandam
1191 2654 1336 2706 hanc
1379 2654 1688 2706 doctrinam
1733 2662 2039 2723 provocant
2091 2653 2163 2705 ad

272 2742 446 2794 verba
490 2743 724 2796 Christi:
789 2743 894 2804 Qua·
951 2745 1278 2813 confitebitur
1332 2764 1409 2795 me
1470 2763 1646 2796 coram
1685 2744 1995 2808 hominibus,
2046 2762 2164 2795 con-

270 2832 452 2894 fitebor
519 2843 566 2884 et
631 2854 718 2903 eqo
785 2853 894 2886 eum
961 2855 1138 2886 coram
1192 2845 1353 2906 patre
1407 2854 1528 2888 mee.
1619 2835 1690 2886 Et
1757 2836 1984 2885 iterum:
2058 2832 2166 2892 Qui

262 2922 568 2993 perdiderit
610 2927 844 2976 animam
903 2944 1054 2977 suam
1094 2935 1323 2996 propter
1377 2944 1470 2991 me,
1528 2927 1758 2976 inveniet
1810 2923 1986 2994 eam3).
2057 2923 2162 2982 Qui

272 3004 385 3064 odit
426 3015 659 3064 animam
701 3035 850 3067 suam
890 3017 946 3067 in
975 3016 1065 3066 hoc
1092 3016 1304 3082 mundo,
1346 3017 1400 3067 in
1429 3017 1593 3067 vitam
1621 3023 1890 3066 aeternam
1934 3013 2163 3065 custodit
2206 3078 2212 3082 ι

271 3102 450 3169 eam4).

427 3284 462 3339 ι)
497 3284 565 3327 Cf.
600 3284 794 3327 Lessins
826 3285 855 3328 l.
890 3284 929 3327 3.
966 3299 1000 3328 c.
1036 3286 1077 3329 1.
1109 3299 1152 3328 n.
1188 3285 1258 3328 50.

423 3357 458 3412 ⁹)
494 3358 561 3401 Of.
596 3373 631 3401 s.
667 3358 910 3413 Aufflzstin.
944 3359 1011 3402 De
1044 3359 1129 3402 civ.
1164 3359 1248 3402 Dei
1283 3360 1311 3402 l.
1350 3360 1419 3402 13.
1455 3372 1489 3403 c.
1526 3359 1564 3401 7.
1600 3359 1740 3403 Serm.
1776 3359 1875 3402 159.
1910 3372 1946 3401 c.
1982 3358 2021 3400 1.

424 3435 457 3485 ³)
491 3433 658 3476 Matth.
695 3434 765 3488 10,
798 3433 868 3475 32.
904 3433 972 3475 39.

423 3507 457 3550 ⁴)
492 3507 614 3551 Ioan.
652 3508 721 3562 1⁶2,
755 3507 824 3550 ⁶25.
