2269 3898
829 121 896 165 De
925 122 1026 176 lege
1059 121 1228 165 divina.
1890 126 1974 168 115

241 255 335 309 99.
388 253 536 308 Eius
590 254 902 320 obligatio.
990 254 1112 305 Lex
1164 255 1485 324 evangelica
1539 255 1737 326 obliyat
1792 276 1964 310 omnes

90 345 318 395 homines
368 344 595 394 omnium
645 351 931 412 temporum
983 352 1032 393 et
1081 343 1324 395 locorum.
1408 364 1455 397 α.
1501 343 1777 397 Omnibus
1819 349 1964 399 enim

92 453 123 485 a
166 433 384 485 Christo
427 433 686 500 imposita
729 439 823 497 est,
882 433 1011 501 quia
1053 451 1123 483 ex
1165 432 1451 483 voluntate
1493 433 1596 484 Dei
1642 452 1830 486 omnes
1870 454 1968 504 per

94 520 375 573 Christum
434 520 505 571 ad
566 520 1062 572 sanctificationem
1125 530 1178 574 et
1237 522 1467 573 salutem
1527 522 1768 575 ducendi
1827 533 1970 577 sunt.

91 611 222 662 Ideo
267 610 514 662 Christus
556 628 813 678 expresse
855 611 961 661 ait:
1021 611 1174 662 Data
1227 620 1302 662 est
1354 611 1481 661 mihi
1533 614 1700 663 omnis
1729 622 1972 682 potestas

91 701 147 751 in
190 699 329 751 coelo
372 708 420 750 et
459 700 517 750 in
557 708 716 751 terra.
779 700 978 751 Eunias
1021 718 1138 770 erqo
1183 699 1359 751 docete
1402 719 1576 751 omnes
1616 711 1804 771 gentes,
1864 704 1970 755 Do·

93 799 262 841 centes
303 808 386 840 eos
427 807 636 839 servare
679 789 872 855 omnia,
916 808 1248 858 quaecunque
1288 790 1543 841 mandavi
1582 790 1792 861 vobi31).

246 909 289 961 b.
347 908 557 976 Legem
614 905 820 958 Christi
879 907 1124 975 obligare
1186 925 1375 959 omnes
1441 908 1692 961 homines
1745 913 1973 962 onmium

95 1006 396 1067 temporum,
451 996 589 1048 adeo
645 1007 704 1047 ut
757 996 909 1048 nulla
963 997 1071 1048 alia
1124 1005 1379 1049 secutura
1434 999 1502 1049 sit
1554 998 1645 1050 lex
1686 1019 1859 1070 usque
1901 1001 1971 1052 ad

94 1088 629 1138 consummationem
655 1089 938 1156 temporiS,
966 1096 1149 1156 patet:
1194 1105 1247 1140 α.
1293 1088 1446 1139 Deus
1487 1090 1543 1140 in
1587 1098 1772 1140 vetere
1815 1098 1969 1141 testa-

93 1185 277 1228 mento
321 1177 649 1245 promiserat
690 1196 878 1228 novum
914 1177 1123 1244 focduS,
1180 1178 1328 1247 quod
1372 1196 1693 1230 mansurum
1735 1189 1874 1231 esset
1915 1181 1972 1231 in

93 1266 449 1331 aeternum2).
534 1268 582 1337 β.
642 1265 895 1318 Christus
950 1266 1310 1318 stabilitatem
1368 1267 1773 1319 immutabilem
1814 1271 1972 1337 regni

97 1357 181 1407 sui
238 1355 592 1424 praedixit3);
651 1355 773 1407 ideo
828 1364 1046 1425 tempus
1098 1356 1235 1426 legis
1290 1375 1469 1408 novae
1512 1357 1717 1408 dicitur
1756 1366 1974 1427 tempus

95 1444 526 1511 novissimum4).
605 1463 655 1509 γ.
717 1444 1058 1513 Abroganda
1115 1453 1282 1512 esset,
1342 1455 1402 1496 ut
1460 1446 1755 1515 perfectior
1811 1449 1973 1499 intro-

96 1534 417 1595 duceretur3
473 1534 570 1585 sed
625 1535 818 1603 nequit
859 1553 974 1585 esse
1014 1534 1106 1585 lex
1147 1534 1442 1603 perfectior
1484 1539 1560 1602 ea,
1618 1537 1774 1587 cuius
1823 1556 1974 1606 prae-

96 1631 255 1692 cepta
310 1623 592 1675 hominem
648 1641 774 1674 cum
832 1623 952 1675 Deo
1013 1624 1334 1675 immediate
1388 1625 1759 1694 coniungunt,
1817 1627 1975 1677 cuius

97 1721 442 1764 sacramenta
471 1712 752 1764 hominem
784 1731 912 1764 vere
943 1714 1311 1780 sanctificant,
1348 1715 1504 1766 cuius
1535 1715 1868 1767 sacrificium
1898 1717 1975 1767 in-

96 1803 282 1853 finitae
325 1813 404 1853 est
446 1801 745 1870 dignitatis

245 1943 282 1974 c.
325 1922 591 1974 Attamen
646 1931 942 1992 praecepta
994 1921 1130 1990 legis
1173 1941 1352 1974 novae
1396 1941 1506 1973 non
1548 1924 1766 1993 aequali
1810 1925 1972 1977 modo

97 2011 345 2080 obligant
404 2030 594 2064 omnes
652 2011 935 2064 homines:
997 2021 1358 2082 praeceptum
1422 2013 1569 2063 enim
1632 2014 1973 2082 suscipiendi

96 2101 261 2153 fidem
305 2111 357 2152 et
397 2101 748 2170 ingrediendi
790 2101 1082 2153 ecclesiam
1126 2121 1223 2171 per
1264 2103 1673 2171 susceptionem
1711 2101 1975 2172 baptismi

96 2208 287 2243 omnes
315 2191 615 2242 immediate
643 2190 906 2259 obligant,
947 2190 1055 2242 alia
1087 2209 1215 2242 vero
1243 2191 1471 2242 mediate
1500 2199 1733 2257 tantum,
1763 2192 1975 2244 scilicet

96 2298 194 2349 per
234 2281 543 2348 ingressum
589 2281 646 2331 in
689 2279 979 2331 ecclesiam
1023 2289 1075 2331 et
1115 2298 1213 2349 per
1254 2288 1571 2350 susceptum
1614 2280 1971 2350 baptismum.

245 2400 315 2441 Ad
339 2400 664 2454 quaestionem,
699 2398 877 2454 qnando
910 2399 985 2441 lex
1016 2412 1127 2441 noea
1162 2399 1365 2454 oblz'yare
1399 2400 1554 2455 coepit,
1587 2399 1666 2442 alii
1700 2401 1975 2454 respondent

96 2472 304 2516 obz'ectice
337 2479 383 2516 et
417 2473 462 2515 in
497 2476 597 2515 actu
620 2473 775 2528 primo
809 2472 905 2516 eius
940 2471 1266 2526 obligationem
1310 2472 1507 2526 coepisse
1543 2472 1591 2515 in
1624 2479 1770 2516 morte
1803 2473 1974 2516 Christi

95 2548 168 2590 vel
202 2548 364 2591 saltem
400 2548 471 2591 die
506 2552 813 2602 pentecostes:
864 2550 1031 2601 putant
1075 2546 1195 2590 enim
1237 2546 1469 2589 Christum
1509 2547 1743 2599 statuisse,
1786 2555 1838 2590 ut
1873 2561 1972 2590 cum

94 2620 212 2677 legis
245 2622 452 2666 sollemni
485 2622 853 2677 promulgatione
886 2621 1022 2664 simul
1054 2621 1247 2676 incipiat
1271 2620 1366 2663 eius
1390 2620 1662 2676 obligatio5>.
1696 2621 1789 2664 Alii
1819 2627 1974 2665 autem

99 2696 259 2739 docent
305 2710 403 2740 eam
450 2697 652 2752 obligare
685 2696 882 2751 coepisse
916 2700 1019 2750 post
1052 2695 1358 2738 sufficientem
1397 2695 1492 2738 eius
1536 2708 1615 2750 per
1647 2695 1795 2739 orbem
1832 2695 1975 2739 divul-

97 2770 356 2825 gationem;
382 2772 687 2815 sufficientem
702 2783 806 2815 vero
825 2770 921 2814 eius
941 2770 1304 2825 divulgationem
1322 2771 1494 2813 factam
1513 2783 1607 2813 esse
1625 2783 1704 2825 per
1721 2771 1974 2825 apostolos:

95 2845 143 2887 in
177 2859 354 2889 omnem
389 2846 508 2889 enim
542 2850 710 2889 terram
744 2845 888 2889 exivit
927 2858 1063 2888 sonus
1105 2858 1279 2898 eorum;
1329 2858 1435 2900 ergo
1467 2845 1515 2887 in
1548 2849 1654 2888 actu
1686 2845 1832 2900 primo
1865 2849 1974 2889 tem-

96 2933 203 2974 pore
245 2921 553 2976 apostolorum
599 2921 674 2974 (40
714 2920 846 2964 annis
888 2934 931 2975 p.
966 2919 1068 2962 Chr.
1118 2923 1309 2962 mortem
1354 2920 1427 2962 vel
1460 2922 1579 2962 certe
1610 2923 1712 2974 post
1746 2919 1973 2963 excidium

96 2994 531 3051 Hierosolymorum)
555 3008 708 3038 omnes
732 2995 834 3049 lege
857 2993 1120 3049 evangelica
1143 2993 1370 3048 obligatos
1393 2993 1547 3037 fuisse.
1583 2993 1636 3036 In
1662 2997 1762 3037 actu
1780 2994 1974 3037 secundo

254 3191 283 3244 ¹)
313 3190 479 3232 Matth.
514 3189 585 3243 28,
619 3189 676 3231 18
708 3202 764 3232 ss.
829 3188 896 3231 Cf.
930 3188 1065 3230 Marc.
1102 3188 1170 3242 16,
1206 3187 1274 3229 15.
1339 3187 1469 3230 Rom.
1504 3189 1543 3241 1,
1579 3188 1647 3230 16.

250 3263 284 3318 2)
318 3264 402 3307 Ier.
441 3264 513 3318 31,
547 3264 616 3305 31.
650 3262 721 3305 40.

249 3337 282 3390 ³)
313 3338 481 3381 Matth.
517 3337 587 3392 16,
621 3337 702 3390 18;
735 3337 806 3391 28,
842 3338 896 3379 19
930 3350 963 3379 s.

248 3411 282 3465 4)
313 3413 414 3455 Act.
450 3413 490 3466 2,
526 3411 619 3463 17.;
657 3413 694 3454 1.
728 3411 850 3454 Ioan.
888 3411 928 3465 2,
964 3411 1032 3453 18.

248 3485 282 3541 ⁵)
313 3487 379 3530 Cf.
412 3486 536 3530 Ioan.
569 3486 610 3541 3,
645 3487 705 3529 14
734 3499 790 3529 ss.
