2269 3898
723 232 790 274 De
823 230 1000 274 actibus
1033 229 1290 272 moralibus.
1886 230 1943 271 83

220 387 258 419 c.
300 366 454 417 Haec
496 366 767 416 sententia
809 382 934 414 cum
978 370 1161 415 mente
1203 371 1254 413 et
1295 363 1456 431 praxi
1499 360 1746 413 fidelium
1776 363 1942 413 etiam

68 458 455 507 timoratorum
499 455 780 521 congruit:
837 470 997 503 nemo
1053 453 1218 519 enim,
1274 453 1630 520 quantumvis
1683 451 1807 520 pius
1858 453 1943 514 sit⁷

69 564 128 597 se
170 551 458 614 peccatum
502 543 839 594 commisisse
880 540 1107 607 iudicat7
1164 541 1208 591 si
1262 540 1541 591 moderate
1597 542 1751 592 iuxta
1793 559 1944 609 prae-

72 635 338 702 scriptum
380 633 610 683 rationis
665 631 835 682 utitur
888 629 1192 680 commodis
1249 638 1302 679 et
1357 628 1813 680 delectationibus
1855 649 1946 681 na-

71 733 246 789 turae,
302 723 436 791 quin
491 721 556 772 de
608 720 864 771 ulteriore
922 719 1030 769 fine
1073 717 1302 769 honesto
1345 717 1609 769 sollicitus
1651 720 1734 771 sit.
1815 719 1944 770 Ideo

76 811 265 863 fideles
309 812 374 862 de
418 810 690 861 eiusmodi
733 808 1048 859 actionibus
1091 806 1287 858 nullibi
1345 826 1400 858 se
1454 815 1732 873 accusant,
1791 810 1948 876 quasi

73 903 348 951 actionem
399 899 600 951 malam
650 900 1016 968 peregissent3
1077 915 1217 966 quae
1272 895 1517 947 fidelium
1577 897 1765 965 praxis
1822 915 1947 948 cum

75 999 256 1041 mente
298 1009 364 1041 55.
406 990 634 1041 Patrum
676 990 926 1058 apprime
969 985 1334 1052 concor-datl).

226 1139 375 1182 Nota.
442 1141 605 1181 Omnes
650 1141 805 1180 tamen
849 1137 1100 1179 concedunt
1145 1136 1261 1178 hanc
1308 1134 1537 1177 actionum
1574 1133 1826 1177 bonitatem
1862 1148 1951 1177 mo-

72 1214 215 1257 ralem
249 1213 455 1256 infimam
489 1226 583 1255 esse
616 1225 803 1267 eamque
836 1225 914 1266 per
946 1210 1265 1264 intentionem,
1300 1223 1387 1264 qua
1420 1207 1620 1252 actiones
1654 1207 1867 1262 explicite
1899 1208 1947 1251 in

76 1288 286 1331 altiorem
329 1289 466 1331 finem
510 1287 750 1329 honest-um
796 1290 933 1341 atque
978 1286 1087 1328 adeo
1130 1284 1178 1327 in
1224 1285 1361 1326 finem
1406 1283 1621 1325 ultimum
1667 1282 1951 1337 ordinantur,

75 1362 236 1417 augeri
269 1366 313 1404 et
347 1361 504 1416 perfici
536 1375 677 1416 posse.
742 1360 933 1403 Bonitas
967 1359 1084 1402 enim
1121 1359 1352 1402 actionum
1386 1371 1435 1401 eo
1469 1357 1617 1411 magis
1650 1356 1824 1411 crescit,
1866 1370 1951 1411 quo

75 1437 216 1480 alt-ior
249 1440 292 1479 et
326 1436 520 1479 nobilior
552 1439 621 1479 est
652 1435 774 1489 finis,
808 1434 884 1488 qui
918 1435 973 1477 ab
1007 1438 1172 1488 agente
1221 1432 1419 1487 positive
1461 1431 1733 1485 intenditur,
1776 1435 1822 1474 et
1867 1445 1952 1485 quo

78 1511 227 1566 magis
260 1512 368 1554 haec
399 1510 598 1554 intentio
632 1514 701 1552 est
733 1508 952 1563 explicita
985 1511 1030 1550 et
1064 1507 1272 1551 actualis.

231 1660 324 1712 70.
367 1659 744 1729 Dffftcztltates.
802 1657 1006 1709 Contra
1036 1657 1180 1708 hanc
1211 1656 1516 1707 doctrinam
1550 1654 1755 1723 duplex
1784 1657 1956 1706 oritur

81 1749 393 1812 difficultas,
451 1748 621 1800 altera
676 1767 740 1799 ex
795 1767 833 1799 5.
893 1749 1182 1816 scriptura,
1241 1764 1348 1815 qua
1388 1744 1756 1814 reprobantur
1796 1744 1954 1796 verba

81 1840 252 1890 otiosa
280 1846 332 1889 et
357 1841 475 1908 pari
519 1840 733 1889 ratione
773 1838 1018 1888 actiones
1048 1835 1328 1901 otiosae2);
1373 1833 1543 1885 verba
1569 1844 1753 1885 autem
1784 1836 1957 1885 otiosa

84 1928 359 1995 dicuntum
404 1947 545 1998 quae
587 1927 752 1978 finem
796 1926 1086 1977 honestum
1130 1943 1240 1976 non
1282 1922 1503 1976 habent.
1586 1922 1776 1974 Altera
1818 1923 1952 1974 diffi-

83 2017 258 2069 cultas
300 2020 473 2069 oritur
514 2036 580 2068 ex
622 2015 1095 2086 propositionibus
1138 2015 1187 2066 8.
1233 2022 1284 2065 et
1325 2015 1373 2065 9.
1418 2013 1486 2065 ab
1529 2014 1833 2064 Innocentio
1863 2014 1955 2065 XI.

84 2106 378 2172 damnatis,
443 2126 512 2158 ex
573 2106 774 2176 quibus
833 2113 999 2175 patet,
1064 2102 1488 2156 delectabilibus
1548 2104 1627 2153 uti
1685 2103 1744 2153 ob
1794 2102 1958 2154 solam

83 2196 403 2268 voluptatem
444 2204 735 2265 peccatum
778 2195 971 2265 esse3);
1026 2196 1119 2264 qui
1163 2211 1292 2244 vero
1336 2195 1391 2244 in
1433 2191 1744 2243 actionibus
1788 2191 1955 2244 delec-

84 2285 348 2337 tabilibus
390 2285 702 2337 ulteriorem
745 2285 912 2336 finem
955 2302 1064 2335 non
1107 2283 1363 2345 intendit,
1423 2281 1491 2333 ob
1546 2281 1715 2333 solam
1772 2281 1959 2351 volup-

86 2383 253 2427 tatem
297 2377 426 2444 agit.

239 2478 279 2506 a.
314 2463 512 2507 Verbum
547 2464 734 2506 otiosum
771 2463 940 2505 dicitur
972 2476 1061 2505 non
1095 2461 1275 2515 quidem
1319 2460 1505 2503 verbum
1552 2466 1685 2515 turpe
1727 2461 1799 2503 vel
1843 2473 1960 2503 men-

88 2539 191 2593 dax,
225 2539 302 2582 sed
335 2552 479 2594 neque
510 2538 713 2593 verbum,
748 2539 866 2592 quod
900 2551 977 2592 per
1010 2536 1314 2580 intentionem
1348 2535 1576 2590 loquentis
1609 2549 1698 2578 non
1732 2534 1962 2589 dirigatur

85 2612 135 2655 in
169 2613 378 2656 altiorem
411 2615 547 2657 finem
582 2614 852 2663 honestum;
886 2612 1072 2655 verbum
1108 2611 1302 2654 otiosum
1338 2609 1491 2664 potius
1514 2613 1584 2653 est
1605 2609 1808 2663 verbum,
1842 2608 1960 2663 quod

86 2688 184 2731 sine
215 2688 393 2732 ratione
414 2688 702 2731 necessitatis
724 2688 796 2730 vel
819 2686 1043 2730 utilitatis
1067 2699 1121 2728 ex
1144 2698 1266 2728 mera
1290 2683 1569 2727 scurrilitate
1591 2684 1664 2727 vel
1683 2683 1962 2738 garrulitate

90 2764 343 2817 profertum
378 2762 599 2806 eiusmodi
633 2766 786 2805 autem
810 2761 1013 2815 verbum,
1046 2764 1208 2815 utpote
1233 2762 1392 2802 contra
1414 2758 1744 2813 praescriptum
1768 2756 1962 2801 rationis

92 2838 337 2892 prolatum,
370 2838 540 2880 malum
575 2836 693 2890 est4).

246 3001 279 3058 ¹)
314 3001 379 3044 Cf.
415 3014 448 3043 5.
482 3001 681 3055 August.
714 2999 762 3042 in
794 3012 860 3053 ps.
895 2997 965 3041 34.
999 3011 1129 3041 serm.
1164 2998 1203 3042 2.
1238 3011 1282 3040 n.
1318 2997 1385 3039 16.

244 3075 277 3129 2)
309 3076 474 3120 Matth.
511 3076 580 3129 12,
612 3074 683 3119 36.

246 3149 278 3199 3)
309 3151 441 3204 Prop.
474 3150 544 3193 8.:
599 3148 870 3203 „Comedere
902 3151 947 3190 et
982 3146 1131 3189 bibere
1171 3159 1313 3200 usque
1345 3145 1403 3188 ad
1437 3144 1701 3188 satietatem
1735 3143 1788 3186 ob
1822 3143 1963 3185 solam

96 3227 383 3280 voluptatem
416 3238 506 3267 non
539 3227 609 3266 est
641 3227 893 3278 peccatum,
928 3222 1061 3265 modo
1094 3235 1183 3264 non
1224 3220 1345 3264 obsit
1377 3217 1650 3271 valetudini,
1691 3216 1796 3271 quia
1839 3215 1966 3258 licite

95 3303 247 3355 potest
280 3298 515 3354 appetitus
547 3297 775 3341 naturalis
807 3297 902 3340 suis
935 3297 1112 3340 actibus
1144 3295 1282 3340 frui“.
1346 3295 1478 3349 Prop.
1502 3294 1552 3335 9:
1588 3291 1741 3347 „Opus
1764 3289 1966 3344 coniugii

94 3373 151 3416 ob
184 3374 323 3417 solam
357 3374 644 3427 voluptatem
679 3371 927 3415 exercitum
961 3371 1084 3414 omni
1125 3370 1309 3425 penitus
1354 3372 1476 3412 caret
1521 3368 1654 3421 culpa
1694 3379 1745 3408 ac
1786 3365 1968 3408 defectu

96 3448 311 3491 veniali“.
375 3446 714 3502 Propositiones
747 3446 864 3489 istae
897 3459 951 3489 ex
984 3444 1232 3499 multiplici
1267 3443 1417 3498 capite
1448 3443 1593 3485 falsae
1626 3442 1746 3484 sunt.

247 3522 283 3574 4)
317 3522 384 3566 Of.
419 3522 770 3573 szbenbauer„
813 3519 1177 3563 Commentarius
1226 3518 1275 3561 in
1322 3515 1612 3572 evangelium
1663 3527 1695 3556 5.
1739 3512 1965 3556 Matthaei

98 3595 322 3649 (Parisiis.
356 3596 658 3640 Lethielleux.
697 3595 828 3641 1892)
861 3594 896 3637 I.
931 3608 972 3649 p.
1007 3593 1092 3637 496
1127 3607 1158 3640 S.

1732 3662 1785 3706 6*
