2269 3898
747 159 813 202 De
843 162 1009 201 natura
1039 157 1332 201 matrimonii.
1943 159 1970 201 ὅ

108 291 468 357 servandum⁷
511 292 579 343 ad
622 308 814 360 pacem
856 292 998 342 inter
1039 292 1475 359 consanguineos
1514 290 1966 359 componendam,

114 379 185 431 ad
226 379 477 446 honores,
522 380 761 444 divitias,
804 377 980 428 licitas
1021 378 1329 446 voluptates
1372 378 1697 429 obtinendas
1739 386 1838 430 etc,

264 483 303 509 α.
338 467 679 510 Matrimonium
713 471 818 508 ante
841 472 1073 520 peccatum
1108 471 1478 521 protoparentum
1504 467 1761 510 ordinatum
1795 471 1891 509 erat
1925 467 1967 508 sn

113 541 310 597 officiam
344 543 539 582 naturae
570 539 599 581 i.
634 552 669 582 e.
704 539 760 581 ad
803 539 965 581 liberos
1010 540 1303 594 procreandos
1336 544 1381 582 et
1414 540 1665 582 educandos
1705 544 1839 594 atque
1872 540 1969 582 ideo

110 615 172 658 ad
207 614 559 657 conservandum
594 616 638 655 et
662 613 1005 667 propagandum
1031 626 1173 667 genus
1195 614 1463 663 humanum;
1498 618 1598 667 post
1622 626 1770 656 eornm
1794 614 1968 667 lapsum

109 688 371 730 ordinatum
417 692 486 729 est
529 685 667 728 etiam
716 686 761 727 in
811 686 1059 728 remedium
1107 687 1485 741 conczqn‘seentiae
1531 686 1558 728 i.
1594 699 1629 728 e.
1679 687 1735 728 ad
1783 687 1970 729 vitanda

110 761 258 803 carnis
291 765 473 815 peccata
506 773 584 814 per
615 773 745 802 usum
780 759 1060 802 matrimonii
1094 760 1336 803 secundum
1369 760 1491 813 leges
1523 760 1725 802 rationis.

266 835 303 883 ἓ).
338 834 471 876 Finis
518 833 760 888 primarius
808 834 1086 876 matrimonii
1136 833 1273 877 etiam
1323 837 1455 888 prout
1503 833 1770 876 institutum
1815 844 1881 876 est
1925 835 1971 876 111

110 907 315 950 officium
339 911 530 950 naturae
561 920 645 948 non
682 909 750 949 est
768 908 1002 962 profanus
1034 907 1116 950 secl
1145 921 1301 950 sacer:
1333 907 1438 949 finis
1471 907 1587 950 enim
1621 907 1862 961 primarius
1886 921 1972 950 ma-

110 982 317 1025 trimonii
340 989 407 1025 est
439 981 686 1036 procreatio
720 987 766 1025 et
798 982 1005 1025 educatio
1035 982 1195 1036 prolis‚·
1231 981 1369 1036 prolis
1391 985 1543 1024 autem
1567 980 1671 1022 finis
1695 981 1971 1033 adaequatus

109 1069 201 1098 non
235 1065 303 1099 est
335 1055 532 1098 felicitas
577 1055 839 1110 temporalis
873 1056 949 1098 sed
982 1061 1050 1098 est
1083 1056 1203 1098 Deus
1246 1055 1464 1109 religione
1498 1054 1707 1097 colendus
1740 1058 1783 1096 et
1818 1062 1972 1108 postea

109 1138 296 1172 aeterna
330 1129 614 1172 beatitudine
662 1129 958 1184 possidendus
1007 1134 1051 1171 et
1093 1142 1171 1183 per
1213 1129 1294 1171 hoc
1338 1128 1680 1183 glorificandus;
1730 1141 1835 1182 ergo
1868 1127 1971 1169 finis

115 1203 394 1246 matrimonii
437 1203 632 1245 directus
673 1211 743 1245 est
783 1202 1015 1257 generatio
1059 1207 1104 1245 et
1147 1202 1354 1245 educatio
1395 1202 1532 1256 prolis
1576 1202 1632 1244 ad
1665 1202 1807 1243 Deum
1843 1201 1972 1255 glori-

114 1277 355 1319 ficandum.
419 1276 561 1330 Atqui
590 1277 696 1319 finis
729 1276 816 1319 iste
849 1289 971 1319 sacer
1003 1282 1072 1319 est
1106 1281 1149 1318 et
1182 1276 1434 1330 religiosus.
1498 1275 1599 1318 Ideo
1633 1275 1971 1317 matrimonium

111 1350 183 1392 illi
206 1349 425 1404 potestati
459 1349 711 1404 subiicitur,
747 1350 816 1392 0111
850 1363 955 1392 cura
977 1349 1131 1392 ultimi
1162 1349 1268 1391 finis
1300 1349 1423 1391 vitae
1455 1349 1676 1391 humanae
1702 1349 1972 1391 demandata

110 1431 181 1468 est
215 1425 243 1467 i.
278 1438 311 1467 e.
347 1423 567 1478 potestati
598 1424 848 1479 religiosae.

262 1572 316 1624 4.
358 1572 524 1624 Bona
562 1570 954 1624 matrimonii.
1021 1570 1324 1621 Praeeunte
1364 1588 1402 1621 s.
1446 1569 1788 1637 Auqastinol)
1829 1568 1972 1619 theo-

110 1659 220 1727 logi
285 1659 486 1728 triplex
551 1659 757 1711 bonum
819 1659 1152 1709 matrimonii
1214 1658 1586 1725 distinguunt:
1653 1677 1701 1708 a.
1765 1657 1969 1708 bonum

100 1746 297 1817 proZiS‚
356 1748 501 1817 quod
542 1750 599 1799 in
640 1748 993 1815 generatione
1035 1756 1087 1797 et
1127 1746 1452 1797 educatione
1491 1745 1658 1815 prolis
1700 1747 1971 1811 consistit:

112 1837 157 1887 b.
216 1837 421 1888 bonum
467 1836 613 1905 fidei,
671 1834 817 1904 quod
866 1837 922 1886 in
965 1843 1155 1886 mutua
1196 1834 1459 1885 fidelitate
1502 1835 1763 1896 consistit,
1809 1852 1973 1902 quam

114 1935 341 1995 uterque
385 1928 588 1976 coniux
628 1923 783 1975 alteri
827 1942 1045 1974 servare
1096 1922 1274 1988 debet,
1332 1932 1448 1973 tum
1503 1941 1562 1973 οο
1620 1922 1764 1991 quod
1820 1921 1971 1972 alteri

113 2032 271 2065 usum
314 2015 552 2082 corporis
593 2012 739 2077 facit,
794 2019 909 2063 tum
961 2030 1020 2063 eo
1066 2011 1212 2080 quod
1266 2011 1400 2062 nulli
1450 2011 1604 2061 alteri
1646 2012 1807 2061 istum
1852 2028 1972 2061 con·

111 2102 288 2169 cedit;
343 2123 380 2155 c,
438 2102 642 2153 bonum
684 2101 1016 2166 sacramenti,
1061 2100 1207 2169 quod
1249 2102 1303 2150 111
1346 2098 1810 2168 inseparabilitate
1853 2116 1972 2150 con-

115 2193 303 2258 iugum
361 2192 623 2243 consistit.
715 2189 1267 2240 Indissolubilitatem
1320 2189 1728 2239 matrimonium
1781 2200 1973 2238 natura

112 2298 214 2330 sua
255 2280 479 2348 quidem
522 2278 704 2345 habet,
761 2280 889 2347 quia
941 2286 1124 2329 tamen
1167 2296 1262 2346 per
1303 2285 1706 2329 sacramentum
1749 2295 1810 2327 ea
1853 2294 1971 2327 0011-

115 2369 380 2433 firmatur,
423 2369 630 2419 bonum
673 2368 1000 2418 sacramenti
1045 2366 1154 2418 dici
1195 2366 1397 2435 soles-²).

263 2457 384 2500 Haec
418 2457 507 2500 tria
540 2457 650 2499 bona
683 2455 963 2499 matrimonii
997 2456 1259 2498 essentialia
1293 2459 1415 2510 sunt,
1449 2467 1561 2509 quae
1594 2453 1763 2497 scilicet
1797 2453 1853 2496 ad
1887 2466 1974 2495 ma-

114 2531 319 2574 trimonii
353 2531 594 2574 essentiam
642 2530 887 2585 pertinent,
935 2530 1003 2572 ita
1050 2534 1103 2572 ut
1151 2529 1246 2573 sine
1293 2529 1385 2572 illis
1433 2528 1773 2571 matrimonium
1822 2527 1973 2570 haberi

110 2618 203 2647 non
250 2606 406 2659 possit.
484 2604 760 2648 Essentialia
807 2608 959 2647 autem
1012 2604 1093 2646 hoc
1141 2604 1270 2646 modo
1320 2607 1454 2646 sunt:
1510 2616 1552 2644 a.
1609 2601 1764 2643 bonnm
1808 2600 1974 2656 prolis,

114 2686 338 2732 quatenus
386 2678 597 2722 consistit
644 2683 742 2721 tum
790 2678 838 2720 in
886 2677 1164 2732 obligatione
1219 2677 1287 2720 ita
1343 2676 1503 2720 utendi
1562 2674 1874 2728 matrimonio,
1921 2678 1973 2716 ut

116 2753 261 2806 proles
301 2750 507 2806 generari
547 2751 706 2805 possit,
754 2755 852 2794 tum
900 2751 948 2794 in
996 2751 1274 2806 obligatione
1312 2751 1481 2805 prolem
1521 2753 1773 2802 susceptam
1808 2760 1974 2790 conser-

116 2826 255 2868 vandi
277 2832 414 2880 atque
436 2825 679 2878 educandi3
715 2825 752 2867 b.
788 2825 945 2867 bonum
960 2825 1089 2881 fidei,
1123 2829 1343 2878 quatenus
1377 2823 1587 2867 consistit
1619 2822 1666 2864 in
1699 2821 1974 2876 obligatione

118 2899 348 2954 proprium
395 2899 630 2953 coniugem
675 2898 968 2952 admittendi,
1017 2911 1191 2940 omnem
1236 2911 1339 2940 vero
1383 2897 1522 2940 alium
1566 2895 1620 2939 ab
1663 2908 1748 2938 usu
1780 2895 1973 2950 corporis

115 2972 407 3022 excludendi;
458 2986 490 3015 c.
527 2972 683 3014 bonum
727 2972 1018 3024 sacramenti,
1063 2979 1285 3025 quatenns
1329 2970 1538 3013 consistit
1581 2970 1628 3012 in
1670 2968 1973 3012 indissolubili

116 3045 295 3089 vinculo
335 3045 675 3088 matrimoniali.

272 3179 294 3193 V

267 3197 322 3231 0.
387 3178 469 3231 De
530 3192 824 3232 consensu
881 3177 1331 3231 matrimoniali.
1419 3176 1744 3228 Contractus
1795 3175 1973 3225 matri-

119 3266 376 3319 monialis
419 3275 606 3318 mutuo
650 3284 918 3317 consensu
959 3267 1260 3335 perficitur3
1305 3283 1599 3317 consensus
1640 3272 1821 3316 autem
1864 3280 1973 3314 eas·

276 3414 307 3467 ¹²)
340 3414 406 3456 De
438 3412 550 3456 bono
583 3412 760 3467 coniug.
794 3413 829 3455 I.
862 3413 932 3454 32,

269 3487 307 3542 2)
337 3487 404 3530 Cf.
437 3500 473 3529 s.
512 3486 718 3538 Thomas,
751 3485 978 3541 Supplem.
1013 3499 1051 3539 q.
1085 3485 1154 3527 49,
