2269 3898
271 185 327 228 30
804 183 862 226 Π.
898 183 963 225 De
995 181 1172 224 actibus
1205 182 1263 224 ad
1296 182 1432 223 finem
1467 180 1603 235 aptis.

270 322 378 361 sunt
411 317 591 372 quidem
624 315 957 362 hominisvvere
991 314 1163 369 proprii
1197 320 1243 357 et
1276 314 1360 357 dici
1397 317 1589 369 possunt
1621 314 1809 357 humani
1853 315 1999 369 quoad
2040 314 2137 357 sub-

269 390 490 434 stantiam
523 390 732 441 actionis,
764 394 813 432 at
848 389 944 432 eius
975 395 1066 431 non
1099 392 1207 431 sunt
1249 387 1421 443 proprii
1464 401 1545 431 nec
1585 392 1776 443 possunt
1820 388 1908 432 dici
1950 388 2138 431 humani

271 465 416 519 quoad
450 465 632 507 modum
667 463 875 518 act-ionis,
924 463 1030 517 quia
1062 462 1156 506 illis
1203 476 1293 505 non
1342 462 1554 506 convenit
1601 462 1810 517 proprius
1855 462 1936 506 ille
1981 463 2142 505 modus

273 538 504 593 operandi,
538 537 614 592 qui
648 543 738 580 est:
775 550 910 592 agere
943 551 1042 580 cum
1079 537 1278 580 dominio
1310 542 1454 580 actus.

415 700 506 754 27.
551 700 807 754 Actuum
846 700 1251 754 humanorum
1293 701 1531 755 divisiO.
1600 702 1646 755 1.
1690 701 1868 752 Actus
1908 700 2138 752 humani

267 790 361 841 alii
405 798 532 840 sunt
572 790 759 856 eliciti,
803 788 895 840 alii
938 790 1219 858 imperati:
1268 789 1432 841 eliciti
1460 790 1737 856 dicuntur,
1769 791 1863 859 qui
1891 809 1923 841 a
1949 790 2138 841 volun-

267 889 377 931 tate
433 879 741 949 procedunt
797 889 849 929 et
901 880 958 929 in
1013 880 1133 947 ipsa
1193 880 1553 948 perficiuntur
1606 887 1666 930 ut
1717 888 1871 930 actus
1919 880 2139 945 amoris,

269 969 399 1033 odii,
445 968 738 1032 desiderii3
796 969 1047 1039 imperati
1099 969 1374 1032 dicuntur,
1432 970 1525 1038 qui
1569 987 1637 1019 ex
1678 969 1909 1037 imperio
1951 966 2141 1019 volun-

266 1059 393 1109 tatis
436 1058 757 1127 procedunt,
800 1058 895 1110 sed
936 1058 1006 1109 ab
1049 1058 1157 1110 alia
1199 1060 1447 1128 potentia
1490 1059 1606 1109 sive
1649 1060 1865 1109 interna
1898 1065 1958 1108 ut
1985 1065 2142 1108 actus

269 1147 547 1215 cogitandi
591 1149 708 1198 sive
751 1156 978 1198 externa
1017 1156 1077 1198 ut
1118 1155 1272 1199 actus
1313 1147 1636 1199 ambulandi
1680 1156 2024 1200 exercentur.

418 1265 459 1293 a.
493 1251 617 1294 Nihil
650 1251 860 1306 impedit,
894 1251 1134 1305 quominus
1167 1250 1311 1294 eliciti
1347 1250 1558 1294 dicantur
1591 1250 1730 1294 etiam
1764 1254 1908 1305 actus,
1942 1250 2019 1305 qui
2050 1264 2143 1293 non

267 1340 293 1369 a
325 1326 581 1379 voluntate,
615 1326 692 1368 sed
725 1326 781 1368 ab
815 1325 906 1368 alia
938 1325 1148 1380 potentia
1179 1325 1447 1369 immediate
1481 1325 1748 1380 procedunt,
1781 1325 1844 1368 sic
1875 1328 2005 1368 actus
2026 1324 2144 1379 cogi-

266 1400 397 1443 tandi
432 1401 578 1454 quoad
610 1400 911 1454 intellectum,
945 1404 1073 1443 actus
1106 1399 1308 1454 videndi,
1353 1399 1569 1443 audiendi
1614 1400 1760 1454 quoad
1801 1412 1957 1442 sensus
1999 1397 2141 1442 eliciti

267 1474 417 1517 vocari
451 1479 660 1528 possunt3
720 1474 931 1528 quoniam
987 1479 1141 1517 autem
1194 1474 1242 1516 in
1291 1487 1338 1517 re
1385 1473 1542 1516 morali
1594 1487 1684 1516 non
1716 1473 2023 1516 attenduntur
2053 1472 2142 1516 nisi

268 1552 396 1591 actus
428 1548 573 1602 liberi,
607 1548 695 1591 soli
726 1551 852 1590 actas
886 1548 1126 1591 voluntatis
1158 1549 1308 1591 solent
1338 1548 1492 1591 vocari
1523 1548 1672 1591 eliciti.

417 1637 454 1679 b.
488 1637 711 1680 Voluntas
746 1637 916 1692 duplici
951 1638 1082 1680 modo
1118 1651 1249 1692 egere
1281 1641 1448 1692 potest,
1482 1641 1633 1680 actum
1668 1636 1886 1680 eliciendo
1920 1644 1966 1679 et
1988 1641 2141 1680 actum

266 1711 543 1766 imperando.
609 1711 855 1767 Imperium
907 1712 1148 1754 voluntatis
1196 1712 1363 1755 dicitur
1410 1715 1538 1754 actus
1587 1710 1857 1765 voluntatis,
1905 1724 1990 1765 quo
2037 1712 2144 1756 haee

267 1786 500 1841 potentias
533 1785 618 1828 sibi
653 1785 878 1829 subiectas
911 1787 969 1829 ad
1002 1776 1154 1828 actum
1189 1793 1342 1830 movet
1374 1789 1447 1830 vel
1480 1788 1536 1831 ab
1569 1793 1674 1832 actu
1708 1802 1879 1832 cessare
1910 1789 2039 1843 facit,
2078 1788 2143 1831 sic

268 1862 481 1904 voluntas
514 1861 695 1903 efficere
728 1863 894 1914 potest,
929 1866 981 1902 ut
1014 1860 1276 1903 intellectus
1311 1861 1364 1903 de
1397 1861 1551 1916 aliqua
1582 1876 1629 1906 re
1662 1864 1835 1919 cogitet
1877 1866 1949 1908 vel
1993 1866 2047 1909 de
2088 1878 2142 1909 ea

267 1935 470 1990 cogitare
504 1935 698 1989 desinat,
745 1935 857 1978 item
905 1940 959 1978 ut
1006 1934 1207 1978 membra
1256 1935 1453 1990 corporis
1502 1944 1773 1981 moveantur
1820 1940 1891 1982 vel
1939 1953 1966 1982 a
2013 1943 2141 1983 motu

270 2015 459 2053 cessent.

420 2114 453 2142 c.
489 2100 714 2142 Voluntas
747 2098 984 2154 imperinm
1019 2101 1203 2141 exercet
1233 2098 1280 2141 in
1313 2099 1616 2155 intellectum,
1649 2101 1697 2144 in
1730 2116 1887 2146 sensus
1920 2108 2147 2158 externOS,

269 2173 317 2217 in
350 2173 609 2228 appetitum
645 2173 917 2216 sensitivum
953 2172 1077 2215 etin
1122 2172 1215 2214 vim
1266 2173 1501 2216 motricem
1551 2182 1687 2229 prout
1734 2177 1843 2221 haec
1893 2178 1951 2221 ad
1998 2177 2143 2221 vitam

268 2249 511 2293 animalem
546 2250 760 2305 pertinet.
825 2248 998 2291 Harum
1034 2248 1342 2303 potentiarum
1378 2250 1664 2304 operationes
1696 2256 1804 2295 sunt
1837 2255 1885 2295 et
1928 2252 2143 2295 dicuntur

267 2324 440 2367 liberae
475 2325 638 2379 (quoad
672 2326 968 2381 exercitium),
1003 2331 1226 2381 quatenus
1258 2340 1419 2383 nempe
1459 2341 1611 2371 earum
1646 2326 1911 2370 exercitium
1945 2340 1971 2369 a
2003 2326 2146 2370 libera,

266 2400 506 2442 voluntate
541 2400 778 2454 dependet.

416 2488 455 2531 d.
489 2489 714 2532 Voluntas
747 2503 836 2532 non
869 2491 1012 2533 solum
1048 2490 1241 2533 aliarum
1288 2490 1614 2545 potentiarum,
1644 2490 1723 2532 sed
1757 2488 1895 2532 etiam
1922 2491 2143 2545 proprios

268 2565 395 2605 actus
426 2563 647 2618 imperare
681 2569 846 2620 potest,
879 2565 964 2607 sibi
998 2578 1033 2608 e.
1059 2578 1103 2620 g.
1127 2565 1349 2619 imperare
1374 2569 1540 2620 potest,
1573 2568 1627 2607 ut
1650 2563 1804 2607 eliciat
1828 2568 1958 2607 actus
1975 2563 2141 2607 amoris

266 2637 378 2683 Dei:
414 2643 522 2681 sunt
554 2651 659 2693 ergo
693 2642 818 2682 aetus
852 2639 989 2682 eliciti
1022 2639 1279 2691 voluntatis,
1313 2639 1391 2694 qni
1421 2639 1560 2681 simul
1592 2639 1809 2694 imperati
1838 2641 1953 2685 sunt,

418 2740 453 2768 e.
487 2728 629 2769 Actus
665 2727 879 2770 dicuntur
912 2727 1052 2770 etiam
1088 2727 1227 2770 eliciti
1257 2728 1433 2771 ratione
1466 2727 1629 2770 motivi
1652 2727 1838 2782 interni,
1861 2732 1907 2770 et
1930 2728 2144 2783 imperati

267 2800 444 2843 ratione
477 2800 638 2843 motivi
673 2801 865 2852 externi,
899 2805 1084 2856 propter
1124 2802 1241 2855 quod
1286 2807 1564 2855 exercentur,
1607 2801 1670 2844 sic
1713 2802 1873 2857 oratio,
1916 2815 2030 2857 quae
2071 2806 2141 2845 est

270 2880 399 2918 actus
434 2875 614 2918 elicitus
648 2875 898 2929 religionis,
932 2880 1085 2932 potest
1118 2888 1213 2918 esse
1246 2879 1374 2919 actus
1408 2876 1658 2930 imperatus
1702 2891 1729 2919 a
1760 2877 2060 2932 poenitentia,
2103 2876 2140 2919 si

270 2953 355 2994 fiat
389 2952 446 2994 ad
479 2952 742 2994 redimenda
775 2957 972 3006 peccata.
1037 2954 1106 2996 Ex
1139 2954 1210 2997 his
1241 2952 1539 3008 intelligitur,
1573 2952 1681 3006 quid
1714 2951 1978 3006 significent
2022 2952 2141 2994 theo-

267 3025 377 3080 logi,
400 3026 473 3068 ubi
503 3027 664 3069 docent
688 3040 824 3069 unam
850 3027 1071 3070 virt-utem
1094 3027 1318 3082 imperare
1340 3031 1468 3070 act-us
1487 3027 1680 3070 aliarum
1703 3027 1947 3081 virtutum,
1979 3039 2141 3081 nempe

269 3099 307 3142 si
340 3101 440 3154 quis
484 3114 537 3143 ex
580 3100 752 3143 motivo
800 3113 835 3143 6.
870 3114 912 3155 g.
958 3102 1166 3144 caritatis
1214 3101 1402 3157 pauperi
1454 3102 1534 3144 dat
1581 3102 1927 3156 eleemosynam,
1974 3100 2141 3144 caritas

267 3173 490 3228 imperare
524 3173 693 3216 dicitur
724 3177 876 3216 actum
910 3174 1244 3218 misericordiae

420 3264 466 3315 2.
512 3262 623 3314 Alii
667 3272 793 3314 sunt
841 3266 1061 3331 interni,
1117 3265 1208 3316 alii
1264 3266 1495 3329 externi,
1551 3264 1644 3315 alii
1699 3266 1891 3315 mixti:
1944 3265 2140 3315 interni

270 3362 555 3414 vocantur,
611 3354 703 3422 qui
758 3351 825 3403 ab
882 3355 1100 3404 animae
1154 3355 1413 3422 potentiis
1467 3371 1614 3404 mere
1655 3354 1886 3405 internis
1930 3354 2135 3422 perfici-

270 3448 437 3489 untur
478 3450 536 3490 ut
578 3451 732 3491 actus
774 3442 1082 3509 cogitandi3
1141 3444 1345 3493 externi
1384 3450 1670 3508 vocantur,
1714 3444 1808 3512 qui
1851 3445 1906 3509 (a
1946 3441 2134 3492 volun-

270 3530 404 3593 tate)
459 3547 555 3597 per
609 3547 814 3597 organa
872 3532 1113 3599 corporis
1166 3540 1395 3583 externa
1453 3532 1815 3600 perficiuntur
1873 3540 1928 3582 ut
1980 3541 2136 3582 actus
