2269 3898
685 77 750 119 De
784 74 1032 119 cessatione
1065 74 1373 131 obligationis.
1894 78 1980 120 181

100 210 313 261 tificem
357 209 689 279 quandoque
730 209 948 260 auferre
990 208 1134 260 illius
1162 209 1298 278 Iegis
1334 208 1758 278 obligationem:
1800 210 1983 278 reipsa

109 301 257 351 enim
300 299 600 368 dispensat,
658 306 718 348 ut
774 298 883 348 dici
926 297 1075 364 solet,
1143 300 1200 349 in
1243 300 1385 350 votis
1438 307 1490 350 et
1542 299 1883 362 iuramentis,
1927 300 1984 350 in

109 390 461 440 matrimonio
503 395 621 439 rato
671 396 724 438 et
764 388 820 438 in
864 387 1202 455 professione
1243 387 1514 457 religiosa.
1597 388 1805 439 Verum
1848 387 1986 439 haec

111 496 220 530 non
264 486 343 528 est
385 478 604 546 proprie
647 477 796 528 dicta
839 477 1179 545 dispensatio
1223 478 1280 528 in
1321 476 1441 545 lege
1482 485 1734 546 naturae,
1773 477 1867 528 sed
1896 495 1986 547 po-

108 568 217 618 tius
259 565 464 618 ablatio
509 565 871 631 condicionis,
924 584 954 616 a
998 567 1155 616 cuius
1208 567 1503 617 existentia
1545 565 1806 634 obligatio
1850 566 1986 635 legis

110 663 339 707 naturae
381 658 437 707 in
480 654 799 725 particulari
843 673 973 705 casu
1016 654 1320 723 dependet3
1363 654 1469 707 hac
1499 674 1624 724 ergo
1657 656 1985 707 condicione

100 745 294 797 ablata
336 755 513 796 cessat
554 746 720 795 etiam
763 743 1026 812 obligatio
1070 747 1146 811 (n.
1188 743 1294 808 95).

259 835 322 877 Ut
356 834 438 877 hoc
472 825 979 888 declaretur,'notanda
1012 838 1135 888 sunt,
1169 847 1283 888 quae
1316 837 1590 888 sequuntur:

261 910 299 950 1.
334 908 649 963 Obligationes
682 908 1027 967 legisxnaturae
1056 911 1165 951 sunt
1189 908 1385 963 duplicis
1408 908 1604 964 generis,
1634 908 1751 952 aliae
1784 908 1988 963 singulos

107 983 321 1026 afficiunt
354 982 713 1038 independenter
745 982 800 1026 ab
833 987 940 1025 actu
972 982 1228 1026 voluntatis
1261 983 1486 1026 humanae
1519 987 1571 1026 ut
1605 984 1726 1026 Deus
1760 976 1986 1037 colendus,

109 1062 323 1112 parentes
356 1057 623 1112 honorandi,
656 1071 745 1100 non
779 1056 1091 1100 mentiendum
1127 1061 1235 1108 etc.;
1270 1057 1388 1101 aliae
1421 1070 1526 1101 vero
1550 1057 1755 1112 singulos
1774 1056 1988 1100 afficiunt

110 1133 255 1176 solum
292 1133 600 1187 dependenter
632 1132 687 1175 ab
721 1136 827 1175 actu
859 1131 1115 1174 voluntatis
1164 1132 1404 1186 humanae,
1453 1132 1675 1175 eiusmodi
1726 1135 1835 1175 sunt
1884 1131 1988 1175 obli-

109 1207 334 1262 gationes,
369 1220 482 1262 quae
515 1221 569 1250 ex
603 1206 927 1260 contractibUS,
960 1206 1096 1260 votis,
1130 1206 1401 1250 iuramentis
1435 1206 1657 1252 oriuntur.

260 1283 300 1324 Ξ).
336 1281 388 1324 In
423 1281 782 1336 obligationibus
826 1280 961 1336 primi
1007 1280 1185 1335 generis
1230 1295 1434 1324 summus
1478 1281 1689 1336 pontifex
1730 1281 1990 1336 dispensare

108 1355 295 1410 nequit,·
330 1355 378 1398 in
413 1355 771 1411 obligationibus
806 1355 990 1398 secundi
1025 1355 1206 1410 generis
1239 1356 1421 1411 proprie
1453 1371 1543 1399 non
1590 1356 1840 1411 dispensat,
1883 1356 1990 1411 quia

109 1430 438 1485 obligationem
473 1431 589 1486 legis
621 1429 849 1473 naturalis
880 1430 1055 1483 (votum
1103 1443 1198 1473 esse
1239 1430 1538 1485 implendum,
1579 1430 1851 1486 promissum
1896 1443 1990 1474 esse

114 1506 406 1558 servandum)
436 1519 525 1548 non
559 1506 753 1558 relaxat,
785 1505 862 1548 sed
897 1518 976 1560 pro
1020 1509 1266 1559 potestate,
1309 1518 1398 1559 qua
1437 1505 1590 1548 utitur
1621 1505 1669 1548 in
1702 1506 1989 1548 voluntatem

111 1581 373 1635 humanam,
409 1580 658 1636 permittit,
692 1586 746 1623 ut
779 1583 909 1623 actus
943 1579 1214 1633 voluntatis,
1248 1593 1333 1633 quo
1368 1579 1590 1635 obligatio
1625 1580 1741 1635 legis
1763 1578 1988 1623 naturalis

111 1654 161 1698 in
198 1655 466 1710 particulari
501 1668 606 1698 casu
640 1654 830 1697 inducta
863 1660 946 1708 est,
980 1654 1151 1697 mutari
1186 1667 1264 1697 seu
1296 1655 1536 1698 retractari
1570 1654 1728 1711 possit,
1762 1667 1848 1708 quo
1870 1656 1992 1698 facto

110 1729 212 1784 ipsa
246 1728 468 1785 obligatio
501 1729 549 1772 in
583 1729 665 1772 hoc
687 1729 927 1772 individuo
952 1734 1113 1772 cessat.
1178 1729 1263 1772 Sed
1288 1729 1394 1783 quia
1417 1729 1640 1784 obligatio
1664 1732 1898 1772 contracta
1923 1733 1992 1773 est

107 1817 220 1858 erga
254 1804 416 1857 Deum,
451 1808 580 1846 actus
614 1802 871 1846 voluntatis
904 1804 1131 1847 humanae
1168 1803 1387 1847 inducens
1421 1802 1747 1858 obligationem
1788 1817 1878 1846 non
1912 1817 1991 1859 pro

106 1878 316 1933 arbitrio,
350 1879 427 1922 sed
462 1879 606 1921 solum
641 1879 734 1921 Deo
769 1879 1080 1922 consentiente
1115 1879 1284 1922 mutari
1319 1884 1364 1921 et
1396 1878 1636 1921 retractari
1670 1882 1835 1934 potest.
1869 1879 1989 1921 Dum

107 1966 218 2008 ergo
253 1966 456 1996 summus
489 1953 698 2008 pontifex
731 1967 785 1996 ex
832 1953 957 1997 iusta
997 1967 1131 1997 causa
1180 1952 1430 2008 dispensat,
1461 1952 1569 2007 ,ipse
1614 1953 1812 1996 declarat
1845 1953 1991 1996 Deum

106 2027 161 2070 vin
196 2027 500 2070 mutationem
534 2026 791 2071 voluntatis
826 2028 1093 2071 consentire.

262 2102 302 2144 3.
337 2103 406 2145 Ex
439 2102 510 2145 his
543 2107 674 2158 patet
707 2116 936 2146 summum
971 2102 1234 2158 pontificem
1279 2101 1442 2146 habere
1490 2105 1767 2157 potestatem
1818 2101 1992 2157 dispen-

107 2178 243 2222 sandi
285 2177 336 2220 in
382 2178 483 2232 lege
516 2177 717 2221 naturali
757 2177 913 2220 divina
945 2178 1072 2220 aliud
1104 2192 1194 2221 non
1228 2177 1503 2233 significare,
1536 2176 1626 2221 nisi
1661 2191 1693 2219 s.
1727 2175 1992 2231 pontificem

113 2252 345 2296 declarare
380 2266 522 2307 posse,
557 2253 736 2306 quando
771 2253 892 2295 Deus
924 2252 973 2295 in
1006 2252 1308 2296 mutationem
1350 2251 1622 2307 voluntatis,
1666 2265 1720 2295 ex
1763 2265 1850 2306 qua
1895 2256 1995 2294 ort-a

107 2332 183 2370 est
217 2326 439 2382 obligatio
474 2327 605 2382 legiS,
640 2327 910 2370 consentiat.
975 2327 1097 2371 Deus
1131 2332 1284 2370 autem
1310 2341 1342 2370 s.
1367 2326 1632 2382 pontificem
1656 2326 1740 2369 hac
1763 2329 1993 2381 potestate

114 2400 395 2444 instructum
431 2414 526 2445 esse
559 2402 724 2456 voluit,
758 2401 865 2457 quia
897 2403 944 2445 id
978 2401 1190 2445 fidelibus
1223 2415 1312 2445 non
1345 2402 1490 2444 solum
1524 2400 1724 2456 expedit,
1758 2401 1835 2444 sed
1860 2414 1994 2455 quan-

114 2476 259 2530 doque
283 2476 417 2530 plane
439 2476 742 2520 necessarium
766 2481 848 2520 est.
896 2477 1193 2521 Considerata
1215 2476 1334 2520 enim
1358 2476 1465 2519 hinc
1485 2489 1635 2519 rerum
1659 2476 1993 2518 mundanarum

108 2549 441 2605 inconstantia,
475 2551 581 2594 inde
614 2551 848 2595 hominum
882 2551 1195 2607 imprudentia
1228 2555 1273 2594 et
1306 2551 1717 2595 inconsideratione
1759 2564 1850 2593 non
1891 2562 1992 2593 raro

114 2626 187 2681 fit,
219 2630 271 2669 ut
305 2626 608 2682 obligationes
642 2640 696 2670 ex
728 2628 965 2670 voluntate
998 2627 1197 2670 humana
1245 2630 1503 2670 contractae
1547 2624 1805 2669 hominibus
1846 2624 1997 2680 magis

108 2701 301 2745 nocivae
338 2715 473 2757 quam
507 2701 646 2745 utiles
680 2701 830 2757 sint¹).

558 2882 592 2937 ἕ
623 2884 679 2926 2.
744 2883 830 2927 De
861 2885 1050 2926 causis
1082 2884 1546 2936 dispensationis·

267 2998 394 3054 160.
435 2999 770 3054 Necessitas
813 3014 1044 3053 causae.
1088 2999 1145 3051 Si
1172 3001 1377 3068 petitur
1403 2999 1759 3069 dispensatiO,
1796 3017 1987 3050 causae

113 3089 537 3158 dispensationis
578 3089 802 3159 allegari
847 3090 1068 3143 debent.
1122 3088 1336 3141 Causae
1377 3091 1513 3141 istae
1553 3089 1814 3158 gravitati
1855 3087 1993 3156 legis

114 3178 323 3230 debent
345 3196 462 3229 esse
491 3181 965 3247 proportionatae3
998 3196 1272 3249 quaenam
1295 3186 1479 3230 autem
1504 3179 1613 3230 sint
1635 3177 1991 3240 sufficienteS‚

116 3268 325 3319 iudicio
380 3267 640 3337 prudenti
694 3269 1065 3338 dispensantis
1118 3268 1543 3338 relinquendum
1587 3276 1696 3334 est3
1745 3273 1992 3318 attamen

274 3446 306 3499 1>
341 3447 407 3490 Cf.
445 3445 935 3490 Ballerim'-Palmieri
966 3446 1002 3489 Ι.
1035 3461 1078 3489 11.
1113 3446 1200 3490 406
1235 3460 1292 3490 ss.
