2269 3898
311 183 395 226 132
1047 180 1112 221 De
1145 177 1448 220 matrimonio.

312 318 393 359 dus
441 322 508 359 est
549 328 789 358 consensus
834 312 997 355 summi
1047 311 1278 366 pontificis
1321 312 1377 353 ad
1422 310 1689 354 evitandum
1730 311 1992 354 scandalum
2036 316 2083 354 et
2123 311 2188 355 in-

308 392 510 435 famiam.

463 466 498 513 β.
533 463 630 505 Non
666 463 830 504 desunt
862 466 1068 503 auctores
1101 460 1344 513 (Genitori,
1393 461 1614 514 Gozisset),
1660 460 1736 514 qui
1779 460 1827 503 in
1871 474 1977 503 casn
2017 459 2187 515 gravis-

312 540 452 582 simae
484 536 770 580 necessitatis
805 535 1010 589 episcopo
1045 534 1297 577 concedunt
1332 538 1608 588 potestatem
1634 535 1927 589 dispensandi
1951 535 2022 578 vel
2047 534 2186 577 decla-

308 613 439 655 randi
476 613 620 666 legem
655 610 703 652 in
735 611 818 652 hoc
851 622 956 652 casu
998 620 1183 662 cessare,
1229 608 1367 651 etiam
1413 608 1450 650 si
1494 608 1872 663 impedimentum
1915 608 1977 650 sit
2020 613 2188 650 natura

310 701 391 730 sua
424 686 496 729 vel
529 684 832 728 materialiter
865 683 1112 738 publicum,
1146 682 1223 725 sed
1248 683 1380 737 facto
1414 682 1482 724 iel
1502 683 1773 738 formaliter
1797 683 2026 725 occultum.
2091 681 2187 735 Quo

307 762 355 804 in
391 774 495 803 casu
528 764 687 815 postea
720 758 902 801 omnino
936 757 1134 812 pet-enda
1167 761 1237 799 est
1272 756 1567 810 dispensati0‚
1600 760 1654 799 ut
1685 757 1733 799 in
1765 758 1863 800 foro
1905 760 2091 800 externo
2133 756 2187 798 de

309 834 646 889 dispensatione
679 837 870 887 constet,
904 832 941 874 si
974 831 1354 886 impedimentum
1387 832 1511 874 facto
1544 831 1711 875 evadat
1742 831 2025 886 publicum1).

462 911 505 963 b.
554 910 618 960 In
662 908 1073 977 impedimentis
1101 905 1332 973 occultis,
1375 925 1506 975 quae
1549 914 1811 957 contracto
1842 905 2043 957 demum
2083 925 2189 957 ma-

310 1001 552 1051 trimonio
596 999 922 1068 deteyuntzm
967 998 1098 1065 quia
1141 994 1452 1064 periculum
1483 1002 1564 1046 est
1605 996 1661 1046 in
1692 1013 1859 1061 mora7
1906 1013 2033 1046 cum
2062 1013 2186 1046 con—

310 1091 464 1158 iuges
521 1106 623 1139 nec
678 1089 795 1138 sine
849 1085 1110 1137 scandalo
1167 1085 1255 1135 vel
1315 1085 1547 1136 infamia
1603 1086 1847 1154 separari
1900 1103 2003 1135 nec
2071 1086 2188 1135 sine

307 1177 551 1248 periculo
594 1178 810 1246 peccati
854 1175 1176 1227 cohabitare
1219 1176 1442 1243 possint.

454 1268 518 1310 Ut
550 1268 786 1323 episcopus
820 1266 904 1308 hac
934 1265 1160 1308 facultate
1192 1264 1262 1307 uti
1313 1263 1471 1318 possit,
1521 1262 1791 1318 requiritur:
1844 1278 1883 1306 α.
1932 1268 1986 1306 ut
2034 1264 2188 1307 matri·

306 1343 507 1386 monium
542 1355 688 1385 coram
724 1340 931 1390 ecclesia3
972 1342 1011 1389 13.
1044 1343 1096 1382 ut
1130 1339 1246 1382 bona
1279 1339 1370 1381 fide
1403 1339 1565 1382 saltem
1591 1351 1645 1381 ex
1667 1344 1799 1393 parte
1821 1338 1955 1380 unius
1979 1338 2186 1393 coniugis

306 1417 601 1464 celeliratum;
636 1431 676 1468 γ.
709 1420 762 1458 ut
796 1418 1161 1458 consummatum
1198 1413 1363 1462 fuerit;
1400 1412 1438 1452 ὃ.
1473 1416 1526 1455 ut
1559 1411 1939 1467 impedimentum
1961 1426 2043 1456 nec
2063 1414 2188 1455 facto

305 1506 385 1536 nec
416 1498 584 1535 natura
617 1504 698 1534 sua
731 1491 791 1533 sit
825 1489 1077 1545 publicum3
1130 1504 1164 1530 e.
1218 1494 1273 1530 ut
1323 1487 1626 1542 dispensabile
1678 1487 1754 1542 sit,
1806 1487 1855 1530 in
1908 1501 1994 1542 quo
2026 1500 2188 1542 nempe

304 1566 489 1611 ecclesia
521 1567 665 1609 soleat
699 1562 1011 1620 dispensareff).

454 1663 489 1695 c.
533 1643 599 1694 In
648 1641 1061 1709 impedimentis
1103 1638 1279 1690 dubiis
1320 1637 1476 1689 dubio
1505 1637 1684 1707 facti:
1737 1639 1940 1689 etenim
1997 1639 2041 1689 si
2091 1639 2187 1688 im-

306 1731 688 1801 pedimentum
732 1729 965 1781 dubium
1025 1736 1105 1779 est
1162 1727 1330 1778 dubio
1388 1729 1538 1791 iuris,
1598 1726 1842 1779 declarat
1896 1729 2187 1797 episcopus

307 1822 721 1873 matrimonium
789 1827 906 1871 tuto
966 1817 1234 1869 celebrari
1277 1835 1463 1886 posse;
1519 1818 1562 1867 si
1605 1826 1787 1867 autem
1833 1816 2063 1868 dubium
2108 1824 2189 1868 est

305 1911 472 1962 dubio
514 1910 668 1976 facti,
713 1912 770 1960 in
815 1908 1090 1960 cautelam
1135 1907 1456 1976 dispensare
1499 1906 1649 1959 solet.

461 2075 588 2129 132.
644 2075 798 2128 d.1n
841 2073 1098 2124 omnibus
1158 2072 1543 2142 impedimentis
1603 2070 1972 2122 dirimentibus
2030 2071 2186 2122 etiam

297 2165 529 2236 publicis
573 2165 706 2215 iuris
749 2163 1106 2215 ecclesiastici
1150 2161 1387 2228 (duobus
1411 2163 1679 2230 exceptis)
1721 2160 1889 2230 idque
1931 2179 2057 2212 cum
2099 2162 2185 2223 iis,

305 2256 398 2324 qui
442 2257 499 2305 in
542 2255 891 2306 matrimonio
935 2251 1087 2303 civili
1130 2251 1218 2302 vel
1260 2251 1395 2302 alias
1437 2253 1493 2302 in
1536 2250 1911 2302 concubinatu
1964 2251 2182 2315 vivunt,

305 2347 347 2396 si
391 2363 536 2396 unus
578 2362 764 2395 eorum
808 2344 863 2394 in
908 2343 1098 2394 mortis
1139 2340 1384 2410 periculo
1428 2349 1680 2393 versatur
1721 2349 1777 2392 ut
1831 2341 2077 2392 morituri
2126 2343 2184 2392 in

289 2434 442 2505 facie
484 2433 730 2485 ecclesiae
770 2434 872 2484 rite
913 2430 1159 2502 copulari
1188 2440 1236 2481 et
1255 2432 1513 2500 propriae
1540 2431 1889 2482 conscientiae
1916 2430 2184 2481 consulere

296 2525 577 2595 possinffi).

454 2644 494 2672 a.
527 2628 643 2674 Hae
680 2626 989 2674 condiciones
1033 2625 1368 2683 requiruntur,
1402 2632 1458 2669 ut
1491 2624 1746 2682 episcopus
1780 2623 1883 2680 (vel
1917 2624 2182 2683 parochus)

303 2705 396 2751 hac
429 2704 678 2750 facultate
712 2702 785 2748 uti
818 2701 996 2760 possit:
1044 2715 1084 2743 α.
1119 2705 1173 2745 ut
1207 2704 1440 2757 aegrotus
1481 2699 1530 2744 in
1575 2699 1888 2745 matrimonio
1933 2699 2070 2746 civili
2101 2700 2181 2746 vel

304 2780 351 2825 in
389 2778 717 2825 concubinatu
750 2777 912 2831 vivat3
965 2777 1003 2825 13.
1037 2781 1091 2820 ut
1123 2780 1329 2833 propter
1362 2775 1535 2819 mortis
1582 2774 1854 2833 periculum
1901 2774 2025 2831 quod
2072 2788 2184 2833 pru-

460 2957 493 3010 1)
529 2957 594 3000 Cf.
629 2956 856 2998 Mom'tore
889 2955 1042 2998 eccles.
1075 2954 1177 2996 XII.
1211 2953 1367 3007 (1900)
1400 2968 1441 3009 p.
1479 2954 1534 2996 16
1568 2967 1625 2998 ss,

456 3030 488 3084 2)
519 3031 796 3074 Benedictus
830 3029 955 3073 XIV.
990 3030 1057 3073 De
1074 3029 1259 3087 (synodo
1292 3029 1321 3072 l.
1356 3028 1395 3071 9.
1432 3042 1467 3072 c.
1501 3028 1542 3071 2.
1575 3042 1619 3071 n.
1654 3030 1691 3072 1.

458 3104 863 3160 ³)Amplissi1nam
899 3104 1014 3147 hanc
1047 3090 1325 3158 potestatem
1373 3102 1594 3158 episcopis
1639 3103 1858 3147 concessit
1900 3103 1996 3145 Leo
2044 3101 2181 3146 XIII.

304 3194 381 3236 per
416 3181 645 3224 decretum
679 3193 714 3221 S·
755 3180 906 3235 Officii
936 3178 1005 3221 ΞΟ.
1038 3178 1149 3221 febr.
1188 3177 1303 3221 1888
1336 3191 1498 3232 nempe
1533 3176 1855 3234 „dispensandi
1889 3176 1985 3220 sive
2025 3189 2104 3231 per
2136 3188 2183 3218 se

305 3255 398 3298 sive
431 3268 510 3310 per
543 3253 892 3298 ecclesiasticam
927 3266 1160 3308 personam
1198 3252 1283 3296 sibi
1330 3252 1439 3296 bene
1482 3252 1626 3295 visam
1669 3257 1880 3306 aegrotos
1920 3251 1968 3294 in
2011 3249 2182 3305 gravis-

304 3329 416 3372 simo
450 3328 610 3371 mortis
644 3327 840 3382 periculo
888 3328 1177 3383 constitutos,
1221 3328 1400 3382 quando
1439 3341 1529 3370 non
1570 3326 1776 3381 suppetit
1820 3333 2001 3380 tempus
2040 3338 2182 3368 recur-

302 3402 430 3446 rendi
475 3403 532 3445 ad
577 3415 609 3446 s,
660 3401 825 3456 sedem,
875 3415 1007 3456 super
1054 3402 1395 3456 impedimentis
1443 3400 1739 3456 quantumvis
1786 3400 1980 3456 publicis
2027 3398 2181 3442 matri-

304 3477 503 3520 monium
546 3475 847 3519 ecclesiastico
891 3476 988 3519 iure
1041 3476 1362 3519 dirimentibus
1414 3481 1601 3530 excepto
1654 3488 1777 3518 sacro
1839 3473 2181 3529 presbyteratus

304 3551 460 3593 ordine
493 3555 539 3593 et
571 3551 808 3593 affinitate
839 3549 985 3593 lineae
1017 3555 1167 3593 rectae
1199 3564 1253 3593 ex
1287 3551 1447 3605 copula
1478 3550 1608 3593 licita
1641 3548 1976 3604 proveniente.“
