2269 3898
738 87 804 130 De
835 90 1001 130 natura
1035 87 1344 132 conscientiae.
1887 91 1972 133 <207

110 219 216 262 dum
240 232 335 262 esse
357 232 532 262 sacrum
556 223 602 262 et
631 219 783 274 pergit
807 220 865 262 ad
888 219 1163 263 audiendum
1189 233 1378 276 sacrum,
1409 235 1499 265 non
1532 225 1716 265 tenetur
1742 222 1974 276 inquirens

109 292 351 336 veritatem
387 292 607 348 deponere
639 306 846 336 errorem.

256 426 406 469 Nota.
474 426 538 468 Ut
562 426 864 469 confessarius
889 426 1150 481 dignoscere
1173 427 1332 482 possit,
1365 432 1519 471 utrum
1544 427 1819 472 conscientia
1835 426 1975 470 fuerit

111 499 442 543 invincibiliter
481 514 539 543 an
579 499 861 544 vincibiliter
893 514 1091 555 erronea,
1123 501 1377 556 interroget
1410 503 1745 556 poenitentem:
1793 516 1832 544 a.
1867 514 1975 544 num

115 573 315 629 aliquam
349 573 656 617 indecentiam
689 574 737 617 in
781 578 887 618 actu
930 574 1182 618 adverterit
1221 575 1293 618 vel
1337 577 1498 619 saltem
1545 577 1598 619 de
1638 576 1732 619 eius
1774 575 1978 618 liceitate

110 647 415 699 dubitave1·it;
451 648 488 691 b.
521 662 630 691 num
665 648 940 692 conscientia
972 648 1060 704 ipsi
1096 649 1339 692 dictaverit
1374 650 1570 704 aliquem
1605 664 1655 693 ea
1680 651 1732 693 de
1761 664 1807 693 re
1842 649 1976 692 inter-

108 723 361 777 rogandum
396 735 503 767 esse.
569 721 737 776 Quodsi
786 727 1032 778 utrumque
1078 728 1232 779 neget,
1281 737 1402 767 error
1449 725 1540 767 fuit
1588 723 1888 767 invincibilis:
1939 722 1975 764 si

107 797 382 840 alterutrum
406 797 624 851 affirmet,
648 810 769 840 error
791 797 1020 841 vincibilis
1044 802 1091 841 et
1114 797 1354 852 culpabilis
1377 798 1485 853 fuit,
1504 802 1547 841 et
1568 797 1748 852 quidem
1773 797 1977 852 graviter

107 869 361 925 culpabilis,
381 870 417 913 si
435 883 543 914 rem.
579 871 632 914 de
650 884 738 925 qua
756 871 993 926 agebatur,
1018 875 1071 914 ut
1089 885 1181 915 rem
1202 872 1358 927 magni
1376 872 1595 916 momenti
1614 871 1975 926 apprehenderit.

262 1019 389 1073 187.
433 1020 518 1072 De
561 1021 929 1074 conscientia
967 1021 1125 1074 laxa.
1170 1020 1521 1073 Conscientia
1563 1020 1694 1071 laxa
1737 1019 1975 1088 quando-

110 1127 214 1179 que
264 1108 494 1160 habitum
548 1109 788 1176 denotat,
843 1110 995 1161 illam
1050 1129 1250 1180 nempe
1306 1112 1478 1162 animi
1539 1110 2003 1200 dispositionemff'2

106 1216 247 1268 quae
288 1198 465 1250 tendit
506 1200 562 1249 in
603 1198 866 1250 moralem
906 1199 1219 1251 libertatem
1274 1199 1396 1269 plus
1451 1217 1625 1269 aequo
1682 1197 2009 1274 extenden-{ff⁸

107 1286 263 1347 dam3
323 1288 366 1338 si
410 1296 581 1339 actum
631 1287 922 1356 significat,
977 1296 1057 1339 est
1114 1289 1403 1352 iudicium,
1463 1288 1612 1357 quod
1662 1307 1730 1339 ex
1771 1268 2014 1351 leviore,-

107 1378 314 1428 motivo
357 1376 568 1428 iudicat
607 1376 821 1428 licitum
864 1396 996 1444 esse,
1058 1377 1205 1447 quod
1246 1377 1519 1446 illicitum,
1564 1376 1653 1429 vel
1692 1377 1814 1428 leve
1856 1393 1977 1445 pec-

107 1474 290 1517 catum
348 1484 480 1531 esse,
533 1466 682 1536 quod
734 1484 905 1535 grave
960 1474 1054 1519 est.
1137 1467 1205 1518 Et
1246 1468 1585 1518 conscientia
1640 1465 1768 1517 laxa
1811 1483 1979 1517 conse-

105 1575 266 1626 quens
307 1564 386 1606 est
414 1555 702 1617 iudicium,
747 1555 895 1625 quod
936 1574 1006 1606 ex
1041 1555 1151 1606 levi
1182 1556 1388 1606 motivo
1419 1556 1630 1607 iudicat
1670 1573 1780 1607 non
1812 1554 1980 1605 fuisse

103 1663 274 1714 grave
315 1652 619 1714 peccatum,
664 1644 760 1696 ubi
801 1646 983 1714 reipsa
1023 1662 1193 1713 grave
1237 1645 1596 1696 commissum
1640 1645 1759 1696 fuit.

255 1734 549 1804 Poincipia
601 1754 648 1787 a.
694 1732 988 1786 Ordinarie
1030 1736 1276 1803 graviter
1316 1742 1564 1804 peccant
1609 1735 1702 1804 qui
1745 1735 1981 1805 scienter

106 1841 177 1874 ex
204 1824 540 1874 conscientia
567 1822 696 1874 laxa
726 1831 1084 1893 praeceptum
1115 1825 1172 1875 in
1202 1843 1259 1875 1e
1289 1826 1447 1893 gravi
1470 1802 1978 1892 transgrediuntur

107 1911 197 1964 vel
247 1914 394 1964 enim
450 1912 733 1983 con-fusam
787 1914 974 1981 gravis
1032 1915 1247 1982 peccati
1318 1915 1691 1981 cognitionem
1751 1912 2126 1978 habent,

106 2001 195 2053 vel
236 2003 280 2054 si
319 2001 463 2053 hanc
493 2019 603 2053 non
632 2000 856 2068 habent,
901 2003 993 2071 qui
1024 2004 1081 2053 in
1109 2021 1166 2053 re
1196 2004 1353 2071 gravi
1398 2004 1633 2055 scienter
1673 2010 1976 2072 sequuntur

107 2092 501 2143 conscientiam
544 2089 746 2156 laxam,
791 2092 1028 2143 scienter
1082 2111 1138 2143 se
1195 2100 1482 2162 exponunt
1535 2091 1778 2161 periculo
1830 2109 1979 2161 prae·
1991 2119 2024 2121 γι

106 2188 329 2250 ceptum
393 2198 562 2249 grave
630 2179 896 2232 violandi.
974 2181 1169 2251 Neque
1224 2200 1314 2234 eos
1368 2191 1597 2233 excusat
1653 2200 1816 2247 error,
1863 2198 1979 2274 quo

108 2269 358 2322 iudicant
397 2288 506 2322 non
550 2288 664 2321 esse
705 2278 1012 2338 peccatum,
1064 2273 1195 2341 quia
1236 2289 1384 2323 error
1424 2271 1769 2323 voluntarius
1811 2278 1906 2323 est.

258 2358 345 2412 Qui
379 2359 588 2402 nesciunt
622 2372 668 2402 se
702 2372 796 2402 esse
828 2360 959 2403 laxae
992 2360 1295 2404 conscientiae
1328 2366 1374 2404 et
1416 2361 1475 2404 ad
1519 2361 1745 2404 malitiam
1789 2359 1980 2404 actionis

107 2448 167 2478 ne
198 2434 246 2478 in
279 2435 463 2477 confuso
497 2434 678 2488 quidem
726 2435 989 2490 advertunt,
1032 2440 1217 2490 propter
1258 2435 1569 2490 ignorantiam
1610 2449 1636 2478 a
1683 2439 1865 2489 peccato
1913 2446 1980 2476 ex-

111 2513 341 2553 cusantur.
374 2509 519 2551 Immo
552 2508 692 2552 etiam
725 2508 819 2563 ille,
853 2509 929 2563 qui
962 2509 1047 2552 scit
1082 2523 1127 2553 se
1159 2523 1255 2553 esse
1286 2511 1417 2553 laxae
1464 2509 1780 2563 conscientiae,
1820 2522 1845 2551 a
1888 2521 1981 2562 pec-

111 2588 212 2628 cato
260 2583 445 2626 mortali
491 2583 709 2626 immunis
757 2596 852 2627 esse
901 2590 1069 2639 potest,
1117 2583 1194 2627 ubi
1242 2597 1402 2639 nempe
1449 2597 1591 2638 neque
1639 2584 1695 2626 ad
1753 2581 1979 2624 malitiam

109 2657 305 2702 actionis
335 2671 479 2712 neque
511 2658 568 2701 ad
594 2657 921 2714 obligationem
946 2659 1203 2702 accuratius
1225 2659 1272 2702 in
1297 2658 1393 2702 eius
1417 2657 1643 2701 malitiam
1667 2655 1980 2711 investigandi

110 2746 167 2777 ne
197 2733 246 2776 in
278 2734 462 2776 confuso
496 2732 674 2787 quidem
711 2732 927 2778 advertit.
1876 2729 1878 2731 ’

263 2808 307 2860 b.
373 2808 439 2858 In
495 2806 663 2858 dubio
718 2807 785 2858 de
842 2807 1004 2876 pleno
1067 2826 1339 2859 consensu
1399 2809 1453 2858 in
1497 2814 1787 2876 peccatum
1830 2823 1979 2874 prae-

112 2897 443 2949 sumendum
497 2903 578 2947 est
626 2914 718 2948 eos
766 2895 926 2965 plene
969 2899 1327 2963 consensisse,
1373 2895 1841 2966 quemadmodum
1884 2894 1978 2961 illi)

112 2988 208 3056 qui
247 2981 537 3037 timoratae
580 2993 707 3036 sunt
748 2987 1137 3054 conscientiae,
1181 2988 1239 3038 in
1284 2985 1453 3037 dubio
1496 3004 1607 3037 non
1639 2986 1979 3036 consensisse

112 3082 564 3145 praesumuntur:
624 3093 694 3125 ex
735 3074 1013 3126 ordinarie
1072 3076 1219 3127 enim
1275 3074 1727 3143 contingentibus
1788 3072 1979 3124 morali

113 3162 443 3216 certitudine
484 3163 556 3214 ad
595 3164 927 3233 particulare
969 3166 1175 3216 factum
1217 3172 1364 3216 recte
1407 3163 1768 3216 concluditur.

263 3273 300 3306 c,
369 3251 477 3317 Qui
531 3250 658 3304 laxa
712 3255 1049 3306 conscientia
1099 3253 1329 3321 laborat,
1389 3253 1489 3306 sub
1531 3254 1688 3322 gravi
1731 3270 1851 3303 eam
1895 3250 2002 3302 de·
2001 3276 2003 3307 ι

115 3359 318 3411 ponere
358 3347 590 3408 tenetur7
633 3342 763 3411 quia
792 3343 1067 3412 deponere
1095 3351 1314 3437 tenetur
1340 3342 1621 3395 habituale
1655 3335 2001 3411 periculum

117 3430 174 3481 in
216 3448 321 3499 quo
367 3437 630 3498 versatur,
671 3433 916 3515 grav1ter
956 3433 1261 3525 peccandi.
1274 3441 1314 3505 52³

33 3711 91 3767 >ij
46 3670 335 3755 afflant,
470 3736 478 3749 ,
497 3703 502 3751 ἶ
524 3722 680 3772 ὼ
734 3742 738 3753 1
869 3725 875 3728 <
902 3698 1029 3761 ’Ξῖ

21 3811 98 3871 θῖ
383 3835 498 3847 Uva-—

65 3795 166 3870 ἵζ’-,χω
182 3844 243 3873 ⁴³!
294 3859 332 3885 *ί
393 3884 397 3888 -
428 3865 473 3896 ²¹-ss
506 3877 524 3895 γ’
560 3877 593 3893 »J
612 3876 663 3892 ·⁴-:-=
689 3856 753 3896 *ΓΑ
