2269 3898
726 67 794 110 De
826 65 1077 110 cessatione
1110 65 1420 120 obligationis.
1924 65 2008 107 175

135 201 431 245 ieiunandum
456 214 501 244 se
524 200 743 254 impotem
766 199 972 251 reddere;
997 199 1105 243 licet
1128 205 1281 242 autem
1305 212 1359 242 ex
1382 198 1592 254 graviore
1615 210 1749 241 causa
1770 196 1818 239 id
1840 198 2007 249 facere3

135 279 187 319 at
219 275 366 331 pridie
390 274 479 318 diei
502 273 662 317 ieiunii
685 273 794 316 licet
825 273 964 316 etiam
988 273 1281 316 recreationis
1311 287 1446 316 causa
1467 271 1703 316 venationi
1725 284 1885 314 vacare
1908 284 2008 314 cum

137 349 421 406 praevisione
452 353 632 404 postero
666 347 755 390 diei
788 347 1010 390 ieiunium
1043 346 1325 402 impossibile
1356 349 1466 391 fore.

283 438 317 467 c.
350 424 497 466 Multo
530 421 715 477 gravior
747 435 881 465 causa
913 422 1177 476 requiritur,
1211 425 1266 464 ut
1291 421 1391 475 quis
1414 422 1679 475 frequenter
1700 421 1772 463 vel
1796 419 2009 463 continuo

136 512 182 543 se
212 498 431 554 impotem
464 498 629 541 reddat
670 496 728 539 ad
771 496 1041 539 servandam
1074 496 1237 550 legem,
1281 509 1414 549 quam
1456 500 1510 537 ut
1543 495 1679 537 semel
1711 498 1895 537 tantum
1928 498 2010 537 aut

135 587 235 617 raro
267 573 315 616 id
348 575 447 616 fiat.
489 572 610 615 Hinc
642 574 762 614 certe
783 583 874 612 non
896 569 1004 613 licet
1027 574 1125 612 toto
1150 576 1355 623 tempore
1385 568 1643 611 autumnali
1668 567 1853 611 sabbato
1878 580 2010 610 mane

136 650 351 691 venatum
397 646 519 690 exire
561 659 661 689 cum
704 644 990 700 praevisione
1035 643 1241 698 sequenti
1284 643 1356 686 die
1399 642 1682 686 auditionem
1717 641 1881 685 missae
1913 643 2010 684 fore

139 721 484 777 impossibilem,
517 720 604 764 etsi
636 720 684 763 id
718 720 855 763 semel
888 719 960 762 vel
993 718 1160 762 iterum
1193 717 1343 761 liceat.

753 956 1047 1015 Articulus
1090 955 1388 1014 secundus,

561 1081 652 1120 De
701 1079 1288 1129 dispensatione
1342 1074 1591 1128 legis¹).

285 1228 414 1282 153.
457 1228 653 1281 Notio.
739 1229 783 1278 1.
837 1227 1186 1297 Dispensatio
1245 1225 1508 1277 definitur
1558 1223 1825 1275 relaxatio
1875 1222 2012 1291 legis

138 1320 192 1370 in
234 1317 555 1387 particulari
598 1335 730 1368 casu
772 1336 803 1367 a
843 1316 1092 1384 legitima
1151 1316 1478 1366 auctoritate
1520 1314 1682 1365 facta.
1762 1313 1866 1364 Per
1909 1312 2011 1363 dis-

138 1409 518 1478 pensationem
561 1424 688 1474 ergo
732 1413 992 1456 manente
1035 1404 1170 1474 legis
1201 1403 1540 1472 obligatione
1567 1403 1748 1473 quoad
1774 1402 2012 1472 reliquos

137 1516 206 1549 ex
231 1496 516 1548 voluntate
559 1497 856 1565 superioris
899 1494 1081 1564 quoad
1120 1494 1481 1563 particulares
1511 1493 1723 1563 aliquas
1752 1510 2013 1562 personas

136 1588 254 1638 eius
296 1584 557 1654 obligatio
599 1584 862 1638 aufertur.

286 1705 326 1733 a.
360 1689 653 1745 Dispensatio
687 1693 755 1733 est
790 1692 918 1732 actus
950 1689 1298 1741 im‘isdiez‘ionis·J
1341 1688 1417 1743 qui
1460 1692 1566 1731 actu
1606 1687 1862 1731 voluntatis
1896 1699 2013 1730 exer-

138 1770 290 1818 cetur3
327 1778 464 1819 quare
497 1764 700 1819 superior
734 1763 1120 1819 dispensationem
1155 1764 1393 1807 concedere
1424 1777 1514 1806 non
1548 1766 1714 1818 potest,
1747 1761 1836 1804 nisi
1869 1761 2012 1804 sciens

134 1844 180 1883 et
216 1840 391 1889 volens;
433 1839 557 1882 valet
591 1845 744 1882 autem
781 1839 1063 1894 dispensatio
1098 1842 1225 1882 metu
1248 1842 1443 1892 extorta,
1478 1838 1611 1881 modo
1634 1837 1837 1892 superior
1859 1837 2012 1880 volun-

135 1918 279 1958 tatem
315 1914 608 1969 dispensandi
649 1915 876 1969 habuerit,
918 1914 1023 1968 quia
1066 1918 1216 1957 metus
1259 1927 1348 1956 non
1392 1913 1519 1956 tollit
1562 1912 1887 1963 voluntarium,
1931 1924 2011 1954 nec

136 1991 209 2033 lex
242 1989 444 2045 positiva
475 1988 697 2032 eiusmodi
733 1988 1119 2044 dispensationem
1153 1988 1333 2031 irritam
1370 1988 1582 2031 declarat.

286 2079 321 2121 b.
356 2078 527 2122 Differt
550 2092 576 2121 a
598 2078 797 2131 licentia,
830 2092 917 2133 qua
939 2079 1013 2121 lex
1035 2092 1124 2121 non
1147 2078 1396 2132 relaxatur,
1430 2078 1507 2120 sed
1531 2077 1683 2132 potius
1707 2076 2011 2131 adimpletur:

141 2153 330 2197 licentia
363 2152 481 2196 enim
515 2154 662 2196 locum
696 2153 848 2208 habet,
883 2153 1062 2208 quando
1095 2154 1168 2196 lex
1202 2152 1401 2207 aliquam
1435 2166 1528 2196 rem
1560 2165 1651 2194 non
1681 2151 1902 2206 absolute,
1936 2152 2012 2194 sed

141 2228 286 2271 solum
322 2227 403 2270 sub
437 2227 696 2271 condicione
729 2227 952 2282 prohibet,
986 2240 1042 2270 ne
1075 2227 1246 2270 scilicet
1278 2226 1375 2270 sine
1405 2240 1623 2270 consensu
1646 2226 1890 2282 superioris
1912 2228 2012 2269 fiat.

137 2302 210 2345 Sic
241 2302 280 2345 si
312 2302 385 2345 lex
417 2301 643 2357 prohibet,
675 2315 731 2345 ne
763 2301 1005 2357 religiosus
1044 2302 1174 2345 domo
1197 2301 1462 2357 egrediatur
1495 2301 1592 2345 sine
1614 2301 1859 2357 superioris
1881 2301 2011 2344 licen-

139 2377 221 2432 tia,
264 2376 318 2432 is,
363 2376 439 2431 qui
472 2376 704 2420 licentiam
739 2376 873 2432 petit,
915 2390 1004 2419 non
1038 2376 1159 2431 petit
1190 2377 1306 2432 legis
1349 2376 1692 2431 relaxationem,
1741 2376 1818 2420 sed
1865 2377 2012 2431 legem

138 2452 361 2496 observat.
425 2451 594 2494 Differt
628 2465 655 2494 a
687 2451 1013 2505 declaratione,
1058 2465 1145 2506 qua
1184 2452 1417 2494 iudicatur
1459 2451 1655 2505 aliquem
1690 2464 1841 2494 casum
1875 2450 2012 2505 parti-

138 2527 334 2570 cularem
368 2540 394 2569 a
435 2527 536 2581 lege
579 2526 895 2581 excipiendum
942 2539 1049 2570 esse.
1114 2526 1374 2570 Declaratio
1423 2526 1520 2569 sine
1566 2527 1663 2569 ulla
1710 2529 1940 2580 potestate
1986 2540 2012 2568 a

138 2600 297 2655 quovis
337 2600 518 2655 privato
566 2601 666 2644 fieri
709 2605 876 2656 potest,
927 2601 989 2644 sic
1033 2601 1234 2645 medicus
1280 2602 1505 2645 declarare
1546 2604 1699 2655 potest
1741 2600 1938 2655 aliquem
1987 2615 2013 2643 a

138 2674 306 2718 ieiunio
340 2674 558 2730 excusari,
591 2675 627 2718 si
663 2676 825 2719 merito
870 2676 1045 2719 iudicat
1088 2676 1311 2719 ieiunium
1345 2675 1384 2719 ei
1434 2675 1487 2718 ob
1522 2675 1807 2719 debilitatem
1854 2688 2011 2719 nocere

139 2761 279 2804 posse.
318 2748 489 2792 Differt
521 2762 548 2792 a
569 2749 830 2806 prieilegsio,
864 2751 982 2805 quod
1015 2764 1069 2794 ex
1103 2763 1148 2794 se
1181 2754 1451 2806 perpetuum
1477 2754 1523 2794 et
1544 2764 1634 2794 non
1658 2763 1833 2806 semper
1856 2754 2012 2794 contra

138 2825 285 2879 legem
319 2828 402 2878 est,
439 2823 718 2879 dispensatio
752 2830 935 2869 econtra
968 2839 1020 2869 ex
1055 2839 1101 2869 se
1133 2826 1191 2869 ad
1234 2829 1416 2881 tempus
1459 2825 1720 2869 conceditur
1759 2832 1806 2869 et
1839 2838 2012 2880 semper

137 2904 294 2942 contra
324 2899 472 2954 legem
505 2902 587 2942 est.

287 3003 319 3031 e.
361 2987 616 3032 Discrimen
657 2988 779 3032 inter
825 2989 1210 3045 dispensationem
1256 2994 1301 3034 et
1346 2990 1580 3034 licentiam
1623 3004 1672 3034 eo
1717 2991 2010 3046 potissimum

142 3062 356 3118 cernitur,
404 3064 522 3118 quod
568 3077 800 3118 nunquam
856 3066 981 3109 valet
1019 3069 1293 3122 praesumta
1343 3065 1636 3122 dispensatio,
1684 3067 1809 3110 valet
1856 3070 2010 3110 autem

129 3139 400 3195 praesumta
444 3138 639 3183 lieentia.
704 3139 842 3182 Cuius
883 3140 948 3184 rei
982 3139 1165 3184 Saurea
1208 3141 1324 3184 hanc
1369 3140 1592 3184 rationem
1637 3141 1858 3196 assignat.
1922 3140 2010 3184 Ubi

144 3211 316 3266 aliquid
352 3210 631 3267 prohibetur,
663 3225 719 3255 ne
751 3214 835 3257 fiat
870 3214 967 3258 sine
997 3214 1198 3269 licentia,
1241 3215 1361 3258 actio
1393 3229 1482 3258 non
1515 3219 1584 3259 est
1617 3215 1886 3271 simpliciter
1916 3229 2010 3271 pro-

294 3360 326 3416 ¹)
361 3359 576 3415 Stieykr,
608 3361 947 3418 Dispensation‚
988 3365 1486 3420 Dispensationswesen
1518 3365 1611 3408 und
1647 3364 2010 3420 Dispensations-

144 3434 272 3477 recht
302 3434 365 3477 im
399 3435 726 3480 Kirchenrecht
756 3437 938 3494 (Mainz,
971 3438 1236 3484 Kirchheim
1270 3439 1415 3494 1901).
