2269 3898
265 126 351 169 ‘202
1000 124 1066 166 De
1099 122 1404 166 matrimonio.

414 257 830 302 Proclamationum
864 258 1011 299 forma
1043 256 1115 298 his
1156 255 1308 299 verbis
1351 254 1700 310 praescribitur:
1756 256 1876 313 „Das
1908 256 2142 312 Aufgebot

267 333 447 377 besteht
478 333 526 375 in
561 333 638 376 der
670 331 1040 386 Verkundigung
1074 331 1152 373 der
1184 329 1572 373 bevorstehenden
1605 330 1701 373 Ehe
1746 330 1833 373 mit
1864 331 2145 386 Anfiihrung

268 409 344 451 des
376 408 678 460 VornamenS,
727 405 1169 459 Familiennamens,
1218 403 1566 458 Geburtsortes,
1613 404 1821 459 Standes,
1868 405 2148 448 Wohnortes

267 481 418 525 beider
449 480 694 524 Verlobten
727 479 815 522 mit
860 479 937 523 der
969 479 1276 534 Erinnerung,
1319 479 1422 522 dass
1453 479 1742 533 jedermann,
1785 479 1885 523 dem
1929 478 2003 523 ein
2034 478 2153 522 Hin—

267 555 417 599 dernis
453 555 530 598 der
561 555 657 598 Ehe
690 553 893 597 bekannt
925 554 1003 608 ist,
1037 553 1180 597 selbes
1213 552 1434 608 anzeigen
1467 552 1619 596 solle.“

415 646 463 699 2.
511 644 584 695 Ut
625 645 801 695 omitti
843 645 1017 713 possit
1072 642 1450 713 proclamatiO,
1508 642 1749 711 petenda
1807 650 1887 694 est
1935 643 2145 713 dispen-

266 736 403 786 satio
445 735 728 804 potestatis
771 732 1028 802 politicae
1071 735 1128 784 in
1170 751 1231 784 eo
1276 734 1443 784 etiam
1486 750 1636 797 casn,
1691 750 1797 802 quo
1853 734 2037 801 sponsi
2089 734 2145 783 in

267 823 497 875 articulo
541 825 730 875 mortis
773 824 1204 891 coniunguntur.
1289 822 1626 891 Dispensare
1667 830 1876 891 potest:

418 948 465 980 a.
512 927 689 998 Super
730 927 976 980 secunda
1017 926 1106 978 vel
1147 928 1311 978 tertia
1338 925 1774 996 proclamatione
1801 925 2153 995 praefectura,

269 1017 487 1085 circuli3
531 1019 589 1068 in
631 1019 698 1069 iis
726 1035 858 1069 vero
890 1017 1229 1083 civitatibus,
1262 1035 1404 1087 quae
1431 1018 1657 1087 propria
1687 1022 1892 1068 statuta
1920 1014 2150 1082 habent,

268 1109 640 1176 magistratus.
664 1108 924 1161 civitatis,

417 1212 461 1265 b.
519 1212 693 1282 Super
749 1211 1007 1264 omnibus
1048 1209 1580 1280 proclamationibus
1620 1212 1678 1262 in
1719 1209 1926 1262 casibus
1968 1229 2149 1280 arqen-

269 1302 404 1354 tibus
428 1302 622 1353 eadem
645 1302 994 1372 praefectura
1017 1300 1107 1352 vel
1130 1301 1503 1369 magistratUS,
1529 1300 1675 1352 edito
1698 1308 1885 1352 tamen
1908 1301 2149 1370 partium

268 1394 575 1463 iuramento
633 1392 699 1443 de
754 1398 902 1443 statu
960 1390 1158 1458 libem,
1218 1392 1465 1460 ipsorum
1523 1408 1723 1459 nempe
1780 1390 2151 1456 matrimoniO,

269 1489 536 1551 quantum
580 1482 774 1549 sciant,
818 1480 1032 1532 nullum
1066 1480 1282 1532 obstare
1312 1479 1804 1550 impedimentum3
1846 1481 1903 1532 in
1933 1478 2157 1532 casibus

268 1591 373 1623 non
425 1570 729 1642 urgentibus
784 1570 958 1622 solum
1013 1570 1350 1640 guber-nium
1406 1570 1730 1639 provinciae
1785 1570 1842 1621 in
1892 1568 2155 1621 omnibus

269 1660 799 1730 proclamationibus
842 1660 1162 1730 dispensare
1204 1667 1399 1730 potest.

419 1787 458 1819 c.
514 1765 764 1817 Potestas
818 1764 1060 1835 politica,
1113 1783 1479 1836 quaecunque
1530 1766 1599 1816 sit
1639 1763 1993 1834 <gubernium
2035 1781 2153 1834 pro-

269 1856 505 1922 vinciae,
562 1855 930 1926 praefectura,
990 1855 1200 1921 circuli,
1252 1856 1651 1923 magistratus),
1696 1854 1872 1906 solum
1914 1872 2012 1923 pro
2056 1871 2157 1905 suo

270 1963 521 2015 quaeque
578 1947 849 1997 territorio
911 1945 1234 2015 dispensare
1291 1952 1499 2015 potest3
1564 1944 1696 1996 hinc
1751 1945 1795 1996 si
1853 1945 2041 2013 sponsi
2096 1944 2153 1995 in

270 2036 489 2087 diverso
520 2037 793 2088 territorio
823 2035 1096 2103 habitant,
1123 2036 1463 2106 dispensatio
1495 2033 1565 2086 ab
1596 2035 1926 2086 auctoritate
1958 2035 2154 2086 utrius·

270 2144 375 2195 que
416 2127 676 2178 territorii
725 2125 964 2196 petenda
1005 2133 1099 2180 est.

421 2230 465 2274 Si
501 2230 616 2274 duae
648 2232 865 2286 personae
896 2230 1157 2285 iungendae
1191 2234 1313 2284 sunt,
1347 2243 1461 2285 quae
1484 2229 1654 2285 passim
1678 2228 1893 2285 coniuges
1916 2228 2162 2283 habentur,

271 2304 550 2359 dispensatio
584 2319 611 2348 a
642 2305 791 2348 tribus
824 2305 1259 2360 proclamationibus
1283 2319 1309 2348 a
1332 2304 1552 2360 gubernio
1586 2304 1846 2360 provinciae
1879 2303 2160 2358 conceditur,

270 2378 393 2422 edito
427 2383 582 2423 tamen
614 2379 873 2423 iuramento
905 2384 959 2423 ut
983 2393 1133 2435 supra.
1198 2380 1427 2423 Parochus
1460 2379 1509 2423 in
1532 2380 1615 2423 hoc
1637 2393 1744 2424 casu
1768 2379 2154 2435 dispensationem

270 2458 423 2509 petere
456 2458 609 2510 potest
642 2458 763 2499 tecto
797 2455 1166 2498 contrahentium
1201 2455 1398 2498 nomine.

421 2545 471 2598 d.
529 2546 743 2598 Causae
799 2545 1161 2615 dispensandi
1215 2545 1329 2596 fere
1384 2545 1611 2597 eaedem
1663 2547 1720 2598 in
1763 2553 1997 2614 utroque
2039 2543 2160 2595 foro

272 2634 425 2686 civili
469 2642 522 2686 et
562 2634 936 2687 ecclesiastico
979 2634 1371 2688 admittuntur.

421 2741 471 2792 3.
517 2739 986 2793 Proclamationes
1027 2740 1145 2791 fieri
1189 2739 1422 2792 debent:

422 2865 469 2897 α.
513 2846 579 2896 In
622 2844 717 2896 illa
761 2844 1045 2915 parochia,
1089 2847 1147 2898 in
1190 2864 1299 2915 qua
1340 2846 1727 2915 nupturientes
1779 2843 2054 2909 habitan&
2111 2845 2156 2895 si

273 2952 399 3003 ergo
458 2936 644 3004 sponsi
700 2936 758 2986 in
814 2934 1051 2987 diversis
1105 2935 1385 3005 parochiis
1437 2935 1711 3003 habitant,
1770 2936 1828 2987 in
1869 2935 2161 3003 utriusque

273 3023 537 3093 parochia
578 3023 937 3094 proclamatio
980 3025 1099 3076 fieri
1143 3024 1324 3079 debet.

424 3114 467 3166 b.
523 3112 579 3165 Si
635 3113 896 3166 alteruter
951 3133 1279 3184 sponsorum
1334 3117 1390 3166 in
1444 3114 1725 3185 parochia,
1783 3115 1839 3166 in
1883 3132 1992 3183 qua
2034 3131 2156 3165 con-

274 3202 606 3255 trahendum
649 3211 729 3255 est
770 3205 1202 3271 matrimonium,
1246 3205 1497 3257 nondum
1527 3223 1625 3275 per
1652 3223 1749 3257 sex
1775 3202 2162 3256 hebdomadas

275 3301 647 3345 commoratus
691 3301 787 3359 est,
832 3293 1194 3363 proclamatio
1238 3295 1356 3346 fieri
1389 3294 1556 3347 debet
1596 3296 1763 3346 etiam
1805 3295 1863 3345 in
1898 3292 1990 3345 illo
2019 3291 2155 3358 locO,

276 3384 332 3433 in
375 3401 480 3452 quo
522 3382 844 3435 immediate
886 3391 1050 3435 antea
1091 3383 1235 3435 ultra
1277 3403 1374 3436 sex
1423 3383 1808 3438 hebdomadas
1861 3382 2160 3449 habitavit,

278 3473 383 3523 nisi
440 3473 626 3541 sponsi
681 3474 738 3524 in
782 3491 845 3524 ea
886 3471 1167 3542 parochia,
1213 3475 1270 3525 in
1314 3492 1423 3545 qua
1465 3493 1615 3526 nunc
1655 3481 1960 3538 morantur,
2003 3470 2159 3528 habi.-
