2269 3898
246 138 331 179 104
979 133 1044 176 De
1076 131 1381 175 matrimonio.

399 271 447 321 1.
490 268 556 320 In
588 268 729 318 linea
754 275 895 317 recta
921 274 1001 316 tot
1033 274 1394 317 numerantur
1416 264 1638 333 gradus7
1682 274 1814 334 quot
1853 283 2117 335 personae

245 361 429 427 stipite
473 357 654 408 demto
697 375 790 406 seu
833 363 912 406 tot
953 362 1079 406 sunt
1120 355 1336 424 gradUS‚
1381 363 1512 423 quot
1553 362 1678 404 sunt
1720 356 2116 423 generationes.

657 459 988 502 Descendentes
1116 457 1256 500 Tisias
1378 458 1696 500 Ascendentes

1137 535 1673 554 ---—.———

813 582 832 619 1
1528 580 1548 620 1

747 653 890 695 Filius
1477 652 1613 694 Pater

806 727 830 768 2
1525 726 1549 767 2

747 802 890 857 Nepos
1477 802 1601 843 Avus

721 951 945 1005 Pronepos
1443 950 1643 992 Proavus

811 1024 837 1065 4
1528 1025 1555 1066 4

717 1100 924 1155 Abnepos
1445 1098 1627 1141 Abavus

391 1175 511 1229 Ergo
546 1182 676 1229 pater
709 1179 754 1216 et
787 1174 912 1217 filius
945 1173 994 1216 in
1027 1173 1187 1228 primo,
1220 1186 1333 1216 avus
1366 1179 1412 1215 et-
1444 1186 1583 1228 nepos
1615 1173 1664 1215 in
1687 1173 1896 1227 secundo,
1930 1183 2124 1227 proavus

240 1255 285 1292 et
332 1262 550 1303 pronepos
584 1249 632 1291 in
680 1249 833 1303 tertio,
883 1248 1055 1292 abavus
1107 1252 1151 1290 et
1201 1247 1398 1302 abnepos
1441 1248 1489 1290 in
1539 1252 1702 1301 quarto
1750 1247 1897 1302 gradu
1945 1260 2125 1290 consan-

238 1323 393 1378 guinei
428 1330 547 1366 sunt.

390 1398 443 1440 In
476 1395 652 1441 adiecto
687 1397 916 1440 schemate
955 1397 1097 1459 Titias
1129 1410 1229 1440 culn
1264 1400 1395 1451 patre
1427 1401 1474 1439 et
1506 1396 1605 1439 filio
1638 1396 1686 1439 in
1719 1395 1881 1452 primo,
1915 1410 2014 1439 cum
2039 1410 2123 1439 avo

240 1476 285 1515 et-
318 1478 482 1527 nepote
513 1472 560 1515 in
594 1472 802 1527 secundo,
854 1485 954 1515 cum
988 1484 1156 1526 proavo
1190 1477 1237 1515 et
1269 1474 1517 1526 pronepote
1549 1471 1597 1513 in
1641 1471 1794 1525 tertio,
1838 1484 1938 1514 eum
1981 1471 2125 1515 abavo

241 1552 284 1590 et
319 1547 541 1601 abnepote
573 1546 620 1589 in
655 1552 817 1601 quarto
851 1547 998 1601 gradu
1030 1546 1177 1590 lineae
1209 1551 1359 1589 rectae
1392 1545 1755 1600 consanguineus
1788 1550 1870 1588 est.

389 1622 437 1674 2.
482 1622 546 1672 In
589 1620 732 1672 linea
773 1621 1079 1673 collaterali
1119 1621 1334 1691 aequali
1382 1631 1462 1672 tot
1500 1629 1862 1672 numerantur
1900 1621 2123 1689 gradus,

240 1719 371 1780 quot
412 1729 679 1779 personae
721 1730 790 1762 ex
833 1729 944 1762 una
987 1720 1140 1780 parte
1182 1712 1367 1779 stipite
1411 1710 1627 1774 demtog
1673 1728 1799 1778 ergo
1831 1709 1973 1761 duae
2008 1727 2124 1779 per-

241 1818 406 1851 sonae
459 1809 569 1851 toto
623 1801 799 1868 gradu
851 1801 1297 1867 consanguineae
1351 1808 1494 1866 sunt,
1552 1808 1716 1869 quoto
1768 1818 1799 1850 a
1841 1799 2123 1850 communi

240 1891 424 1958 stipite
467 1889 688 1942 distant.

1033 1978 1323 2021 Claudius.

600 2054 1174 2075 ———'——-
1184 2059 1761 2075 ———

752 2102 773 2140 1
1589 2100 1608 2139 1

697 2176 821 2217 anna
1534 2173 1643 2215 Tim

745 2249 770 2290 2
1581 2248 1605 2288 2

657 2323 844 2366 Iacobus
1486 2322 1699 2366 Theresia

749 2398 774 2439 3
1587 2398 1612 2439 3

687 2473 829 2515 Maria
1524 2471 1666 2514 iulius

748 2548 775 2589 4
1587 2545 1614 2586 4

679 2622 848 2664 Paulus
1469 2619 1733 2674 Sempronia

391 2698 511 2752 Ergo
544 2699 688 2740 frater
720 2702 765 2739 et
799 2709 921 2739 soror
945 2696 991 2738 in
1016 2695 1176 2750 primo,
1209 2695 1297 2738 filii
1320 2695 1480 2738 fratris
1504 2700 1549 2738 et
1576 2694 1662 2736 filii
1687 2693 1851 2736 sororis
1875 2693 2121 2749 (patrueles

243 2776 287 2815 et
323 2771 593 2825 consobrini)
624 2771 671 2814 in
706 2771 916 2825 secundo,
964 2775 1151 2826 nepotes
1183 2769 1343 2813 fratris
1377 2773 1422 2813 et
1455 2775 1642 2824 nepotes
1677 2769 1841 2812 sororis
1883 2768 1931 2811 in
1970 2768 2123 2822 tertie,

243 2851 510 2901 pronepotes
543 2846 590 2888 in
625 2851 786 2900 quarto
836 2845 983 2900 gradu
1030 2845 1176 2888 lineae
1226 2844 1501 2887 collateralis
1546 2844 1748 2898 aequalis
1797 2842 2122 2898 consanguinei

243 2926 361 2964 sunt.

391 2995 439 3038 In
473 2995 648 3038 adiecto
682 2995 910 3038 schemate
942 2994 1111 3036 Paulus
1160 2999 1206 3036 et
1255 2993 1519 3048 Sempronia
1566 2993 1614 3036 in
1664 2998 1840 3048 quarto,
1888 2992 2034 3036 Iulius
2078 2998 2124 3035 et

243 3069 387 3112 Maria
419 3069 466 3111 in
499 3070 652 3122 tertio,
706 3069 893 3111 Iacobus
942 3075 988 3111 et
1021 3067 1237 3111 Theresia
1284 3067 1333 3110 in
1381 3069 1589 3122 secundo,
1634 3068 1769 3111 Titus
1817 3074 1863 3111 et
1895 3070 2028 3111 Anna
2075 3068 2122 3110 in

243 3143 387 3198 primo
420 3144 567 3198 gradu
599 3143 745 3186 lineae
777 3143 1052 3187 collateralis
1083 3142 1286 3197 aequalis
1320 3142 1644 3198 consanguinei
1679 3146 1799 3186 sunt.

390 3219 439 3270 3.
482 3217 548 3269 In
576 3216 718 3268 linea
744 3217 1044 3270 collaterali
1074 3217 1347 3288 inaequali
1389 3229 1464 3269 tot
1507 3225 1870 3268 numerantur
1898 3215 2119 3285 gradus,

245 3315 376 3377 quot
417 3316 542 3359 sunt
582 3325 848 3376 personae
890 3326 960 3359 ex
1001 3316 1158 3377 parte
1201 3309 1493 3358 remotiore
1523 3308 1707 3376 stipite
1738 3305 1948 3371 demto3
1993 3323 2119 3374 ergo

246 3396 385 3447 duae
438 3415 704 3465 personae
758 3405 869 3448 toto
925 3397 1102 3466 gradu
1160 3399 1606 3467 consanguineae
1649 3403 1792 3461 sunt,
1836 3402 2000 3464 quoto
2042 3412 2117 3446 re-

245 3487 439 3536 motior
480 3505 511 3537 a
551 3486 832 3537 communi
874 3487 1057 3555 stipite
1102 3486 1283 3539 distat.
