2269 3898
234 122 262 165 6
969 117 1035 159 De
1067 115 1372 159 matrimonio.

240 254 365 306 dem
396 252 685 323 qualitates
712 249 917 301 habere
944 248 1122 316 debet,
1161 267 1302 319 quae
1339 248 1409 300 ad
1445 256 1787 300 contractum
1817 266 2105 300 onerosum

238 343 542 411 generatim
598 341 980 409 requiruntur,
1044 337 1208 390 debet
1268 356 1413 389 esse:
1475 357 1524 390 α.
1584 355 1776 400 verus3
1840 338 1884 391 b.
1940 336 2107 399 libem

239 452 276 485 c.
332 437 580 494 mutuus,
645 429 695 479 d.
747 429 903 496 signo
955 426 1201 479 sensibili
1251 445 1558 496 expressus,
1611 445 1842 496 quarum
1885 425 2110 496 qualita-

238 530 354 571 tum
398 520 440 569 si
484 537 595 568 una
636 516 791 583 desit,
834 516 1048 568 nullum
1091 524 1171 567 est
1212 517 1641 567 matrimonium.

396 610 439 659 1.
481 607 642 657 Verus
683 625 778 657 seu
820 607 1070 657 internus
1108 609 1242 672 (non
1272 613 1530 656 externus
1556 624 1651 656 seu
1678 606 1834 656 fictus
1859 604 2116 672 tantum),

243 716 347 767 quo
393 698 653 764 coniuges
695 695 800 747 sibi
844 702 1034 747 mutuo
1076 695 1290 746 tradere
1333 704 1386 746 et
1429 703 1717 764 acceptare
1747 693 2113 764 voluntvpote·

246 794 440 838 statem
483 786 540 836 in
583 803 779 854 corpus
822 785 878 835 in
915 783 1107 836 ordine
1134 783 1201 834 ad
1233 784 1642 851 generationem
1671 783 1866 852 prolis3
1913 783 2121 835 sufficit

243 885 425 927 autem
469 892 767 926 consensus
810 873 1128 942 implicitus,
1180 872 1342 924 modo
1393 871 1529 923 nihil
1570 890 1744 923 corum
1785 872 2117 938 excludatur,

242 984 373 1034 quae
416 964 486 1014 ad
528 964 807 1014 essentiam
847 970 1144 1013 contractus
1184 960 1598 1013 mettid-monialis
1629 963 1916 1031 pertinent.

395 1067 434 1095 a.
472 1051 557 1105 Qui
582 1054 690 1108 ficte
722 1051 751 1094 i.
777 1064 812 1094 e.
837 1051 1037 1094 exterius
1061 1055 1246 1094 tant-um
1271 1051 1368 1094 sine
1390 1050 1542 1094 animo
1564 1050 1752 1094 ineundi
1776 1049 2119 1093 matrimonium

244 1128 532 1172 contrahunt,
563 1126 769 1169 invalide
803 1126 1095 1179 contrahunt,
1129 1125 1225 1167 sive
1256 1138 1374 1167 unus
1408 1125 1775 1168 contrahentium
1812 1125 1906 1168 sive
1931 1128 2124 1179 uterque

247 1214 510 1245 consensum
546 1200 704 1256 fingit:
743 1199 982 1244 deficiente
1014 1199 1133 1242 enim
1168 1212 1399 1254 consensu,
1434 1198 1572 1242 etiam
1595 1199 1731 1242 unius
1754 1199 1899 1254 partis
1922 1203 2123 1252 tantum,

243 1277 396 1320 nullus
429 1282 499 1319 est
532 1279 804 1319 contractus.

398 1351 435 1393 b.
470 1350 636 1393 Utrum
670 1351 778 1393 ficte
810 1350 1081 1393 contrahens
1128 1349 1418 1404 sacrilegium
1469 1349 1733 1392 committat
1780 1362 1934 1403 necne,
1974 1348 2030 1392 ab
2073 1361 2126 1391 eo

251 1425 490 1480 dependet,
522 1430 679 1468 utrum
721 1426 828 1468 ficte
872 1425 1141 1468 contrahens
1185 1428 1518 1467 sacramentum
1563 1423 1748 1467 simulet
1787 1436 1938 1467 necne.
2003 1423 2127 1466 Com-

251 1501 403 1555 plures
426 1502 632 1542 auctores
656 1512 755 1542 cum
779 1513 815 1542 s.
850 1499 1078 1555 Alplzonso
1109 1499 1154 1553 tl.
1189 1499 1228 1542 6.
1253 1513 1296 1541 11.
1322 1498 1395 1552 62)
1423 1503 1545 1542 recte
1574 1504 1758 1542 censent
1781 1497 2125 1541 matrimonium

256 1573 462 1617 simulari
496 1586 641 1629 posse,
675 1573 784 1627 quin
818 1573 1061 1617 simuletur
1103 1577 1459 1617 sacramentum:
1511 1574 1569 1617 ad
1619 1573 1958 1617 simulationem
2007 1571 2127 1616 enim

253 1648 527 1692 sacramenti
573 1648 835 1703 requiritur,
882 1652 937 1691 ut
984 1647 1139 1702 aliqua
1186 1648 1349 1690 saltem
1399 1661 1503 1702 pars
1553 1647 1809 1691 essentialis
1857 1645 2129 1690 sacramenti

249 1727 465 1778 ponatur;
520 1723 597 1766 sed
631 1722 707 1777 qui
741 1722 1085 1766 matrimonium
1135 1722 1337 1776 simulat,
1390 1734 1471 1764 nec
1519 1721 1759 1765 materiam
1806 1735 1887 1765 nec
1932 1723 2127 1764 formam

252 1798 523 1841 sacramenti
558 1797 704 1852 ponit,
737 1810 851 1852 quae
884 1797 932 1840 in
964 1797 1063 1852 ipso
1097 1809 1315 1839 consensu
1339 1795 1667 1839 matrimoniali
1692 1796 1963 1851 consistunt,
1997 1808 2127 1850 quem

249 1874 356 1916 ficte
390 1873 661 1915 contrahens
692 1886 782 1915 non
817 1871 956 1915 elicit.

402 1993 456 2045 6.
511 1994 560 2045 2.
618 1992 775 2043 Liber
830 1993 862 2043 i.
915 2010 958 2045 e.
1014 1993 1227 2060 positus
1282 2010 1407 2042 cum
1466 1990 1630 2061 plena
1685 1991 1885 2042 mentis
1939 1989 2130 2041 adver-

252 2085 426 2135 tentia
491 2090 542 2133 et
601 2082 841 2151 perfecto
903 2080 1206 2133 voluntatis
1268 2099 1563 2147 consenSU,
1627 2081 1757 2150 quia
1818 2087 2134 2131 contractus

256 2171 677 2224 matrimonialis
717 2189 948 2240 gravem
991 2171 1386 2240 obligationem
1435 2171 1677 2237 inducit3
1733 2188 1894 2221 nemo
1947 2178 2131 2221 autem

257 2269 509 2313 censetur
551 2261 691 2313 ultro
734 2279 962 2329 gravem
1013 2260 1407 2328 obligationem
1456 2261 1514 2310 in
1564 2278 1619 2311 se
1673 2260 1968 2329 suscipere,
2027 2259 2132 2310 nisi

254 2351 414 2421 plene
457 2358 510 2402 et
549 2351 791 2420 perfecte
834 2351 1157 2403 consentiat.

407 2455 448 2483 (ι.
484 2439 569 2494 Qui
603 2452 708 2495 ergo
743 2439 839 2482 sive
870 2439 1171 2482 habitualiter
1203 2439 1299 2482 sive
1331 2438 1576 2482 actualiter
1607 2438 1635 2480 i.
1661 2451 1697 2481 e.
1733 2451 1782 2481 eo
1805 2441 2021 2492 tempore,
2047 2449 2136 2491 quo

259 2515 602 2559 matrimonium
625 2515 802 2569 ineunt,
826 2517 953 2557 [cetus
973 2515 1185 2571 perfecte
1215 2514 1406 2557 lmmanz'
1435 2526 1522 2556 non
1543 2515 1651 2556 sunt
1670 2525 1874 2568 capaces,
1904 2514 2138 2565 nequeunt

258 2591 411 2634 valide
444 2590 729 2633 contrahere:

231 2716 234 2720 Δ
410 2681 450 2707 α.
485 2665 708 2718 Infantes,
741 2668 959 2719 perpetuo
993 2668 1196 2707 amentes
1230 2666 1275 2706 et
1308 2663 1609 2706 habitualiter
1641 2661 1890 2715 semifatui,
1923 2660 2014 2715 qui,
2047 2659 2136 2703 etsi

261 2741 457 2795 aliquem
491 2739 684 2783 rationis
716 2752 849 2782 usum
882 2738 1096 2793 habeant,
1129 2751 1219 2781 non
1262 2743 1418 2781 tamen
1462 2751 1512 2781 ea
1556 2736 1881 2780 deliberatione
1923 2738 2138 2789 utuntur,

261 2827 374 2869 quae
422 2815 479 2857 ad
528 2818 762 2870 peccatum
811 2813 1004 2856 mortale
1050 2812 1313 2867 requiritur.
1398 2812 1444 2856 Si
1491 2818 1647 2856 tamen
1693 2810 1847 2854 lucida
1892 2808 2139 2852 intervalla

267 2889 480 2944 habeant,
512 2889 560 2932 in
593 2888 756 2943 quihus
788 2891 918 2931 actus
951 2889 1150 2943 perfecte
1192 2887 1381 2930 humani
1421 2900 1606 2943 capaces
1653 2889 1775 2940 sunt,
1815 2885 1897 2928 hoc
1936 2888 2140 2938 tempore

261 2965 413 3008 valide
445 2965 707 3006 contrahere
739 2965 943 3018 possunt.
1969 2996 1977 3000 ,

416 3039 453 3088 ι3.
488 3037 628 3091 Ebrii,
662 3036 1054 3080 semidormientes
1087 3040 1187 3091 etc.,
1230 3035 1306 3090 qui
1348 3034 1526 3078 ratione
1565 3033 1818 3088 ebrietatis,
1867 3031 2031 3076 somni·
2053 3035 2137 3074 etc.

266 3115 467 3169 perfecto
500 3127 586 3156 usu
618 3113 810 3156 rationis
843 3116 1017 3164 carent,
1069 3111 1144 3165 qui
1177 3114 1333 3153 tamen
1380 3109 1534 3164 aliqua
1580 3107 1870 3152 monomania
1915 3105 2141 3160 laborant,

267 3188 419 3231 Valide
451 3187 794 3231 matrimonium
828 3187 944 3230 inire
977 3189 1183 3242 possunt,
1216 3185 1347 3227 modo
1380 3197 1490 3227 usus
1532 3183 1724 3244 rationis
1771 3196 1861 3225 non
1915 3181 1976 3224 sit
2024 3179 2142 3223 circa
2178 3244 2180 3246 v

265 3262 609 3306 matrimonium
642 3262 869 3305 turbatus.
1325 3306 1330 3310 ,

417 3338 452 3379 b.
489 3336 574 3390 Qui
609 3336 760 3380 sciunt
793 3336 973 3390 quidem
1007 3334 1351 3378 matrimonium
1385 3346 1480 3377 esse
1514 3331 1784 3376 'societatem
1826 3330 1948 3373 inter
1990 3327 2139 3371 virum

268 3416 313 3456 et
347 3412 581 3455 mulierem
615 3412 672 3454 ad
706 3410 935 3454 habendos
984 3409 1104 3453 filios
1152 3408 1436 3462 institutam,
1485 3407 1561 3450 sed
1606 3406 1835 3462 ifflzorant,
1883 3415 1967 3459 qno
2013 3401 2143 3444 modo

260 3487 352 3543 filii
371 3488 695 3542 procreentur,
745 3484 893 3528 valide
926 3484 1216 3537 contrahunt,
1266 3483 1372 3537 quia
1414 3480 1639 3537 implicite
1687 3480 1735 3522 in
1783 3491 1939 3522 verum
1989 3474 2142 3520 matri-
