2269 3898
759 107 826 149 De
858 109 1106 160 systemate
1138 104 1312 148 morali.
1880 105 1964 146 247

107 241 397 287 cessationis
431 240 571 297 legis,
610 253 638 284 a
660 239 826 284 multis
852 243 902 283 et
923 238 1146 296 probatis
1172 237 1454 282 auctoribus
1481 234 1778 289 defenditur,
1816 237 1968 281 ratio-

106 316 247 361 nibus
281 329 339 360 ex
368 315 478 372 ipsa
499 313 575 358 rei
605 317 785 358 natura
810 312 1045 357 desumtis
1078 311 1244 357 valide
1281 312 1639 368 comprobatur,
1676 315 1968 367 argumenta

106 403 224 434 vero
270 387 550 434 contrariae
595 387 875 432 sententiae
919 391 1032 442 apte
1078 386 1348 437 solvuntur,
1385 399 1522 442 quam
1561 385 1617 430 ob
1652 398 1755 429 rem
1789 383 1969 442 princi-

105 464 235 521 pium
259 461 599 520 probabilismi
624 467 729 505 tuto
751 459 979 504 adhiberi
1002 463 1166 515 potest
1185 459 1335 503 etiam
1360 459 1402 500 in
1425 473 1530 501 casn
1550 459 1817 501 cessationis
1842 458 1969 513 leyis.

723 708 1014 766 Articulus
1057 708 1352 765 secundus

716 846 794 884 De
826 845 1107 893 principiis
1139 843 1363 883 reflexis.

258 992 391 1045 223.
423 992 506 1044 De
528 992 851 1059 principiis
880 990 1346 1045 universalibus,
1381 991 1428 1041 1.
1464 990 1741 1058 Principia
1770 989 1971 1039 directa

110 1089 382 1132 vocantur
438 1079 560 1131 illae
603 1081 878 1143 veritates,
939 1099 1007 1130 ex
1056 1079 1255 1149 quibus
1296 1097 1380 1129 res
1422 1080 1540 1147 ipsa
1582 1076 1973 1146 comprobatur

111 1178 164 1221 et
204 1178 348 1221 certo
393 1170 767 1237 cognoscitur-3
822 1170 1095 1238 principia
1140 1187 1265 1219 vero
1306 1168 1504 1237 refleoea
1545 1167 1804 1217 dicuntur
1843 1184 1972 1216 non-

110 1257 292 1309 nullae
323 1259 580 1308 veritates
621 1258 918 1324 generales,
964 1276 1104 1327 quae
1146 1275 1259 1308 rem
1303 1256 1543 1325 quidem,
1588 1257 1742 1306 cuius
1772 1256 1974 1305 Veritas

111 1347 409 1416 quaeritur,
467 1365 577 1397 non
620 1346 871 1415 probant,
927 1354 1168 1397 attamen
1227 1346 1298 1397 ad
1339 1344 1725 1396 certitudinem
1782 1345 1974 1412 practi-

111 1454 231 1486 cam
275 1436 621 1486 efficiendam
664 1436 988 1488 inserviunt.

261 1548 309 1599 2.
366 1547 641 1616 Principia
694 1548 891 1617 refleaea
943 1556 1070 1597 sunt
1122 1545 1357 1614 duplicis
1397 1545 1640 1613 generis:
1706 1542 1812 1594 alia
1853 1551 1979 1593 sunt

110 1637 454 1703 universalia,
513 1655 653 1705 quae
705 1637 759 1686 in
818 1637 1015 1705 quovis
1072 1634 1239 1686 dubio
1296 1634 1363 1685 ad
1418 1632 1814 1684 efformandam
1857 1649 1977 1682 con-

112 1728 398 1777 scientiam
442 1727 683 1793 practice
726 1733 930 1776 certam
974 1724 1227 1776 adhiberi
1268 1731 1520 1793 possunt3
1571 1721 1678 1772 alia
1704 1728 1829 1772 sunt
1849 1740 1977 1789 par-

115 1815 382 1881 ticularia,
427 1833 568 1883 quae
610 1812 783 1864 solum
826 1815 883 1864 in
927 1812 1095 1864 dubio
1139 1813 1394 1881 negativo
1438 1811 1508 1862 ad
1551 1810 1785 1861 eundem
1813 1808 1977 1859 finem

113 1904 367 1956 adhiberi
423 1911 650 1973 possunt
707 1902 796 1953 vel
851 1904 906 1953 in
964 1902 1132 1953 dubio
1187 1902 1423 1970 positivo
1478 1900 1607 1950 facti
1662 1897 1731 1948 ad
1790 1896 1978 1947 confir-

114 1993 374 2044 mandam
418 1993 691 2061 opinionis
733 1991 1180 2060 probabilitatem
1223 1991 1549 2040 inserviunt.

262 2104 310 2158 3.
356 2104 635 2172 Principia
673 2102 1001 2154 universalia
1043 2121 1151 2153 non
1178 2112 1534 2152 recensentur
1575 2100 1680 2149 nisi
1717 2097 1850 2148 duo:
1895 2097 1980 2148 Zeoe
2014 2134 2029 2162 ¹.

114 2193 279 2245 dubia
319 2212 425 2244 uon
467 2191 663 2260 obliqat
705 2201 756 2243 et
800 2191 883 2242 Zeoe
922 2194 1127 2243 incerta
1166 2192 1345 2260 nequit
1383 2190 1629 2240 indu-,cere
1671 2196 1862 2238 certam
1895 2186 1980 2237 ob-

115 2282 435 2352 ligationem,
492 2300 630 2350 quae
673 2281 780 2333 duo
830 2283 1104 2350 principia
1147 2299 1214 2331 ex
1242 2279 1597 2347 argumentis,
1643 2276 1841 2346 quibus
1882 2276 1981 2326 for-

116 2371 266 2422 mula
319 2370 699 2439 probabilismi
758 2369 1180 2432 demonstratur,
1241 2368 1387 2419 clara
1437 2374 1577 2418 sunt.
1662 2364 1799 2416 Cum
1842 2366 1984 2414 inter

115 2460 253 2511 haec
296 2461 402 2511 duo
446 2461 720 2528 principia
762 2461 860 2509 vix
900 2458 1206 2509 intercedat
1245 2456 1390 2508 reale
1434 2456 1747 2519 discrimen,
1802 2454 1982 2521 reipsa

116 2568 227 2600 non
257 2557 336 2600 est
379 2550 484 2599 nisi
526 2567 697 2600 unum
739 2549 1076 2617 principium
1104 2546 1388 2610 reflexum,
1420 2546 1679 2595 nimirum
1711 2542 1796 2593 Zeoe
1823 2541 1984 2593 dubia

117 2657 222 2689 non
249 2637 461 2707 obl-iyat,
500 2636 645 2706 quod
673 2637 848 2688 solum
878 2637 948 2687 ad
979 2635 1375 2687 efformandam
1408 2634 1800 2685 conscientiam
1831 2649 1983 2700 prac-

118 2729 224 2777 tice
269 2736 474 2777 certam
517 2727 572 2776 in
617 2725 873 2776 omnibus
916 2725 1100 2776 dubiis
1142 2724 1361 2775 sufficit.

266 2903 397 2957 224.
438 2903 523 2956 De
564 2904 884 2971 principiis
925 2902 1418 2970 particularibus,
1498 2900 1780 2967 Principia
1822 2900 1980 2966 parti-

120 2994 328 3045 cularia
369 2992 651 3061 complura
692 3000 1067 3059 numerantur,
1111 3010 1250 3061 quae
1294 2991 1512 3059 proprie
1538 2990 1594 3039 in
1623 2988 1740 3049 foro
1768 2996 1984 3038 externo

120 3082 388 3147 indicant,
431 3100 528 3150 pro
571 3101 678 3151 qua
719 3091 874 3151 parte
927 3091 1030 3132 stet
1078 3080 1429 3149 praesumtio.
1511 3078 1568 3130 Si
1625 3080 1680 3128 in
1729 3077 1852 3144 foro
1907 3078 1982 3125 in·

122 3182 266 3223 terno
309 3170 676 3240 applicantur,
720 3171 1025 3222 notandum
1067 3182 1162 3235 est,
1218 3188 1286 3219 ex
1338 3168 1745 3237 praesumtione
1788 3163 1874 3214 vel
1917 3182 1984 3213 ex

122 3262 488 3312 communiter
544 3259 992 3328 contingentibus
1059 3258 1259 3309 deduci
1314 3258 1576 3308 maiorem
1645 3256 1986 3305 minoremve

120 3349 584 3419 probabilitatem,
627 3350 733 3400 nisi
775 3347 953 3399 obstet
993 3347 1246 3416 specialis
1288 3348 1441 3410 ratio,
1492 3344 1624 3413 quin
1667 3343 1834 3394 etiam
1877 3358 1983 3391 mo-

121 3437 291 3489 ralem
346 3437 749 3503 certitudinem,
805 3439 848 3487 si
890 3435 1159 3488 accedant
1211 3434 1350 3486 aliae
1399 3434 1637 3484 rationes
1695 3431 1984 3500 positivae.
