2301 3962
328 129 355 171 2
1109 117 1409 162 Introductio.

473 274 506 302 c.
541 255 814 309 Theologiae
858 251 1042 296 moralis
1087 256 1158 294 est-
1200 251 1368 305 docere,
1417 264 1504 304 quo
1552 251 1685 292 modo
1733 250 1934 293 actiones
1973 250 2200 292 humanae

327 335 612 388 comparatae
645 342 738 371 esse
773 327 979 380 debeant,
1012 330 1066 368 ut
1108 326 1239 367 homo
1285 338 1364 379 per
1396 337 1470 366 eas
1512 325 1651 380 finem
1685 337 1815 366 suum
1849 323 2052 365 nltimam
2086 336 2199 365 asse-

324 413 513 464 quatur:
549 405 626 447 sed
661 403 828 456 duplex
860 400 967 442 finis
990 398 1188 442 hominis
1220 398 1414 441 ultimus
1439 397 1714 440 considerari
1737 400 1916 452 potest:
1951 396 2200 447 naturalis,

327 481 473 537 qualis
506 479 686 530 fuisset,
721 475 758 518 si
784 475 907 517 Deus
930 473 1160 516 hominem
1194 472 1242 514 in
1266 471 1423 514 ordine
1443 476 1638 514 naturae
1660 470 1940 525 reliquissem
1976 473 2021 513 et
2043 483 2200 525 super-

322 553 568 604 naturalis,
614 555 751 604 prout
797 548 845 590 in
894 548 976 589 hoc
1028 545 1184 589 ordine
1217 544 1555 600 supernaturali
1597 544 1727 588 nobis
1761 545 2068 599 assequendus
2105 556 2200 598 pro-

321 628 520 685 ponitur.
586 624 814 677 Quaenam
849 622 1049 664 actiones
1083 619 1311 663 hominem
1361 620 1418 662 ad
1468 620 1605 661 finem
1641 619 1899 662 naturalem
1933 619 2200 673 perducant,

321 701 523 747 naturali
557 698 727 742 lumine
766 695 959 739 rationis
993 693 1201 750 cognosci
1235 698 1402 748 potest,
1450 693 1589 747 idque
1638 693 1767 735 docet
1788 692 2081 748 philosophia
2113 704 2201 733 mo-

321 777 440 820 ralis
452 791 465 828 ;
513 786 731 828 quaenam
780 774 934 813 autem
968 769 1168 812 actiones
1217 767 1301 810 fini
1335 768 1688 823 supernaturali
1718 767 2007 821 conveniant,
2056 767 2201 809 solum

323 866 377 896 ex
408 848 684 894 revelatione
718 843 875 887 divina
908 842 1117 898 cognosci
1166 846 1332 897 potest,
1380 842 1518 896 idque
1568 842 1697 885 docet
1739 841 1964 897 theoloffl'a
1996 840 2201 883 moralis.

473 940 522 990 2.
577 936 841 988 Definitio
899 935 1179 1002 proposita
1227 931 1518 1001 probanda
1576 942 1686 983 est:
1751 933 1997 983 cuiusvis
2054 933 2202 982 enim

325 1030 587 1082 scientiae
629 1024 875 1076 definitio
920 1021 1184 1073 exhibere
1228 1021 1393 1072 debet
1428 1023 1714 1090 proprium
1745 1021 1863 1072 eius
1904 1019 2200 1083 obiectum,

323 1122 398 1170 ita
454 1124 513 1167 111
568 1134 598 1165 a
640 1114 837 1183 quavis
887 1111 994 1163 alia
1036 1112 1268 1162 scientia
1310 1111 1709 1179 distinguatur3
1769 1109 1864 1161 sed
1921 1111 2202 1179 proposita

327 1207 569 1259 definitio
613 1201 840 1254 exhibet
881 1200 1189 1269 theologiae
1233 1200 1453 1252 moralis
1496 1202 1779 1269 proprium
1830 1198 2110 1250 obiectum
2151 1207 2206 1250 et

325 1296 549 1366 quidem
599 1295 691 1355 ita,
749 1298 808 1341 ut
863 1288 1142 1357 theologia
1199 1289 1421 1340 moralis
1478 1289 1546 1340 ab
1604 1290 1801 1354 ethica,
1859 1307 2001 1358 quae
2058 1290 2206 1340 circa

323 1387 472 1438 idem
513 1383 790 1435 obiectum
832 1388 1099 1445 versatur,
1157 1379 1318 1430 facile
1370 1379 1776 1447 distinguatur:
1830 1378 2015 1431 ethica
2056 1380 2202 1429 enim

324 1477 568 1527 actiones
621 1473 893 1522 humanas
947 1468 1167 1519 ordinat
1222 1468 1293 1519 ad
1350 1469 1515 1520 finem
1572 1467 1830 1520 ultimum
1884 1466 2202 1535 naturalem,

323 1563 599 1629 theologia
641 1557 863 1610 moralis
916 1576 1046 1609 vero
1100 1557 1322 1609 eosdem
1366 1557 1586 1609 ordinat
1626 1557 1697 1609 ad
1738 1559 1904 1610 finem
1946 1556 2204 1608 ultimum

324 1648 793 1723 supernaturalem.

472 1815 526 1866 2.
583 1827 697 1870 Alia
732 1826 980 1870 definitio.
1046 1824 1322 1883 Theologia
1356 1824 1559 1870 moralis
1595 1824 1782 1882 duplici
1818 1825 1916 1871 alio
1951 1825 2090 1871 modo
2126 1825 2206 1871 de-

326 1904 459 1951 finiri
490 1907 676 1962 potest:

475 2007 515 2035 a.
565 1990 790 2037 Scientia
822 1991 969 2046 ἰείᾳηηιΓ
1004 1992 1048 2032 et
1077 1989 1346 2042 mediorum,
1399 1989 1572 2047 quibus
1609 1989 1830 2035 actiones
1863 1989 2108 2036 humanae
2142 1989 2206 2035 ad

327 2068 471 2114 finem
503 2066 727 2112 ultimum
762 2063 1197 2122 supernaturalem
1232 2063 1540 2109 ordinantur.

474 2142 540 2184 Ut
571 2141 703 2183 homo
737 2139 795 2182 ad
828 2141 967 2182 finem
992 2139 1387 2193 supernaturalem
1412 2139 1537 2182 Vitae
1561 2143 1774 2182 aeternae
1797 2138 2050 2194 perveniat,
2083 2140 2206 2182 Deus

326 2222 568 2272 praecepta
603 2214 743 2269 dedit,
778 2227 891 2268 quae
916 2213 1101 2267 servari,
1136 2216 1180 2256 et
1214 2213 1366 2256 media
1387 2213 1615 2268 instituit,
1649 2227 1762 2268 quae
1784 2213 1990 2258 adhiberi
2025 2213 2206 2257 debent.

326 2292 444 2335 Hinc
480 2291 538 2334 ad
571 2290 771 2332 actiones
793 2289 1016 2330 humanas
1049 2287 1097 2329 in
1130 2288 1267 2330 finem
1304 2301 1434 2330 suum
1458 2287 1676 2330 ultimum
1712 2287 1990 2342 dirigendas,
2022 2301 2206 2331 normae

328 2380 382 2409 ex
413 2366 654 2408 voluntate
687 2363 770 2406 Dei
820 2363 1068 2405 servandae
1116 2365 1164 2404 et
1196 2362 1346 2405 media
1380 2376 1434 2405 ex
1483 2363 1639 2405 eadem
1673 2363 1915 2406 voluntate
1947 2362 2207 2406 adhibenda

328 2439 517 2495 proponi
552 2438 729 2481 debent.
794 2437 905 2479 Cum
940 2449 1046 2490 ergo
1080 2437 1340 2491 theologiae
1372 2437 1558 2480 moralis
1591 2450 1756 2480 munus
1796 2437 1846 2480 in
1880 2450 1929 2481 eo
1963 2437 2038 2492 sit,
2087 2437 2207 2492 quod

327 2516 550 2558 humanas
583 2513 783 2556 actiones
818 2511 991 2566 dirigat
1023 2512 1072 2554 in
1094 2512 1232 2554 finem
1255 2511 1488 2566 ultimum,
1521 2511 1623 2566 ipsa
1644 2512 1768 2566 leges
1801 2515 1848 2554 et
1880 2511 2032 2555 media
2063 2525 2091 2555 a
2113 2511 2207 2555 Deo

326 2588 549 2632 instituta
583 2588 738 2630 doceat
774 2590 967 2641 oportet.

477 2663 513 2707 b.
554 2661 779 2708 Scientia
813 2661 1043 2712 virtutum,
1078 2674 1198 2718 quas
1231 2660 1372 2705 homo
1408 2674 1643 2706 exercere
1679 2660 1841 2716 debet,
1875 2665 1930 2705 ut
1965 2660 2028 2705 ad
2061 2659 2208 2706 finem

326 2737 551 2782 ultimum
593 2735 1026 2794 supernaturalem
1059 2735 1339 2793 perveniat.

479 2810 636 2853 Omnis
670 2809 790 2853 actio
824 2809 1022 2852 hominis
1046 2810 1233 2853 moralis
1268 2814 1337 2853 est
1370 2810 1418 2853 in
1451 2823 1615 2865 genere
1640 2810 1834 2854 alicuius
1855 2810 2069 2854 virtutis:
2105 2824 2208 2865 qua-

327 2884 440 2927 libet
473 2884 592 2928 enim
626 2884 804 2927 actione
835 2884 1050 2938 humana,
1084 2897 1173 2938 qua
1196 2888 1406 2928 servatur
1436 2898 1596 2928 norma
1619 2885 1691 2928 vel
1724 2885 1969 2929 adhibetur
1990 2886 2207 2941 medium,

329 2960 492 3014 quibus
515 2960 647 3002 homo
680 2959 728 3002 in
751 2960 887 3002 finem
912 2958 1131 3016 ultimum
1157 2959 1390 3014 dirigitur,
1424 2964 1660 3004 exercetur
1682 2960 1838 3015 aliqua
1859 2959 2035 3012 virtus;
2071 2973 2209 3014 quare

330 3033 562 3089 proprium
597 3047 760 3076 munus
794 3033 1054 3088 theologiae
1102 3033 1287 3076 moralis
1335 3034 1476 3077 etiam
1522 3034 1572 3077 in
1619 3034 1739 3076 hunc
1787 3034 1971 3077 modum
2005 3033 2208 3077 exhiberi

330 3111 496 3162 potest,
545 3108 662 3161 quod
695 3108 796 3162 ipsa
830 3108 988 3150 doceat
1020 3107 1233 3160 virtutes,
1283 3121 1396 3162 quas
1427 3109 1561 3151 homo
1611 3121 1665 3151 ex
1697 3108 1938 3151 voluntate
1971 3108 2056 3152 Dei
2089 3122 2208 3152 exer-

330 3195 425 3224 cere
461 3182 635 3236 debeat,
684 3182 741 3224 ad
775 3182 1135 3236 consequendum
1169 3183 1308 3225 finem
1358 3196 1490 3225 suum
1523 3182 1757 3225 ultimum.
1822 3182 1942 3225 Hinc
1974 3183 2208 3238 theologia

330 3256 514 3298 moralis
546 3269 650 3299 vere
684 3256 771 3298 dici
805 3259 959 3310 potest
991 3256 1199 3299 doctrina
1233 3256 1288 3300 de
1311 3257 1555 3300 virtutibus
1577 3257 1847 3300 christianis
1861 3270 1880 3312 ς
1913 3261 1960 3300 et
1993 3256 2207 3311 quoniam

332 3331 590 3384 complexus
639 3330 840 3372 omnium
874 3330 1102 3373 virtutum
1152 3331 1445 3386 significatur
1490 3331 1674 3374 nomine
1707 3331 1924 3384 iustitiae,
1973 3331 2209 3387 theologia

331 3403 514 3446 moralis
546 3408 666 3447 recte
701 3403 869 3446 dicitur
901 3404 1107 3447 doctrina
1141 3405 1197 3448 de
1229 3406 1407 3448 iustitia
1441 3406 1699 3449 christiana
1733 3431 1790 3436 —-
1838 3405 1911 3448 die
1941 3405 2088 3449 Lehre
2120 3419 2209 3450 von

334 3477 410 3519 der
443 3476 736 3521 christlichen
770 3478 1129 3534 Gerechtigkeit.
1720 3472 1724 3477 ⁴
