2269 3898
261 154 318 196 84
1002 150 1067 192 De
1100 147 1405 191 matrimonio.

415 287 507 340 84.
561 285 920 339 Declaratio.
1013 302 1060 335 a.
1113 282 1234 332 Iure
1287 289 1514 332 naturae
1567 280 1638 332 ad
1691 279 1876 332 valide
1935 289 2127 333 contra

265 377 509 427 hendum
566 392 674 424 non
715 373 1013 441 requiritur
1064 371 1170 422 nisi
1225 370 1502 438 perfectus
1544 388 1674 421 usus
1714 370 1960 436 rationiS,
2004 369 2143 421 adeo

266 477 325 517 ut
368 465 636 515 habeatur
676 462 840 531 plena
882 461 1122 528 cognitio
1151 461 1285 510 iuris
1327 467 1381 510 et
1422 458 1791 527 obligationiS,
1839 478 1980 528 quae
2021 477 2142 510 con·

265 552 531 605 trahendo
576 552 966 619 suscipiuntur,
1030 550 1286 618 quamvis
1345 567 1476 599 usus
1532 550 1666 600 iuris
1724 548 2146 600 matrimonialis

266 643 511 695 nondum
556 643 624 692 sit
663 639 957 715 possibilis
1042 638 1188 703 Quia
1228 647 1414 689 tamen
1457 656 1568 689 non
1611 640 1889 703 convenit,
1935 647 1996 689 ut
2035 656 2144 689 ma-

264 733 581 783 trimonium
627 729 1000 792 contrahatur,
1056 736 1356 796 antequam
1399 728 1661 796 coniuges
1715 728 1790 779 ud
1832 746 1993 779 usum
2034 746 2144 778 ma-

264 822 507 872 trimonii
550 821 665 888 apti
709 820 831 879 sint,
878 820 1155 886 sapienter
1181 816 1413 867 ecclesia
1454 825 1689 868 aetatem
1734 817 2144 883 determinavit,

265 930 373 980 qua
408 910 545 960 haec
586 908 835 977 aptitudo
881 897 957 957 ex⁷
991 907 1358 957 communiter
1387 905 1837 974 contingentibus
1867 909 2145 975 praesumi

266 1008 456 1070 potest.
539 999 751 1050 Aetatis
818 1004 1002 1048 autem
1072 995 1460 1046 determinatio
1527 997 1713 1047 stricte
1786 995 2147 1063 intelligenda

264 1099 357 1157 est,
402 1091 478 1140 ita
535 1098 594 1139 ut
635 1086 848 1139 nullum
903 1087 971 1137 sit
1025 1087 1458 1147 matrimonium,
1517 1086 1618 1136 etsi
1672 1085 1741 1137 ad
1797 1085 2145 1154 pubertatem

265 1182 426 1249 pauci
469 1187 685 1229 tantum
729 1177 844 1228 dies
888 1177 1154 1228 deessent.

412 1268 466 1310 In
498 1266 668 1310 nostris
700 1265 963 1320 regionibus
996 1265 1074 1307 vix
1110 1264 1357 1319 contingit,
1402 1267 1454 1307 ut
1498 1264 1754 1319 impuberes
1799 1263 2146 1307 matrimonium

263 1343 557 1391 contrahant;
608 1342 657 1384 in
698 1340 959 1396 regionibus
1008 1344 1161 1383 autem
1210 1339 1469 1382 infidelium
1518 1339 1813 1382 matrimonia
1859 1338 2146 1393 impuberum

264 1417 635 1473 frequentissima
668 1421 790 1470 sunt,
825 1429 937 1470 quae
972 1415 1153 1469 quidem
1187 1415 1309 1458 inter
1348 1414 1470 1469 ipsos
1513 1414 1736 1468 infideles,
1777 1413 1866 1456 nisi
1907 1414 2035 1456 aliud
2078 1412 2149 1456 ob-

268 1498 358 1536 stet
392 1492 787 1547 impedimentum,
820 1490 976 1533 valida
1008 1489 1162 1532 haberi
1198 1488 1376 1532 debent.

415 1583 457 1635 b.
504 1581 564 1633 Si
592 1581 804 1632 malitia
833 1580 1176 1651 (prudentia)
1208 1579 1419 1650 supplet
1447 1587 1687 1643 aetatem,
1733 1579 2147 1630 matrimonium

266 1681 391 1725 ante
445 1672 806 1741 pubertatem,
866 1671 1031 1721 etiam
1090 1672 1207 1720 sine
1258 1669 1686 1738 dispensatione,
1743 1667 1993 1720 validum
2048 1679 2147 1734 est,

266 1764 395 1832 quia
437 1761 752 1831 impuberes
791 1760 965 1812 solum
1001 1768 1416 1830 praesumuntur
1457 1758 1767 1825 inhabiles,
1810 1759 2147 1828 praesumtio

267 1860 450 1904 autem
494 1851 641 1903 cedit
682 1852 918 1902 veritati.
1000 1849 1214 1901 Malitia
1256 1849 1458 1900 dicitur
1499 1848 1752 1918 supplere
1794 1856 2047 1913 aetatem,
2103 1848 2148 1898 si

267 1942 405 1994 haec
448 1941 555 1993 duo
585 1939 748 1992 simul
789 1939 1021 1991 adsunt:
1066 1956 1117 1989 α.
1165 1937 1446 1989 sufficiens
1490 1937 1746 1989 discretio
1783 1955 1879 1988 seu
1907 1938 2147 2006 cognitio

267 2031 664 2099 obligationum
720 2030 1089 2089 matrimonii3
1150 2030 1197 2099 β.
1243 2027 1475 2079 actualis
1526 2029 1773 2097 potentia
1825 2026 2146 2094 generandi.

414 2120 459 2164 Si
494 2119 646 2175 sponsi
681 2124 787 2163 ante
822 2124 1021 2163 aetatem
1058 2118 1318 2161 eanonicam
1355 2118 1700 2161 matrimonium
1735 2118 1851 2161 inire
1884 2117 2150 2171 intendunt,

265 2197 485 2252 parochus
518 2209 611 2239 rem
646 2196 703 2238 ad
737 2195 995 2250 episcopum
1033 2195 1206 2237 deferre
1242 2193 1388 2248 debet,
1423 2194 1479 2236 ad
1515 2206 1646 2247 quem
1680 2191 1883 2247 pertinet
1909 2191 2150 2245 declarare,

264 2285 372 2314 num
406 2271 454 2314 in
489 2270 664 2326 sponsis
706 2283 863 2324 reapse
906 2269 1029 2312 adsit
1078 2269 1310 2323 habilitas,
1360 2282 1473 2323 quae
1521 2267 1785 2322 requiritur,
1834 2279 1995 2321 nempe
2045 2278 2149 2320 pru-

267 2346 422 2389 dentia
456 2350 499 2388 et
535 2345 742 2400 potentia
776 2345 1046 2399 generandi:
1089 2344 1137 2387 in
1182 2342 1317 2386 dubio
1363 2343 1416 2386 de
1460 2356 1728 2398 sponsorum
1773 2341 2021 2384 habilitate
2062 2339 2149 2394 epi-

266 2435 424 2476 scopus
459 2419 514 2463 ab
547 2419 878 2474 impedimento
915 2418 1176 2473 dispensare
1209 2422 1376 2473 potest.

416 2531 454 2563 c.
501 2509 554 2562 Si
596 2509 807 2560 malitia
848 2527 959 2560 non
1013 2507 1231 2578 supplet
1272 2516 1508 2560 aetatem
1563 2509 1976 2558 matrimonium
2021 2514 2149 2557 ante

267 2599 615 2670 pubertatem
658 2600 775 2650 sine
830 2599 1245 2668 dispensatione
1298 2599 1498 2648 initum
1553 2596 1863 2648 invalidum
1907 2604 2003 2663 est,
2056 2595 2148 2647 ha-

266 2691 427 2742 betur
487 2698 671 2741 autem
720 2708 824 2760 pro
868 2687 1206 2759 sponsalibus
1267 2689 1410 2738 inter
1471 2686 1785 2756 impuberes
1842 2685 2059 2755 initisl),
2117 2704 2150 2737 a

271 2780 470 2849 quibus
512 2798 638 2847 ergo
681 2778 940 2830 alteruter
976 2780 1129 2847 intra*
1161 2778 1407 2829 triduum
1436 2776 1647 2828 resilire
1687 2783 1882 2845 potest,
1926 2774 2150 2845 quando

268 2869 500 2939 adeptus
543 2879 621 2920 est
663 2868 1026 2938 pubertatem.

950 3048 982 3103 ῥ’
1014 3049 1067 3092 6.
1101 3050 1193 3091 Im
1193 3051 1470 3102 potentia.

421 3168 515 3221 85.
558 3167 864 3220 Definitio.
943 3168 1262 3237 Impotentz'a
1304 3175 1384 3218 est
1424 3165 1745 3217 inhabilitas
1784 3164 1855 3216 ad
1894 3163 2148 3233 copulam

270 3257 570 3327 perfectam
600 3258 634 3309 i.
666 3274 707 3308 e.
741 3274 837 3324 per
880 3275 933 3306 se
976 3264 1164 3325 aptam
1207 3255 1277 3307 ad
1319 3257 1732 3324 generationem
1774 3253 1958 3323 prolis.
2017 3253 2149 3303 Tria

272 3356 454 3398 autem
497 3348 866 3415 requiruntur,
910 3356 969 3396 ut
1012 3346 1209 3415 copula
1250 3364 1347 3414 per
1381 3364 1436 3396 se
1472 3345 1541 3397 ad
1577 3345 1989 3412 generationem
2019 3350 2151 3411 apta

425 3525 455 3578 ¹ss
491 3526 535 3569 C.
571 3525 694 3567 Tuae
725 3523 853 3567 nobis
888 3525 943 3566 14
976 3524 1047 3566 De
1082 3524 1290 3580 despons.
1326 3524 1486 3580 impnb.
1524 3524 1618 3577 (IV.
1654 3524 1713 3578 2).
