2269 3898
279 136 336 178 82
1020 133 1086 175 De
1119 132 1423 176 matrimonio.

431 290 478 321 α.
524 269 596 319 Ut
637 269 704 318 sit
744 266 1005 318 abductio
1047 266 1284 317 mulieris
1326 284 1436 317 non
1479 269 1612 318 viri:
1671 268 1968 320 concilium
2012 272 2159 321 enim

284 359 457 411 solum
511 357 753 425 loquitur
810 355 876 405 de
933 365 1094 423 raptu
1152 354 1412 419 mulieris,
1469 358 1563 425 qui
1618 357 1713 408 fiat
1761 377 1791 409 a
1834 359 1981 422 viro3
2036 358 2160 410 ideo

282 448 692 499 matrimonium
734 446 876 495 inter
931 443 1219 494 mulierem
1269 445 1567 513 raptricem
1622 454 1673 496 et
1716 447 1898 497 virum
1939 455 2157 514 raptum

279 555 388 587 non
449 543 530 586 est
584 533 912 585 invalidum.
993 531 1147 583 Nihil
1209 543 1394 583 autem
1454 533 1635 598 refert,
1699 542 1882 586 utrum
1944 534 2160 603 mulier,

279 643 418 695 quae
454 625 684 693 rapitur,
729 624 798 674 sit
839 622 1070 673 honesta
1113 641 1182 673 an
1226 622 1535 689 inhonesta,
1581 624 1737 691 virgo
1781 643 1853 675 an
1895 625 2082 677 vidua.

427 714 470 765 b.
515 713 591 765 Ut
631 714 700 763 sit
740 731 866 763 vera
909 711 1190 776 abductum
1245 711 1315 762 ad
1357 711 1462 763 hoc
1510 721 1693 764 autem
1737 715 2051 783 requiritur,
2105 722 2163 764 ut

277 803 372 854 fiat
411 802 674 853 abductio
730 801 957 853 deloco
1014 803 1070 852 in
1123 800 1305 852 locum
1361 801 1597 872 ideoque
1655 803 1846 855 saltem
1889 804 1956 855 de
1998 804 2161 855 domo

278 895 334 944 in
377 892 620 959 domum,
665 892 764 942 etsi
795 909 905 942 non
934 889 1095 958 longe
1127 890 1455 957 distantem3
1502 900 1557 943 at
1586 891 1725 943 nihil
1750 893 1932 959 refert,
1975 901 2162 945 utrum

277 989 463 1049 raptor
503 999 600 1050 per
641 999 697 1032 30
739 999 809 1031 an
852 999 950 1049 per
992 980 1164 1031 alium
1207 990 1514 1049 exequatur
1554 982 1790 1049 raptum.

426 1070 799 1125 Quandoquidem
835 1070 1017 1125 propria
1051 1070 1169 1113 ratio
1205 1075 1366 1125 raptus
1399 1071 1447 1113 in
1481 1084 1530 1114 00
1562 1076 1646 1125 est,
1680 1072 1798 1125 quod
1833 1071 2042 1114 muliere
2066 1072 2162 1115 1000

278 1151 395 1200 tuto,
429 1147 477 1188 in
511 1159 596 1199 quo
629 1159 791 1200 nempe
823 1159 913 1187 non
947 1149 1015 1188 est
1051 1144 1133 1187 sub
1165 1150 1396 1199 pot-estate
1419 1146 1632 1201 raptoris,
1666 1146 1920 1189 abducatur
1941 1146 1989 1189 in
2013 1146 2160 1189 locum

273 1234 363 1263 non
397 1224 566 1274 tutum,
599 1220 648 1262 in
682 1233 767 1274 quo
792 1219 874 1262 sub
897 1219 1033 1262 huius
1057 1223 1287 1274 potestate
1313 1225 1396 1274 est,
1429 1221 1638 1264 nonnulli
1663 1225 1868 1264 auctores
1892 1220 2164 1276 (Gasparri,

288 1294 537 1343 Vecclziotti,
589 1294 866 1350 illutlmrmz)
919 1294 1168 1349 opinantur
1220 1295 1377 1338 adesse
1429 1299 1613 1350 raptum
1668 1294 1944 1350 proindeque
1975 1294 2163 1350 impedi-

274 1374 479 1412 mentum
513 1369 811 1424 matrimonii,
861 1369 898 1412 si
949 1370 1112 1413 mulier
1160 1370 1469 1413 transferatur
1517 1369 1573 1413 ab
1621 1383 1713 1413 una
1753 1369 1802 1412 in
1842 1369 1981 1413 aliam
2024 1370 2162 1413 conti-

274 1444 537 1499 gnationem
573 1444 774 1487 eiusdem
811 1445 984 1499 domus,
1034 1444 1143 1499 quin
1193 1444 1333 1487 etiam
1371 1444 1407 1487 si
1442 1446 1753 1488 transferatur
1787 1445 1841 1487 de
1875 1444 2079 1487 cubiculo
2114 1444 2162 1488 111

273 1518 528 1562 cubiculum
563 1519 763 1562 eiusdem
799 1519 1161 1575 contignationis
1186 1520 1258 1563 vel
1288 1521 1341 1563 de
1374 1520 1449 1562 via
1484 1519 1666 1575 publica
1689 1519 1875 1563 seorsim
1908 1519 1957 1562 111
1983 1532 2162 1574 agrum,

274 1593 517 1636 dummodo
550 1596 673 1648 prior
704 1594 827 1637 locus
861 1594 1043 1638 mulieri
1079 1595 1140 1638 sit
1175 1599 1322 1649 tutus,
1359 1595 1478 1638 alter
1510 1608 1599 1638 non
1633 1594 1822 1647 tutus').

423 1688 462 1721 c.
507 1668 583 1720 Ut
624 1670 694 1719 sit
733 1668 969 1721 violenta
1010 1669 1290 1736 abductio,
1347 1688 1487 1739 quae
1530 1671 1793 1721 nimirum
1846 1669 1943 1721 fiat
1984 1670 2162 1720 invita

273 1767 326 1809 et
379 1766 726 1827 repugnante
784 1758 1045 1823 111111101ος
1107 1761 1149 1810 31
1193 1777 1320 1828 ergo
1376 1758 1574 1810 mulier
1628 1761 1901 1810 consentit
1958 1760 2017 1810 in
2071 1757 2161 1809 ab·

275 1848 611 1905 ductionem,
666 1850 850 1918 potius
891 1849 1022 1918 fuga
1064 1858 1159 1915 est,
1216 1868 1382 1919 quam
1424 1858 1631 1918 raptus,
1687 1867 1827 1919 quae
1882 1867 1993 1900 non
2035 1848 2161 1900 diri-

276 1939 374 1989 mit
415 1939 846 2005 matrimonium,
906 1941 1005 1990 etsi
1061 1940 1252 1990 invitis
1306 1939 1634 2009 parentibus
1676 1939 1801 2004 fiat,
1862 1937 2160 1990 concilium

274 2030 420 2079 enim
462 2027 601 2080 nihil
659 2028 812 2080 aliud
867 2029 1123 2095 intendit,
1183 2030 1288 2080 nisi
1345 2038 1405 2080 ut
1456 2028 1769 2081 libertatem
1821 2029 2161 2080 matrimonii

273 2127 507 2186 tueatur,
552 2137 693 2188 quae
735 2137 846 2170 non
886 2118 1140 2186 laeditur,
1185 2120 1228 2171 si
1273 2119 1469 2170 mulier
1512 2121 1835 2172 consentiat.

421 2223 636 2267 Violenta
680 2228 833 2267 autem
880 2230 1089 2268 censetur
1133 2224 1369 2268 abductio:
1421 2240 1460 2266 α.
1497 2223 1533 2267 31
1568 2225 1652 2266 fiat
1686 2236 1765 2279 per
1797 2223 1891 2266 vim
1926 2223 2160 2278 physicam

273 2298 345 2341 vel
379 2311 457 2352 per
490 2304 662 2341 metum
698 2312 884 2354 gravem
918 2299 1090 2342 iniuste
1123 2299 1379 2350 incussum;
1434 2301 1472 2349 β.
1520 2299 1557 2341 31
1605 2300 1690 2341 fiat
1732 2299 1894 2342 fraude
1927 2303 1972 2341 et
2008 2299 2163 2342 dolosa

274 2372 613 2426 sollicitatione,
646 2373 734 2416 etsi
768 2374 1079 2417 consentiente
1114 2374 1325 2424 muliere;
1362 2381 1410 2417 at
1444 2387 1533 2417 non
1566 2379 1636 2416 est
1669 2373 1885 2425 violenta,
1928 2373 1964 2416 si
1998 2373 2163 2416 mulier

272 2447 495 2502 precibus,
520 2447 775 2503 blanditiis,
808 2449 1087 2503 muneribus,
1111 2449 1486 2504 promissionibus
1519 2449 1767 2492 inducatur
1789 2449 1846 2492 ad
1870 2448 2160 2503 fugiendum.

421 2538 540 2580 Num
576 2538 939 2595 impedimentum
974 2542 1137 2595 raptus
1170 2540 1397 2589 incurrat,
1442 2539 1519 2594 qui
1559 2539 1685 2595 rapit
1706 2538 1909 2593 puellam
1944 2538 2035 2580 iam
2069 2539 2160 2581 rite

271 2612 360 2655 sibi
390 2612 723 2668 desponsatam.
789 2628 830 2659 a.
881 2614 925 2656 Si
976 2628 1141 2669 sponsa
1184 2615 1355 2657 iustam
1405 2627 1587 2657 causam
1631 2613 1769 2656 habet
1812 2627 1837 2656 a
1871 2613 2159 2668 sponsalibus

270 2687 517 2742 resiliendi,
563 2701 715 2731 omnes
749 2690 989 2732 affirmant
1025 2689 1180 2732 adesse
1213 2688 1595 2743 impedimentum
1636 2693 1812 2743 raptus,
1857 2688 1964 2743 quia
1995 2688 2043 2731 in
2076 2689 2159 2731 1100

272 2774 377 2804 casu
410 2761 529 2805 idem
565 2768 634 2805 est
667 2777 717 2806 ac
751 2763 788 2806 si
823 2764 1053 2819 sponsalia
1086 2764 1206 2806 inita
1237 2777 1327 2806 non
1359 2763 1569 2807 fuissent.
1620 2763 1656 2806 b.
1692 2762 1737 2806 Si
1770 2763 1942 2806 iustam
1976 2777 2158 2806 causam

269 2836 500 2879 resiliendi
533 2851 623 2880 non
658 2838 809 2893 habet,
855 2838 936 2881 alii
980 2852 1080 2882 cum
1116 2838 1326 2881 Sauclzee
1368 2839 1609 2881 affirmant
1657 2851 1711 2881 ex
1760 2838 1858 2882 iure
1891 2836 2158 2893 canonico²)‚

271 2910 351 2952 alii
385 2924 484 2953 cum
519 2928 555 2956 s.
590 2913 820 2968 411])Ῐιοηεο
853 2919 1043 2969 negant,
1087 2913 1194 2968 quia
1239 2926 1428 2968 sponsae
1460 2927 1547 2956 non
1584 2914 1641 2955 fit
1672 2913 1856 2968 iniuria,
1892 2913 1968 2957 sed
2003 2913 2158 2968 potius

272 2984 452 3040 cogitur
484 2988 644 3042 facere,
678 2988 735 3030 ad
770 2988 888 3043 quod
922 2987 1176 3031 tenebatur.

421 3061 470 3112 d.
516 3061 591 3113 Ut
631 3062 727 3114 fiat
769 3065 1096 3115 matrimonii
1147 3064 1369 3115 iucundi
1411 3084 1602 3116 causa:
1656 3063 1952 3115 concilium
2009 3065 2156 3115 enim

273 3157 520 3201 statuens
561 3150 665 3202 hoc
708 3153 1169 3222 impedimentum
1213 3153 1267 3205 id
1311 3155 1608 3223 praecipue
1650 3153 1904 3220 intendit,
1961 3161 2020 3205 ut
2060 3153 2155 3204 sal-

275 3249 433 3291 vetur
484 3240 708 3292 libertas
764 3261 1064 3294 consensus
1119 3243 1555 3296 matrimonialis.
1638 3242 1695 3295 Si
1749 3260 1876 3311 ergo
1930 3262 1999 3295 ex
2048 3242 2156 3294 alia

428 3433 459 3487 ¹)
494 3434 560 3476 Cf.
599 3435 830 3489 (r'uspurri
860 3435 894 3476 Ι.
928 3450 970 3478 n.
1006 3436 1104 3479 549.

424 3507 457 3561 2)
491 3509 536 3552 C.
573 3507 719 3561 Quum
756 3522 936 3552 causam
973 3510 998 3552 6
1034 3511 1104 3553 De
1137 3511 1400 3567 raptoribus
1430 3512 1500 3565 (V.
1557 3513 1646 3566 17).
