<?xml version="1.0" encoding="UTF-8"?>
<!DOCTYPE html PUBLIC "-//W3C//DTD XHTML 1.0 Transitional//EN"
    "http://www.w3.org/TR/xhtml1/DTD/xhtml1-transitional.dtd">
<html xmlns="http://www.w3.org/1999/xhtml" xml:lang="en" lang="en">
 <head>
  <title>
</title>
<meta http-equiv="Content-Type" content="text/html;charset=utf-8" />
  <meta name='ocr-system' content='tesseract 3.04.00' />
  <meta name='ocr-capabilities' content='ocr_page ocr_carea ocr_par ocr_line ocrx_word'/>
</head>
<body>
  <div class='ocr_page' id='page_1' title='image "./summatheologiaem00nold_0032.png"; bbox 0 0 2269 3898; ppageno 0'>
   <div class='ocr_carea' id='block_1_1' title="bbox 248 248 1536 292">
    <p class='ocr_par' dir='ltr' id='par_1_1' title="bbox 248 248 1536 292">
     <span class='ocr_line' id='line_1_1' title="bbox 248 248 1536 292; baseline 0.001 -1"><span class='ocrx_word' id='word_1_1' title='bbox 248 248 309 291; x_wconf 73' lang='lat'>22</span> <span class='ocrx_word' id='word_1_2' title='bbox 834 249 868 291; x_wconf 85' lang='grc' dir='ltr'>Ι.</span> <span class='ocrx_word' id='word_1_3' title='bbox 904 249 971 292; x_wconf 91' lang='lat' dir='ltr'>De</span> <span class='ocrx_word' id='word_1_4' title='bbox 1003 250 1095 291; x_wconf 89' lang='lat' dir='ltr'>fine</span> <span class='ocrx_word' id='word_1_5' title='bbox 1126 248 1324 292; x_wconf 88' lang='lat' dir='ltr'>hominis</span> <span class='ocrx_word' id='word_1_6' title='bbox 1356 250 1536 292; x_wconf 89' lang='lat' dir='ltr'>ultimo.</span> 
     </span>
    </p>
   </div>
   <div class='ocr_carea' id='block_1_2' title="bbox 249 380 2139 1632">
    <p class='ocr_par' dir='ltr' id='par_1_2' title="bbox 249 380 2138 1174">
     <span class='ocr_line' id='line_1_2' title="bbox 251 380 2133 438; baseline 0.003 -14"><span class='ocrx_word' id='word_1_7' title='bbox 251 380 438 424; x_wconf 85' lang='lat' dir='ltr'>habitus</span> <span class='ocrx_word' id='word_1_8' title='bbox 470 381 613 425; x_wconf 83' lang='lat' dir='ltr'>infusi</span> <span class='ocrx_word' id='word_1_9' title='bbox 646 386 949 437; x_wconf 89' lang='lat' dir='ltr'>comparatur.</span> <span class='ocrx_word' id='word_1_10' title='bbox 1013 381 1224 426; x_wconf 76' lang='lat' dir='ltr'><strong>Virtutes</strong></span> <span class='ocrx_word' id='word_1_11' title='bbox 1271 385 1426 426; x_wconf 86' lang='lat' dir='ltr'>autem</span> <span class='ocrx_word' id='word_1_12' title='bbox 1475 384 1726 438; x_wconf 76' lang='lat' dir='ltr'>acquisitae</span> <span class='ocrx_word' id='word_1_13' title='bbox 1772 399 1862 428; x_wconf 90' lang='lat' dir='ltr'>non</span> <span class='ocrx_word' id='word_1_14' title='bbox 1910 385 2133 429; x_wconf 79' lang='lat' dir='ltr'>tribuunt</span> 
     </span>
     <span class='ocr_line' id='line_1_3' title="bbox 253 456 2137 514; baseline 0.003 -16"><span class='ocrx_word' id='word_1_15' title='bbox 253 460 530 511; x_wconf 87' lang='lat' dir='ltr'>potestatem</span> <span class='ocrx_word' id='word_1_16' title='bbox 580 457 656 500; x_wconf 89' lang='lat' dir='ltr'>sed</span> <span class='ocrx_word' id='word_1_17' title='bbox 704 456 980 500; x_wconf 79' lang='lat' dir='ltr'>facilitatem</span> <span class='ocrx_word' id='word_1_18' title='bbox 1030 457 1270 511; x_wconf 89' lang='lat' dir='ltr'>operandi:</span> <span class='ocrx_word' id='word_1_19' title='bbox 1321 461 1526 512; x_wconf 89' lang='lat' dir='ltr'>potestas</span> <span class='ocrx_word' id='word_1_20' title='bbox 1570 459 1690 502; x_wconf 89' lang='lat' dir='ltr'>enim</span> <span class='ocrx_word' id='word_1_21' title='bbox 1725 459 1942 514; x_wconf 85' lang='lat' dir='ltr'>operandi</span> <span class='ocrx_word' id='word_1_22' title='bbox 1974 459 2067 503; x_wconf 87' lang='lat' dir='ltr'>iam</span> <span class='ocrx_word' id='word_1_23' title='bbox 2101 474 2137 503; x_wconf 84' lang='lat' dir='ltr'>a.</span> 
     </span>
     <span class='ocr_line' id='line_1_4' title="bbox 251 526 2131 589; baseline 0.002 -16"><span class='ocrx_word' id='word_1_24' title='bbox 251 526 418 573; x_wconf 86' lang='lat' dir='ltr'>natura</span> <span class='ocrx_word' id='word_1_25' title='bbox 450 531 600 585; x_wconf 88' lang='lat' dir='ltr'>adest;</span> <span class='ocrx_word' id='word_1_26' title='bbox 638 545 737 574; x_wconf 90' lang='lat' dir='ltr'>cum</span> <span class='ocrx_word' id='word_1_27' title='bbox 772 544 876 574; x_wconf 79' lang='lat' dir='ltr'>vero</span> <span class='ocrx_word' id='word_1_28' title='bbox 908 530 1121 586; x_wconf 87' lang='lat' dir='ltr'>repetitis</span> <span class='ocrx_word' id='word_1_29' title='bbox 1154 531 1332 575; x_wconf 89' lang='lat' dir='ltr'>actibus</span> <span class='ocrx_word' id='word_1_30' title='bbox 1364 545 1446 576; x_wconf 91' lang='lat' dir='ltr'>nec</span> <span class='ocrx_word' id='word_1_31' title='bbox 1477 532 1575 577; x_wconf 89' lang='lat' dir='ltr'>sine</span> <span class='ocrx_word' id='word_1_32' title='bbox 1607 547 1765 589; x_wconf 86' lang='lat' dir='ltr'>pugna</span> <span class='ocrx_word' id='word_1_33' title='bbox 1795 537 2131 589; x_wconf 80' lang='lat' dir='ltr'>comparentur,</span> 
     </span>
     <span class='ocr_line' id='line_1_5' title="bbox 252 605 2137 663; baseline 0.002 -16"><span class='ocrx_word' id='word_1_34' title='bbox 252 618 302 648; x_wconf 92' lang='lat' dir='ltr'>eo</span> <span class='ocrx_word' id='word_1_35' title='bbox 335 605 434 660; x_wconf 89' lang='lat' dir='ltr'>ipso</span> <span class='ocrx_word' id='word_1_36' title='bbox 467 605 686 648; x_wconf 86' lang='lat' dir='ltr'>minuunt</span> <span class='ocrx_word' id='word_1_37' title='bbox 734 606 806 649; x_wconf 86' lang='lat' dir='ltr'>vel</span> <span class='ocrx_word' id='word_1_38' title='bbox 855 605 995 649; x_wconf 83' lang='lat' dir='ltr'>etiam</span> <span class='ocrx_word' id='word_1_39' title='bbox 1044 605 1228 661; x_wconf 86' lang='lat' dir='ltr'>penitus</span> <span class='ocrx_word' id='word_1_40' title='bbox 1277 608 1495 650; x_wconf 81' lang='lat' dir='ltr'>auferunt</span> <span class='ocrx_word' id='word_1_41' title='bbox 1545 608 1849 652; x_wconf 87' lang='lat' dir='ltr'>difficultates</span> <span class='ocrx_word' id='word_1_42' title='bbox 1897 607 2137 663; x_wconf 68' lang='lat' dir='ltr'>operandi,³</span> 
     </span>
     <span class='ocr_line' id='line_1_6' title="bbox 251 680 2127 738; baseline 0.002 -16"><span class='ocrx_word' id='word_1_43' title='bbox 251 693 365 734; x_wconf 88' lang='lat' dir='ltr'>quae</span> <span class='ocrx_word' id='word_1_44' title='bbox 399 692 452 722; x_wconf 78' lang='lat' dir='ltr'>ex</span> <span class='ocrx_word' id='word_1_45' title='bbox 484 680 851 735; x_wconf 88' lang='lat' dir='ltr'>concupiscentia</span> <span class='ocrx_word' id='word_1_46' title='bbox 881 682 955 724; x_wconf 84' lang='lat' dir='ltr'>vel</span> <span class='ocrx_word' id='word_1_47' title='bbox 988 694 1043 725; x_wconf 80' lang='lat' dir='ltr'>ex</span> <span class='ocrx_word' id='word_1_48' title='bbox 1075 695 1218 736; x_wconf 77' lang='lat' dir='ltr'>prava</span> <span class='ocrx_word' id='word_1_49' title='bbox 1251 682 1580 726; x_wconf 86' lang='lat' dir='ltr'>consuetudine</span> <span class='ocrx_word' id='word_1_50' title='bbox 1613 683 1902 738; x_wconf 74' lang='lat' dir='ltr'>proveniunt.</span> <span class='ocrx_word' id='word_1_51' title='bbox 1957 684 1997 733; x_wconf 79' lang='grc' dir='ltr'>β.</span> <span class='ocrx_word' id='word_1_52' title='bbox 2030 682 2127 726; x_wconf 87' lang='lat' dir='ltr'>Vir·</span> 
     </span>
     <span class='ocr_line' id='line_1_7' title="bbox 251 753 2137 812; baseline 0.002 -16"><span class='ocrx_word' id='word_1_53' title='bbox 251 757 377 797; x_wconf 86' lang='lat' dir='ltr'>tutes</span> <span class='ocrx_word' id='word_1_54' title='bbox 409 753 589 797; x_wconf 80' lang='lat' dir='ltr'>infusae</span> <span class='ocrx_word' id='word_1_55' title='bbox 622 768 721 797; x_wconf 90' lang='lat' dir='ltr'>cum</span> <span class='ocrx_word' id='word_1_56' title='bbox 765 754 920 810; x_wconf 86' lang='lat' dir='ltr'>gratia</span> <span class='ocrx_word' id='word_1_57' title='bbox 963 755 1283 799; x_wconf 87' lang='lat' dir='ltr'>sanctificante</span> <span class='ocrx_word' id='word_1_58' title='bbox 1325 761 1494 811; x_wconf 89' lang='lat' dir='ltr'>puncto</span> <span class='ocrx_word' id='word_1_59' title='bbox 1543 757 1763 812; x_wconf 84' lang='lat' dir='ltr'>temporis</span> <span class='ocrx_word' id='word_1_60' title='bbox 1803 757 2137 812; x_wconf 68' lang='lat' dir='ltr'>infunduntiu·,</span> 
     </span>
     <span class='ocr_line' id='line_1_8' title="bbox 251 827 2129 886; baseline 0.002 -15"><span class='ocrx_word' id='word_1_61' title='bbox 251 827 346 872; x_wconf 91' lang='lat' dir='ltr'>suis</span> <span class='ocrx_word' id='word_1_62' title='bbox 379 828 556 872; x_wconf 83' lang='lat' dir='ltr'>actibus</span> <span class='ocrx_word' id='word_1_63' title='bbox 588 843 678 873; x_wconf 93' lang='lat' dir='ltr'>non</span> <span class='ocrx_word' id='word_1_64' title='bbox 712 830 923 874; x_wconf 80' lang='lat' dir='ltr'>effective</span> <span class='ocrx_word' id='word_1_65' title='bbox 956 831 1033 874; x_wconf 89' lang='lat' dir='ltr'>sed</span> <span class='ocrx_word' id='word_1_66' title='bbox 1066 830 1300 874; x_wconf 87' lang='lat' dir='ltr'>meritorie</span> <span class='ocrx_word' id='word_1_67' title='bbox 1333 836 1563 886; x_wconf 79' lang='lat' dir='ltr'>augentur</span> <span class='ocrx_word' id='word_1_68' title='bbox 1596 837 1642 875; x_wconf 85' lang='lat' dir='ltr'>et</span> <span class='ocrx_word' id='word_1_69' title='bbox 1675 844 1755 886; x_wconf 85' lang='lat' dir='ltr'>per</span> <span class='ocrx_word' id='word_1_70' title='bbox 1799 831 1990 885; x_wconf 83' lang='lat' dir='ltr'>quodvis</span> <span class='ocrx_word' id='word_1_71' title='bbox 2034 844 2129 886; x_wconf 86' lang='lat' dir='ltr'>pec-</span> 
     </span>
     <span class='ocr_line' id='line_1_9' title="bbox 250 904 2135 961; baseline 0.001 -16"><span class='ocrx_word' id='word_1_72' title='bbox 250 906 404 946; x_wconf 83' lang='lat' dir='ltr'>catum</span> <span class='ocrx_word' id='word_1_73' title='bbox 438 904 630 947; x_wconf 89' lang='lat' dir='ltr'>mortale</span> <span class='ocrx_word' id='word_1_74' title='bbox 663 918 763 948; x_wconf 91' lang='lat' dir='ltr'>cum</span> <span class='ocrx_word' id='word_1_75' title='bbox 797 905 952 960; x_wconf 86' lang='lat' dir='ltr'>gratia</span> <span class='ocrx_word' id='word_1_76' title='bbox 984 905 1304 949; x_wconf 86' lang='lat' dir='ltr'>sanctificante</span> <span class='ocrx_word' id='word_1_77' title='bbox 1346 910 1516 961; x_wconf 85' lang='lat' dir='ltr'>puncto</span> <span class='ocrx_word' id='word_1_78' title='bbox 1559 905 1779 961; x_wconf 87' lang='lat' dir='ltr'>temporis</span> <span class='ocrx_word' id='word_1_79' title='bbox 1814 906 2135 950; x_wconf 58' lang='lat' dir='ltr'>destruuntur„</span> 
     </span>
     <span class='ocr_line' id='line_1_10' title="bbox 251 977 2130 1036; baseline 0.003 -17"><span class='ocrx_word' id='word_1_80' title='bbox 251 977 458 1021; x_wconf 86' lang='lat' dir='ltr'>Virtutes</span> <span class='ocrx_word' id='word_1_81' title='bbox 491 981 644 1022; x_wconf 90' lang='lat' dir='ltr'>autem</span> <span class='ocrx_word' id='word_1_82' title='bbox 678 979 929 1034; x_wconf 83' lang='lat' dir='ltr'>acquisitae</span> <span class='ocrx_word' id='word_1_83' title='bbox 960 994 1049 1023; x_wconf 91' lang='lat' dir='ltr'>non</span> <span class='ocrx_word' id='word_1_84' title='bbox 1083 994 1173 1024; x_wconf 90' lang='lat' dir='ltr'>uno</span> <span class='ocrx_word' id='word_1_85' title='bbox 1206 984 1313 1024; x_wconf 91' lang='lat' dir='ltr'>actu</span> <span class='ocrx_word' id='word_1_86' title='bbox 1346 981 1423 1024; x_wconf 91' lang='lat' dir='ltr'>sed</span> <span class='ocrx_word' id='word_1_87' title='bbox 1455 981 1668 1036; x_wconf 87' lang='lat' dir='ltr'>repetitis</span> <span class='ocrx_word' id='word_1_88' title='bbox 1690 980 1870 1024; x_wconf 85' lang='lat' dir='ltr'>actibus</span> <span class='ocrx_word' id='word_1_89' title='bbox 1893 980 2130 1035; x_wconf 89' lang='lat' dir='ltr'>acquirun-</span> 
     </span>
     <span class='ocr_line' id='line_1_11' title="bbox 249 1051 2138 1110; baseline 0.002 -16"><span class='ocrx_word' id='word_1_90' title='bbox 249 1055 329 1095; x_wconf 91' lang='lat' dir='ltr'>tur</span> <span class='ocrx_word' id='word_1_91' title='bbox 359 1051 612 1107; x_wconf 83' lang='lat' dir='ltr'>iisdemque</span> <span class='ocrx_word' id='word_1_92' title='bbox 645 1053 855 1097; x_wconf 80' lang='lat' dir='ltr'>effective</span> <span class='ocrx_word' id='word_1_93' title='bbox 887 1059 1118 1109; x_wconf 82' lang='lat' dir='ltr'>augentur</span> <span class='ocrx_word' id='word_1_94' title='bbox 1150 1058 1197 1098; x_wconf 85' lang='lat' dir='ltr'>et</span> <span class='ocrx_word' id='word_1_95' title='bbox 1228 1069 1422 1098; x_wconf 90' lang='lat' dir='ltr'>non—usu</span> <span class='ocrx_word' id='word_1_96' title='bbox 1444 1056 1516 1099; x_wconf 84' lang='lat' dir='ltr'>vel</span> <span class='ocrx_word' id='word_1_97' title='bbox 1550 1055 1728 1099; x_wconf 86' lang='lat' dir='ltr'>actibus</span> <span class='ocrx_word' id='word_1_98' title='bbox 1762 1055 2002 1098; x_wconf 84' lang='lat' dir='ltr'>contrariis</span> <span class='ocrx_word' id='word_1_99' title='bbox 2025 1068 2138 1110; x_wconf 72' lang='lat' dir='ltr'>pau-</span> 
     </span>
     <span class='ocr_line' id='line_1_12' title="bbox 250 1126 1314 1174; baseline 0.004 -6"><span class='ocrx_word' id='word_1_100' title='bbox 250 1126 383 1169; x_wconf 88' lang='lat' dir='ltr'>latim</span> <span class='ocrx_word' id='word_1_101' title='bbox 418 1126 689 1170; x_wconf 88' lang='lat' dir='ltr'>minuuntur</span> <span class='ocrx_word' id='word_1_102' title='bbox 721 1142 772 1171; x_wconf 91' lang='lat' dir='ltr'>ac</span> <span class='ocrx_word' id='word_1_103' title='bbox 805 1129 989 1172; x_wconf 90' lang='lat' dir='ltr'>tandem</span> <span class='ocrx_word' id='word_1_104' title='bbox 1024 1134 1314 1174; x_wconf 76' lang='lat' dir='ltr'>evanescunt.</span> 
     </span>
    </p>

    <p class='ocr_par' dir='ltr' id='par_1_3' title="bbox 250 1201 2139 1632">
     <span class='ocr_line' id='line_1_13' title="bbox 405 1201 2139 1259; baseline 0.002 -16"><span class='ocrx_word' id='word_1_105' title='bbox 405 1202 440 1244; x_wconf 81' lang='lat' dir='ltr'>b.</span> <span class='ocrx_word' id='word_1_106' title='bbox 475 1201 595 1244; x_wconf 88' lang='lat' dir='ltr'>Hinc</span> <span class='ocrx_word' id='word_1_107' title='bbox 627 1202 896 1257; x_wconf 85' lang='lat' dir='ltr'>quandoque</span> <span class='ocrx_word' id='word_1_108' title='bbox 928 1203 1133 1246; x_wconf 83' lang='lat' dir='ltr'>homines</span> <span class='ocrx_word' id='word_1_109' title='bbox 1166 1208 1424 1257; x_wconf 81' lang='lat' dir='ltr'>peccatores</span> <span class='ocrx_word' id='word_1_110' title='bbox 1458 1217 1492 1247; x_wconf 91' lang='lat' dir='ltr'>e.</span> <span class='ocrx_word' id='word_1_111' title='bbox 1528 1217 1573 1259; x_wconf 88' lang='lat' dir='ltr'>g.</span> <span class='ocrx_word' id='word_1_112' title='bbox 1606 1203 1861 1259; x_wconf 87' lang='lat' dir='ltr'>impudicos</span> <span class='ocrx_word' id='word_1_113' title='bbox 1894 1203 1943 1246; x_wconf 86' lang='lat' dir='ltr'>iu</span> <span class='ocrx_word' id='word_1_114' title='bbox 1976 1203 2139 1257; x_wconf 83' lang='lat' dir='ltr'>aliqua.</span> 
     </span>
     <span class='ocr_line' id='line_1_14' title="bbox 250 1275 2137 1334; baseline 0.002 -17"><span class='ocrx_word' id='word_1_115' title='bbox 250 1275 426 1319; x_wconf 72' lang='lat' dir='ltr'>virtute</span> <span class='ocrx_word' id='word_1_116' title='bbox 459 1289 494 1322; x_wconf 85' lang='lat' dir='ltr'>e.</span> <span class='ocrx_word' id='word_1_117' title='bbox 529 1289 571 1331; x_wconf 90' lang='lat' dir='ltr'>g.</span> <span class='ocrx_word' id='word_1_118' title='bbox 606 1276 655 1319; x_wconf 90' lang='lat' dir='ltr'>in</span> <span class='ocrx_word' id='word_1_119' title='bbox 677 1276 862 1320; x_wconf 90' lang='lat' dir='ltr'>iustitia</span> <span class='ocrx_word' id='word_1_120' title='bbox 896 1277 1112 1321; x_wconf 79' lang='lat' dir='ltr'>excellere</span> <span class='ocrx_word' id='word_1_121' title='bbox 1144 1277 1377 1321; x_wconf 85' lang='lat' dir='ltr'>videmus:</span> <span class='ocrx_word' id='word_1_122' title='bbox 1414 1293 1520 1322; x_wconf 89' lang='lat' dir='ltr'>nam</span> <span class='ocrx_word' id='word_1_123' title='bbox 1555 1292 1634 1333; x_wconf 85' lang='lat' dir='ltr'>per</span> <span class='ocrx_word' id='word_1_124' title='bbox 1667 1284 1903 1334; x_wconf 87' lang='lat' dir='ltr'>peccatum</span> <span class='ocrx_word' id='word_1_125' title='bbox 1938 1279 2137 1322; x_wconf 88' lang='lat' dir='ltr'>mortale</span> 
     </span>
     <span class='ocr_line' id='line_1_15' title="bbox 251 1351 2138 1413; baseline 0.002 -20"><span class='ocrx_word' id='word_1_126' title='bbox 251 1363 342 1393; x_wconf 91' lang='lat' dir='ltr'>non</span> <span class='ocrx_word' id='word_1_127' title='bbox 377 1351 677 1394; x_wconf 87' lang='lat' dir='ltr'>destruuntur</span> <span class='ocrx_word' id='word_1_128' title='bbox 710 1365 862 1395; x_wconf 87' lang='lat' dir='ltr'>onmes</span> <span class='ocrx_word' id='word_1_129' title='bbox 895 1352 1094 1396; x_wconf 86' lang='lat' dir='ltr'>virtutes</span> <span class='ocrx_word' id='word_1_130' title='bbox 1126 1352 1390 1413; x_wconf 87' lang='lat' dir='ltr'>acquisitae.</span> <span class='ocrx_word' id='word_1_131' title='bbox 1446 1353 1715 1396; x_wconf 87' lang='lat' dir='ltr'>Econtrario</span> <span class='ocrx_word' id='word_1_132' title='bbox 1749 1353 1954 1397; x_wconf 87' lang='lat' dir='ltr'>homines</span> <span class='ocrx_word' id='word_1_133' title='bbox 1985 1353 2138 1397; x_wconf 84' lang='lat' dir='ltr'>iustos</span> 
     </span>
     <span class='ocr_line' id='line_1_16' title="bbox 250 1425 2134 1483; baseline 0.001 -15"><span class='ocrx_word' id='word_1_134' title='bbox 250 1425 459 1469; x_wconf 67' lang='lat' dir='ltr'>videmus</span> <span class='ocrx_word' id='word_1_135' title='bbox 506 1430 664 1469; x_wconf 84' lang='lat' dir='ltr'>contra</span> <span class='ocrx_word' id='word_1_136' title='bbox 713 1426 914 1470; x_wconf 84' lang='lat' dir='ltr'>diversas</span> <span class='ocrx_word' id='word_1_137' title='bbox 966 1440 1130 1482; x_wconf 89' lang='lat' dir='ltr'>easque</span> <span class='ocrx_word' id='word_1_138' title='bbox 1177 1428 1469 1472; x_wconf 80' lang='lat' dir='ltr'>vehementes</span> <span class='ocrx_word' id='word_1_139' title='bbox 1513 1428 1563 1471; x_wconf 86' lang='lat' dir='ltr'>in</span> <span class='ocrx_word' id='word_1_140' title='bbox 1595 1429 1768 1471; x_wconf 89' lang='lat' dir='ltr'>malum</span> <span class='ocrx_word' id='word_1_141' title='bbox 1809 1427 2134 1483; x_wconf 86' lang='lat' dir='ltr'>propensiones</span> 
     </span>
     <span class='ocr_line' id='line_1_17' title="bbox 252 1500 2139 1555; baseline 0.001 -13"><span class='ocrx_word' id='word_1_142' title='bbox 252 1513 458 1555; x_wconf 89' lang='lat' dir='ltr'>pugnare</span> <span class='ocrx_word' id='word_1_143' title='bbox 493 1501 669 1544; x_wconf 88' lang='lat' dir='ltr'>debere:</span> <span class='ocrx_word' id='word_1_144' title='bbox 705 1501 904 1545; x_wconf 83' lang='lat' dir='ltr'>virtutes</span> <span class='ocrx_word' id='word_1_145' title='bbox 938 1501 1057 1545; x_wconf 90' lang='lat' dir='ltr'>enim</span> <span class='ocrx_word' id='word_1_146' title='bbox 1091 1501 1272 1546; x_wconf 77' lang='lat' dir='ltr'>infusae</span> <span class='ocrx_word' id='word_1_147' title='bbox 1303 1515 1393 1546; x_wconf 88' lang='lat' dir='ltr'>non</span> <span class='ocrx_word' id='word_1_148' title='bbox 1426 1504 1645 1545; x_wconf 84' lang='lat' dir='ltr'>auferunt</span> <span class='ocrx_word' id='word_1_149' title='bbox 1676 1502 1912 1545; x_wconf 88' lang='lat' dir='ltr'>naturales</span> <span class='ocrx_word' id='word_1_150' title='bbox 1945 1500 2139 1544; x_wconf 83' lang='lat' dir='ltr'>habitus</span> 
     </span>
     <span class='ocr_line' id='line_1_18' title="bbox 253 1574 1641 1632; baseline 0.003 -15"><span class='ocrx_word' id='word_1_151' title='bbox 253 1587 434 1629; x_wconf 69' lang='lat' dir='ltr'>pravos,</span> <span class='ocrx_word' id='word_1_152' title='bbox 468 1574 544 1629; x_wconf 89' lang='lat' dir='ltr'>qui</span> <span class='ocrx_word' id='word_1_153' title='bbox 577 1575 754 1619; x_wconf 87' lang='lat' dir='ltr'>actibus</span> <span class='ocrx_word' id='word_1_154' title='bbox 789 1576 1030 1619; x_wconf 74' lang='lat' dir='ltr'>contrariis</span> <span class='ocrx_word' id='word_1_155' title='bbox 1063 1577 1288 1632; x_wconf 87' lang='lat' dir='ltr'>paulatim</span> <span class='ocrx_word' id='word_1_156' title='bbox 1325 1576 1641 1621; x_wconf 85' lang='lat' dir='ltr'>debilitantur.</span> 
     </span>
    </p>
   </div>
   <div class='ocr_carea' id='block_1_3' title="bbox 871 1813 1507 1873">
    <p class='ocr_par' dir='ltr' id='par_1_4' title="bbox 871 1813 1507 1873">
     <span class='ocr_line' id='line_1_19' title="bbox 871 1813 1507 1873; baseline 0.003 -2"><span class='ocrx_word' id='word_1_157' title='bbox 871 1813 1166 1872; x_wconf 80' lang='lat' dir='ltr'>Articulus</span> <span class='ocrx_word' id='word_1_158' title='bbox 1209 1814 1507 1873; x_wconf 70' lang='lat' dir='ltr'>secundus¹</span> 
     </span>
    </p>
   </div>
   <div class='ocr_carea' id='block_1_4' title="bbox 789 1935 1589 1990">
    <p class='ocr_par' dir='ltr' id='par_1_5' title="bbox 789 1935 1589 1990">
     <span class='ocr_line' id='line_1_20' title="bbox 789 1935 1589 1990; baseline 0.003 -14"><span class='ocrx_word' id='word_1_159' title='bbox 789 1937 868 1976; x_wconf 90' lang='lat' dir='ltr'>De</span> <span class='ocrx_word' id='word_1_160' title='bbox 902 1937 1056 1978; x_wconf 86' lang='lat' dir='ltr'>donis</span> <span class='ocrx_word' id='word_1_161' title='bbox 1090 1936 1322 1988; x_wconf 84' lang='lat' dir='ltr'>Spiritus</span> <span class='ocrx_word' id='word_1_162' title='bbox 1356 1935 1589 1990; x_wconf 74' lang='lat' dir='ltr'>sanct11).</span> 
     </span>
    </p>
   </div>
   <div class='ocr_carea' id='block_1_5' title="bbox 243 2081 2137 3049">
    <p class='ocr_par' dir='ltr' id='par_1_6' title="bbox 249 2081 2137 2333">
     <span class='ocr_line' id='line_1_21' title="bbox 399 2081 2136 2150; baseline 0.001 -14"><span class='ocrx_word' id='word_1_163' title='bbox 399 2081 485 2137; x_wconf 75' lang='lat'>21.</span> <span class='ocrx_word' id='word_1_164' title='bbox 534 2082 683 2136; x_wconf 89' lang='lat' dir='ltr'>Num</span> <span class='ocrx_word' id='word_1_165' title='bbox 725 2085 850 2138; x_wconf 76' lang='lat' dir='ltr'>Sint</span> <span class='ocrx_word' id='word_1_166' title='bbox 891 2085 1047 2138; x_wconf 77' lang='lat' dir='ltr'>(lona</span> <span class='ocrx_word' id='word_1_167' title='bbox 1088 2087 1148 2139; x_wconf 79' lang='lat' dir='ltr'>et</span> <span class='ocrx_word' id='word_1_168' title='bbox 1187 2087 1351 2150; x_wconf 79' lang='lat' dir='ltr'>quot.</span> <span class='ocrx_word' id='word_1_169' title='bbox 1432 2085 1663 2137; x_wconf 86' lang='lat' dir='ltr'>Praeter</span> <span class='ocrx_word' id='word_1_170' title='bbox 1703 2087 1934 2138; x_wconf 88' lang='lat' dir='ltr'>virtutes</span> <span class='ocrx_word' id='word_1_171' title='bbox 1976 2086 2136 2138; x_wconf 86' lang='lat' dir='ltr'>theo—</span> 
     </span>
     <span class='ocr_line' id='line_1_22' title="bbox 249 2172 2137 2240; baseline 0.002 -17"><span class='ocrx_word' id='word_1_172' title='bbox 249 2172 458 2240; x_wconf 77' lang='lat' dir='ltr'>logicas</span> <span class='ocrx_word' id='word_1_173' title='bbox 501 2180 554 2224; x_wconf 93' lang='lat' dir='ltr'>et</span> <span class='ocrx_word' id='word_1_174' title='bbox 594 2174 827 2226; x_wconf 87' lang='lat' dir='ltr'>morales</span> <span class='ocrx_word' id='word_1_175' title='bbox 868 2194 900 2226; x_wconf 88' lang='lat' dir='ltr'>a</span> <span class='ocrx_word' id='word_1_176' title='bbox 939 2175 1061 2226; x_wconf 89' lang='lat' dir='ltr'>Deo</span> <span class='ocrx_word' id='word_1_177' title='bbox 1104 2174 1316 2226; x_wconf 89' lang='lat' dir='ltr'>infusas</span> <span class='ocrx_word' id='word_1_178' title='bbox 1356 2174 1568 2226; x_wconf 89' lang='lat' dir='ltr'>homini</span> <span class='ocrx_word' id='word_1_179' title='bbox 1601 2177 1741 2227; x_wconf 85' lang='lat' dir='ltr'>iusto</span> <span class='ocrx_word' id='word_1_180' title='bbox 1773 2175 2137 2227; x_wconf 81' lang='lat' dir='ltr'>conferuntur</span> 
     </span>
     <span class='ocr_line' id='line_1_23' title="bbox 251 2261 1129 2333; baseline 0.007 -21"><span class='ocrx_word' id='word_1_181' title='bbox 251 2270 442 2331; x_wconf 77' lang='lat' dir='ltr'>septem</span> <span class='ocrx_word' id='word_1_182' title='bbox 483 2261 627 2314; x_wconf 76' lang='lat' dir='ltr'>dona</span> <span class='ocrx_word' id='word_1_183' title='bbox 667 2261 901 2333; x_wconf 72' lang='lat' dir='ltr'>Spiritus</span> <span class='ocrx_word' id='word_1_184' title='bbox 942 2265 1129 2318; x_wconf 75' lang='lat' dir='ltr'>sancti.</span> 
     </span>
    </p>

    <p class='ocr_par' dir='ltr' id='par_1_7' title="bbox 243 2351 2135 3049">
     <span class='ocr_line' id='line_1_24' title="bbox 403 2351 2131 2424; baseline 0.002 -21"><span class='ocrx_word' id='word_1_185' title='bbox 403 2372 451 2404; x_wconf 89' lang='lat' dir='ltr'>a.</span> <span class='ocrx_word' id='word_1_186' title='bbox 494 2351 652 2404; x_wconf 87' lang='lat' dir='ltr'>Hanc</span> <span class='ocrx_word' id='word_1_187' title='bbox 695 2353 1005 2405; x_wconf 86' lang='lat' dir='ltr'>doctrinam</span> <span class='ocrx_word' id='word_1_188' title='bbox 1060 2355 1235 2406; x_wconf 88' lang='lat' dir='ltr'>sancti</span> <span class='ocrx_word' id='word_1_189' title='bbox 1277 2362 1460 2424; x_wconf 90' lang='lat' dir='ltr'>patres</span> <span class='ocrx_word' id='word_1_190' title='bbox 1501 2361 1555 2405; x_wconf 89' lang='lat' dir='ltr'>et</span> <span class='ocrx_word' id='word_1_191' title='bbox 1593 2353 1834 2422; x_wconf 86' lang='lat' dir='ltr'>theologi</span> <span class='ocrx_word' id='word_1_192' title='bbox 1876 2355 2131 2406; x_wconf 82' lang='lat' dir='ltr'>unanimi</span> 
     </span>
     <span class='ocr_line' id='line_1_25' title="bbox 252 2441 2130 2512; baseline 0.002 -21"><span class='ocrx_word' id='word_1_193' title='bbox 252 2459 523 2492; x_wconf 87' lang='lat' dir='ltr'>consensu</span> <span class='ocrx_word' id='word_1_194' title='bbox 567 2441 832 2510; x_wconf 85' lang='lat' dir='ltr'>colligunt</span> <span class='ocrx_word' id='word_1_195' title='bbox 873 2462 943 2494; x_wconf 82' lang='lat' dir='ltr'>ex</span> <span class='ocrx_word' id='word_1_196' title='bbox 984 2443 1070 2494; x_wconf 88' lang='lat' dir='ltr'>his</span> <span class='ocrx_word' id='word_1_197' title='bbox 1111 2462 1299 2496; x_wconf 86' lang='lat' dir='ltr'>sacrae</span> <span class='ocrx_word' id='word_1_198' title='bbox 1342 2445 1647 2512; x_wconf 86' lang='lat' dir='ltr'>scripturae</span> <span class='ocrx_word' id='word_1_199' title='bbox 1688 2443 1904 2495; x_wconf 85' lang='lat' dir='ltr'>verbis:</span> <span class='ocrx_word' id='word_1_200' title='bbox 1959 2445 2030 2495; x_wconf 84' lang='lat' dir='ltr'>Et</span> <span class='ocrx_word' id='word_1_201' title='bbox 2053 2462 2130 2494; x_wconf 76' lang='lat' dir='ltr'>re-</span> 
     </span>
     <span class='ocr_line' id='line_1_26' title="bbox 250 2531 2135 2603; baseline 0.002 -22"><span class='ocrx_word' id='word_1_202' title='bbox 250 2531 476 2600; x_wconf 77' lang='lat' dir='ltr'>quieseet</span> <span class='ocrx_word' id='word_1_203' title='bbox 528 2550 685 2601; x_wconf 77' lang='lat' dir='ltr'>super</span> <span class='ocrx_word' id='word_1_204' title='bbox 737 2552 850 2583; x_wconf 81' lang='lat' dir='ltr'>eum</span> <span class='ocrx_word' id='word_1_205' title='bbox 902 2535 1123 2603; x_wconf 73' lang='lat' dir='ltr'>spiritus</span> <span class='ocrx_word' id='word_1_206' title='bbox 1181 2532 1396 2598; x_wconf 71' lang='lat' dir='ltr'>domini,</span> <span class='ocrx_word' id='word_1_207' title='bbox 1453 2535 1676 2603; x_wconf 71' lang='lat' dir='ltr'>spiritus</span> <span class='ocrx_word' id='word_1_208' title='bbox 1728 2534 2028 2603; x_wconf 75' lang='lat' dir='ltr'>sapientiae</span> <span class='ocrx_word' id='word_1_209' title='bbox 2083 2542 2135 2585; x_wconf 87' lang='lat' dir='ltr'>et</span> 
     </span>
     <span class='ocr_line' id='line_1_27' title="bbox 250 2619 2130 2692; baseline 0.003 -23"><span class='ocrx_word' id='word_1_210' title='bbox 250 2619 559 2688; x_wconf 76' lang='lat' dir='ltr'>intellectus,</span> <span class='ocrx_word' id='word_1_211' title='bbox 603 2623 824 2691; x_wconf 72' lang='lat' dir='ltr'>spiritus</span> <span class='ocrx_word' id='word_1_212' title='bbox 866 2623 1079 2674; x_wconf 79' lang='lat' dir='ltr'>consilii</span> <span class='ocrx_word' id='word_1_213' title='bbox 1119 2631 1168 2673; x_wconf 88' lang='lat' dir='ltr'>et</span> <span class='ocrx_word' id='word_1_214' title='bbox 1198 2623 1559 2692; x_wconf 68' lang='lat' dir='ltr'>fortitudini-S,</span> <span class='ocrx_word' id='word_1_215' title='bbox 1615 2623 1838 2692; x_wconf 74' lang='lat' dir='ltr'>spiritus</span> <span class='ocrx_word' id='word_1_216' title='bbox 1878 2624 2130 2675; x_wconf 72' lang='lat' dir='ltr'>scientiae</span> 
     </span>
     <span class='ocr_line' id='line_1_28' title="bbox 253 2711 2131 2782; baseline 0.003 -23"><span class='ocrx_word' id='word_1_217' title='bbox 253 2718 302 2760; x_wconf 87' lang='lat' dir='ltr'>et</span> <span class='ocrx_word' id='word_1_218' title='bbox 333 2711 554 2778; x_wconf 78' lang='lat' dir='ltr'>pietatis</span> <span class='ocrx_word' id='word_1_219' title='bbox 603 2719 652 2761; x_wconf 90' lang='lat' dir='ltr'>et</span> <span class='ocrx_word' id='word_1_220' title='bbox 690 2711 915 2781; x_wconf 71' lang='lat' dir='ltr'>replebit</span> <span class='ocrx_word' id='word_1_221' title='bbox 955 2731 1068 2762; x_wconf 78' lang='lat' dir='ltr'>eam</span> <span class='ocrx_word' id='word_1_222' title='bbox 1108 2714 1332 2782; x_wconf 75' lang='lat' dir='ltr'>spiritus</span> <span class='ocrx_word' id='word_1_223' title='bbox 1374 2713 1579 2763; x_wconf 80' lang='lat' dir='ltr'>timoris</span> <span class='ocrx_word' id='word_1_224' title='bbox 1621 2712 1889 2781; x_wconf 77' lang='lat' dir='ltr'>domini2).</span> <span class='ocrx_word' id='word_1_225' title='bbox 1973 2712 2131 2778; x_wconf 78' lang='lat' dir='ltr'>Quae</span> 
     </span>
     <span class='ocr_line' id='line_1_29' title="bbox 251 2796 2129 2872; baseline 0.004 -25"><span class='ocrx_word' id='word_1_226' title='bbox 251 2796 424 2848; x_wconf 85' lang='lat' dir='ltr'>verba</span> <span class='ocrx_word' id='word_1_227' title='bbox 466 2797 534 2849; x_wconf 91' lang='lat' dir='ltr'>de</span> <span class='ocrx_word' id='word_1_228' title='bbox 573 2799 780 2851; x_wconf 87' lang='lat' dir='ltr'>Messia</span> <span class='ocrx_word' id='word_1_229' title='bbox 821 2800 1045 2868; x_wconf 90' lang='lat' dir='ltr'>quidem</span> <span class='ocrx_word' id='word_1_230' title='bbox 1089 2800 1366 2866; x_wconf 82' lang='lat' dir='ltr'>dicuntur,</span> <span class='ocrx_word' id='word_1_231' title='bbox 1409 2820 1441 2853; x_wconf 91' lang='lat' dir='ltr'>a</span> <span class='ocrx_word' id='word_1_232' title='bbox 1482 2802 1688 2852; x_wconf 87' lang='lat' dir='ltr'>sanctis</span> <span class='ocrx_word' id='word_1_233' title='bbox 1730 2801 1997 2854; x_wconf 88' lang='lat' dir='ltr'>ecclesiae</span> <span class='ocrx_word' id='word_1_234' title='bbox 2039 2821 2129 2872; x_wconf 87' lang='lat' dir='ltr'>pa-</span> 
     </span>
     <span class='ocr_line' id='line_1_30' title="bbox 249 2885 2133 2962; baseline 0.004 -26"><span class='ocrx_word' id='word_1_235' title='bbox 249 2885 428 2937; x_wconf 79' lang='lat' dir='ltr'>tribus</span> <span class='ocrx_word' id='word_1_236' title='bbox 469 2894 654 2939; x_wconf 90' lang='lat' dir='ltr'>autem</span> <span class='ocrx_word' id='word_1_237' title='bbox 698 2887 910 2940; x_wconf 89' lang='lat' dir='ltr'>homini</span> <span class='ocrx_word' id='word_1_238' title='bbox 952 2890 1093 2941; x_wconf 90' lang='lat' dir='ltr'>iusto</span> <span class='ocrx_word' id='word_1_239' title='bbox 1135 2889 1502 2959; x_wconf 74' lang='lat' dir='ltr'>applicantur,</span> <span class='ocrx_word' id='word_1_240' title='bbox 1545 2892 1752 2960; x_wconf 88' lang='lat' dir='ltr'>quippe</span> <span class='ocrx_word' id='word_1_241' title='bbox 1782 2910 1947 2962; x_wconf 90' lang='lat' dir='ltr'>quem</span> <span class='ocrx_word' id='word_1_242' title='bbox 1975 2893 2133 2943; x_wconf 90' lang='lat' dir='ltr'>Deus</span> 
     </span>
     <span class='ocr_line' id='line_1_31' title="bbox 243 2976 1837 3049; baseline 0.007 -24"><span class='ocrx_word' id='word_1_243' title='bbox 243 2976 732 3045; x_wconf 71' lang='lat' dir='ltr'>praedestinaverit</span> <span class='ocrx_word' id='word_1_244' title='bbox 771 2978 1087 3048; x_wconf 60' lang='lat' dir='ltr'>&lt;uniformem</span> <span class='ocrx_word' id='word_1_245' title='bbox 1122 2979 1242 3045; x_wconf 71' lang='lat' dir='ltr'>fieri.</span> <span class='ocrx_word' id='word_1_246' title='bbox 1281 2981 1505 3049; x_wconf 70' lang='lat' dir='ltr'>imayini</span> <span class='ocrx_word' id='word_1_247' title='bbox 1529 2979 1644 3048; x_wconf 69' lang='lat' dir='ltr'>filii</span> <span class='ocrx_word' id='word_1_248' title='bbox 1684 2980 1837 3047; x_wconf 79' lang='lat' dir='ltr'>sui3).</span> 
     </span>
    </p>
   </div>
   <div class='ocr_carea' id='block_1_6' title="bbox 251 3169 2132 3673">
    <p class='ocr_par' dir='ltr' id='par_1_8' title="bbox 251 3169 2132 3595">
     <span class='ocr_line' id='line_1_32' title="bbox 404 3169 2130 3229; baseline 0.004 -18"><span class='ocrx_word' id='word_1_249' title='bbox 404 3169 436 3225; x_wconf 86' lang='grc'>1)</span> <span class='ocrx_word' id='word_1_250' title='bbox 467 3169 514 3213; x_wconf 78' lang='lat' dir='ltr'>S.</span> <span class='ocrx_word' id='word_1_251' title='bbox 554 3169 743 3213; x_wconf 68' lang='lat' dir='ltr'>Thomas</span> <span class='ocrx_word' id='word_1_252' title='bbox 775 3171 810 3213; x_wconf 93' lang='lat' dir='ltr'>I.</span> <span class='ocrx_word' id='word_1_253' title='bbox 844 3171 903 3214; x_wconf 93' lang='grc' dir='ltr'>Π.</span> <span class='ocrx_word' id='word_1_254' title='bbox 939 3186 978 3226; x_wconf 92' lang='lat' dir='ltr'>q.</span> <span class='ocrx_word' id='word_1_255' title='bbox 1013 3173 1083 3216; x_wconf 83' lang='lat'>68.</span> <span class='ocrx_word' id='word_1_256' title='bbox 1126 3172 1326 3225; x_wconf 57' lang='lat' dir='ltr'>Suaree,</span> <span class='ocrx_word' id='word_1_257' title='bbox 1358 3173 1425 3216; x_wconf 92' lang='lat' dir='ltr'>De</span> <span class='ocrx_word' id='word_1_258' title='bbox 1457 3171 1612 3227; x_wconf 83' lang='lat' dir='ltr'>gratia</span> <span class='ocrx_word' id='word_1_259' title='bbox 1643 3173 1672 3216; x_wconf 86' lang='lat'>1.</span> <span class='ocrx_word' id='word_1_260' title='bbox 1708 3174 1747 3216; x_wconf 74' lang='lat'>2.</span> <span class='ocrx_word' id='word_1_261' title='bbox 1783 3187 1818 3216; x_wconf 91' lang='lat' dir='ltr'>c.</span> <span class='ocrx_word' id='word_1_262' title='bbox 1854 3174 1908 3217; x_wconf 83' lang='lat'>17</span> <span class='ocrx_word' id='word_1_263' title='bbox 1943 3187 1993 3229; x_wconf 89' lang='lat' dir='ltr'>s.‚</span> <span class='ocrx_word' id='word_1_264' title='bbox 2024 3174 2055 3217; x_wconf 94' lang='grc'>1.</span> <span class='ocrx_word' id='word_1_265' title='bbox 2086 3175 2130 3218; x_wconf 86' lang='grc'>6.</span> 
     </span>
     <span class='ocr_line' id='line_1_33' title="bbox 252 3244 2130 3303; baseline 0.002 -16"><span class='ocrx_word' id='word_1_266' title='bbox 252 3258 286 3288; x_wconf 91' lang='lat' dir='ltr'>c.</span> <span class='ocrx_word' id='word_1_267' title='bbox 332 3245 400 3287; x_wconf 87' lang='lat'>10.</span> <span class='ocrx_word' id='word_1_268' title='bbox 479 3244 631 3302; x_wconf 76' lang='lat' dir='ltr'>Weiss,</span> <span class='ocrx_word' id='word_1_269' title='bbox 684 3245 752 3288; x_wconf 93' lang='lat' dir='ltr'>De</span> <span class='ocrx_word' id='word_1_270' title='bbox 807 3250 980 3300; x_wconf 87' lang='lat' dir='ltr'>septem</span> <span class='ocrx_word' id='word_1_271' title='bbox 1036 3247 1166 3290; x_wconf 86' lang='lat' dir='ltr'>donis</span> <span class='ocrx_word' id='word_1_272' title='bbox 1219 3247 1418 3302; x_wconf 86' lang='lat' dir='ltr'>Spiritus</span> <span class='ocrx_word' id='word_1_273' title='bbox 1473 3247 1634 3291; x_wconf 86' lang='lat' dir='ltr'>sancti.</span> <span class='ocrx_word' id='word_1_274' title='bbox 1698 3247 1931 3301; x_wconf 82' lang='lat' dir='ltr'>(Viennae.</span> <span class='ocrx_word' id='word_1_275' title='bbox 1983 3248 2130 3303; x_wconf 80' lang='lat'>1895).</span> 
     </span>
     <span class='ocr_line' id='line_1_34' title="bbox 256 3318 2127 3374; baseline 0.003 -14"><span class='ocrx_word' id='word_1_276' title='bbox 256 3318 481 3374; x_wconf 59' lang='lat' dir='ltr'>Bodenriq,</span> <span class='ocrx_word' id='word_1_277' title='bbox 526 3318 612 3362; x_wconf 89' lang='lat' dir='ltr'>Die</span> <span class='ocrx_word' id='word_1_278' title='bbox 644 3318 799 3363; x_wconf 87' lang='lat' dir='ltr'>Gaben</span> <span class='ocrx_word' id='word_1_279' title='bbox 834 3320 910 3362; x_wconf 89' lang='lat' dir='ltr'>des</span> <span class='ocrx_word' id='word_1_280' title='bbox 942 3320 1004 3363; x_wconf 91' lang='lat' dir='ltr'>hl.</span> <span class='ocrx_word' id='word_1_281' title='bbox 1039 3320 1217 3364; x_wconf 85' lang='lat' dir='ltr'>Geistes</span> <span class='ocrx_word' id='word_1_282' title='bbox 1258 3321 1544 3374; x_wconf 80' lang='lat' dir='ltr'>(Zeitschrift</span> <span class='ocrx_word' id='word_1_283' title='bbox 1575 3323 1607 3364; x_wconf 89' lang='lat' dir='ltr'>f.</span> <span class='ocrx_word' id='word_1_284' title='bbox 1641 3323 1772 3366; x_wconf 82' lang='lat' dir='ltr'>kath.</span> <span class='ocrx_word' id='word_1_285' title='bbox 1806 3323 1961 3367; x_wconf 88' lang='lat' dir='ltr'>Theol.</span> <span class='ocrx_word' id='word_1_286' title='bbox 1997 3323 2127 3366; x_wconf 76' lang='grc'>1882.</span> 
     </span>
     <span class='ocr_line' id='line_1_35' title="bbox 254 3391 2132 3451; baseline 0.004 -18"><span class='ocrx_word' id='word_1_287' title='bbox 254 3391 396 3445; x_wconf 84' lang='grc'>1883).</span> <span class='ocrx_word' id='word_1_288' title='bbox 464 3393 669 3449; x_wconf 66' lang='lat' dir='ltr'>Gopfert,</span> <span class='ocrx_word' id='word_1_289' title='bbox 715 3394 1116 3449; x_wconf 77' lang='lat' dir='ltr'>Moraltheologie⁸</span> <span class='ocrx_word' id='word_1_290' title='bbox 1163 3395 1195 3438; x_wconf 94' lang='grc' dir='ltr'>Ι.</span> <span class='ocrx_word' id='word_1_291' title='bbox 1244 3409 1288 3439; x_wconf 88' lang='grc'>11.</span> <span class='ocrx_word' id='word_1_292' title='bbox 1337 3396 1423 3439; x_wconf 81' lang='grc'>262</span> <span class='ocrx_word' id='word_1_293' title='bbox 1470 3397 1504 3438; x_wconf 87' lang='lat' dir='ltr'>f.</span> <span class='ocrx_word' id='word_1_294' title='bbox 1568 3397 1813 3451; x_wconf 62' lang='lat' dir='ltr'>rlIeseleler,</span> <span class='ocrx_word' id='word_1_295' title='bbox 1865 3397 1952 3441; x_wconf 91' lang='lat' dir='ltr'>Die</span> <span class='ocrx_word' id='word_1_296' title='bbox 2004 3397 2132 3442; x_wconf 83' lang='lat' dir='ltr'>Gabe</span> 
     </span>
     <span class='ocr_line' id='line_1_36' title="bbox 256 3466 2128 3528; baseline 0.004 -20"><span class='ocrx_word' id='word_1_297' title='bbox 256 3466 332 3509; x_wconf 88' lang='lat' dir='ltr'>des</span> <span class='ocrx_word' id='word_1_298' title='bbox 364 3466 425 3509; x_wconf 88' lang='lat' dir='ltr'>hl.</span> <span class='ocrx_word' id='word_1_299' title='bbox 459 3467 808 3522; x_wconf 83' lang='lat' dir='ltr'>Pfingstfestes²</span> <span class='ocrx_word' id='word_1_300' title='bbox 840 3468 1095 3524; x_wconf 84' lang='lat' dir='ltr'>(Freiburg.</span> <span class='ocrx_word' id='word_1_301' title='bbox 1128 3470 1316 3514; x_wconf 87' lang='lat' dir='ltr'>Herder.</span> <span class='ocrx_word' id='word_1_302' title='bbox 1351 3470 1486 3524; x_wconf 81' lang='grc'>1892)</span> <span class='ocrx_word' id='word_1_303' title='bbox 1521 3471 1639 3526; x_wconf 88' lang='lat' dir='ltr'>Kap.</span> <span class='ocrx_word' id='word_1_304' title='bbox 1674 3472 1865 3514; x_wconf 74' lang='lat'>27—34.</span> <span class='ocrx_word' id='word_1_305' title='bbox 1935 3472 2064 3528; x_wconf 75' lang='lat' dir='ltr'>Tepe,</span> <span class='ocrx_word' id='word_1_306' title='bbox 2096 3472 2128 3517; x_wconf 88' lang='grc'>1.</span> 
     </span>
     <span class='ocr_line' id='line_1_37' title="bbox 251 3540 574 3595; baseline 0.003 -13"><span class='ocrx_word' id='word_1_307' title='bbox 251 3554 288 3582; x_wconf 84' lang='lat' dir='ltr'>c.</span> <span class='ocrx_word' id='word_1_308' title='bbox 321 3554 363 3595; x_wconf 88' lang='lat' dir='ltr'>p.</span> <span class='ocrx_word' id='word_1_309' title='bbox 399 3540 484 3584; x_wconf 75' lang='lat'>275</span> <span class='ocrx_word' id='word_1_310' title='bbox 519 3554 574 3583; x_wconf 87' lang='lat' dir='ltr'>ss.</span> 
     </span>
    </p>

    <p class='ocr_par' dir='ltr' id='par_1_9' title="bbox 406 3613 1343 3673">
     <span class='ocr_line' id='line_1_38' title="bbox 406 3613 1343 3673; baseline 0.004 -17"><span class='ocrx_word' id='word_1_311' title='bbox 406 3613 445 3667; x_wconf 83' lang='grc'>2)</span> <span class='ocrx_word' id='word_1_312' title='bbox 477 3614 582 3657; x_wconf 87' lang='lat' dir='ltr'>Isai.</span> <span class='ocrx_word' id='word_1_313' title='bbox 619 3615 688 3669; x_wconf 85' lang='lat'>11,</span> <span class='ocrx_word' id='word_1_314' title='bbox 723 3616 762 3661; x_wconf 74' lang='lat'>2.</span> <span class='ocrx_word' id='word_1_315' title='bbox 797 3616 837 3658; x_wconf 82' lang='lat'>3.</span> <span class='ocrx_word' id='word_1_316' title='bbox 872 3641 927 3646; x_wconf 77' lang='lat'>—</span> <span class='ocrx_word' id='word_1_317' title='bbox 961 3614 997 3673; x_wconf 74' lang='lat'>³)</span> <span class='ocrx_word' id='word_1_318' title='bbox 1032 3617 1161 3660; x_wconf 86' lang='lat' dir='ltr'>Rom.</span> <span class='ocrx_word' id='word_1_319' title='bbox 1196 3616 1239 3670; x_wconf 81' lang='lat'>8,</span> <span class='ocrx_word' id='word_1_320' title='bbox 1273 3617 1343 3662; x_wconf 76' lang='lat'>29.</span> 
     </span>
    </p>
   </div>
  </div>
 </body>
</html>
