2269 3898
284 113 311 155 Ν.)

316 113 341 155 Ν)

1026 109 1092 151 De
1123 107 1427 151 matrimonio.

438 245 475 288 ὃ.
512 245 782 288 Scandalum
806 250 905 285 tum
930 242 1052 296 apud
1077 240 1346 284 domesticos
1380 247 1480 283 tum
1504 241 1625 295 apud
1658 244 1897 285 extraneos
1930 254 1979 285 eo
2013 241 2160 285 caveri

289 320 435 374 debet,
469 319 587 374 quod
621 317 833 371 coniuges
867 315 1045 371 publice
1076 329 1166 358 non
1200 328 1245 357 se
1268 319 1431 369 gerant
1463 321 1517 357 ut
1550 314 1777 370 coniuges.
1843 314 2012 368 Quodsi
2042 329 2165 359 scan-

290 394 441 436 dalum
477 406 564 435 non
598 396 825 444 caveatur,
859 389 1201 433 matrimonium
1236 388 1559 443 publicandum
1595 394 1676 432 est.

929 595 1222 653 Articulus
1266 598 1524 669 quartae.

628 722 707 759 De
739 721 1001 769 potestate
1034 718 1288 758 ecclesiae
1321 718 1379 757 in
1412 718 1826 758 matrimonium.

441 856 530 911 22.
582 855 667 908 De
721 852 854 920 ipsa
905 851 1223 918 potestate.
1325 851 1465 902 Cum
1521 867 1733 919 paucae
1794 849 1970 918 leges,
2026 868 2169 919 quae

293 966 362 998 ex
420 948 537 997 iure
591 940 829 995 naturali
889 941 1035 991 circa
1096 940 1511 991 matrimonium
1570 939 1837 1003 existunt,
1897 936 1968 989 ad
2024 938 2163 989 ordi-

294 1035 541 1088 nandum
594 1032 743 1084 hunc
799 1037 1143 1081 contractum
1201 1048 1374 1098 aeque
1428 1028 1771 1097 frequentem
1825 1045 1890 1078 ac
1939 1026 2170 1078 difficul-

293 1125 501 1176 tatibus
563 1120 869 1190 implexum
931 1137 1042 1169 non
1104 1118 1400 1184 sufficiant,
1463 1118 1574 1168 iam
1632 1117 1930 1186 quaeritur,
1985 1124 2168 1167 utrum

296 1214 450 1266 Deus
505 1210 819 1263 auctoritati
875 1208 1279 1260 ecclesiasticae
1336 1226 1405 1258 an
1457 1207 1609 1259 civili
1659 1214 1985 1276 potestatem
2029 1223 2168 1256 com-

295 1303 506 1354 miserit
545 1300 692 1367 leges
735 1299 882 1349 circa
926 1298 1337 1348 matrimonium
1369 1296 1660 1348 condendi.
1706 1296 1878 1364 Atqui
1907 1292 2174 1346 ecclesiae

295 1393 456 1461 eique
499 1389 615 1455 soli⁷
659 1406 768 1440 non
813 1405 881 1438 ex
924 1387 1280 1439 concessione
1322 1386 1664 1436 auctoritatis
1694 1385 1892 1449 civilis,
1932 1383 2026 1436 sed
2055 1385 2175 1435 iure

297 1481 518 1551 proprio
585 1478 847 1546 competit
907 1484 1146 1545 potestas
1208 1477 1262 1526 in
1329 1476 1683 1526 matrimonia
1741 1473 2003 1526 fidelium.
2103 1474 2178 1525 Et

298 1589 445 1633 sane,
501 1568 766 1620 ecclesiae
823 1567 983 1635 eique
1041 1563 1139 1617 soli
1201 1583 1232 1615 a
1289 1564 1408 1616 Deo
1467 1566 1758 1616 commissa
1807 1572 1887 1614 est
1936 1570 2175 1632 potestas

299 1657 727 1712 administrandi
778 1663 1122 1707 sacramenta
1172 1661 1336 1723 atque
1387 1653 1510 1705 ideo
1561 1653 1855 1718 statuendi7
1912 1671 2052 1722 quae
2104 1651 2175 1702 ad

301 1748 485 1800 valide
540 1754 592 1798 et
639 1745 788 1797 licite
842 1743 1179 1795 conferenda
1222 1751 1274 1794 et
1316 1742 1672 1812 suscipienda
1714 1749 2059 1793 sacramenta
2098 1759 2176 1792 re-

301 1840 622 1908 quiruntur;
681 1843 996 1886 contractus
1050 1841 1235 1884 autem
1287 1831 1707 1884 matrimonialis
1750 1838 1830 1882 est
1871 1847 2176 1882 sacramen-

301 1937 445 1987 tum;
491 1943 618 1993 ergo
663 1924 734 1976 ad
776 1923 945 1975 solam
991 1922 1282 1973 ecclesiam
1324 1923 1564 1991 pertinet
1605 1928 1858 1983 statuere,
1912 1938 2052 1989 quae
2107 1919 2178 1970 ad

301 2015 484 2068 valide
548 2024 600 2066 et
649 2013 796 2065 licite
851 2011 1157 2063 ineundum
1213 2017 1556 2063 contractum
1598 2007 2059 2061 matrimonialem
2101 2027 2176 2059 re-

302 2108 612 2176 quirantur.
694 2104 783 2154 Ex
823 2101 929 2153 hoc
972 2119 1184 2153 canone
1226 2100 1468 2170 generali
1510 2101 1565 2151 in
1609 2102 1791 2169 specie
1833 2098 2092 2150 infertur:

454 2216 501 2247 α.
560 2192 867 2245 Ecclesiam
924 2190 1094 2243 solam
1149 2198 1474 2260 potestatem
1516 2188 1720 2241 habere
1764 2187 2043 2240 statuendi
2085 2189 2179 2237 im-

305 2285 624 2355 pedimenta
666 2283 1012 2346 dirimentia3

454 2375 498 2428 b.
554 2371 842 2424 ecclesiam
898 2369 1067 2422 solam
1124 2377 1452 2439 potestatem
1503 2367 1709 2439 habere
1759 2366 2035 2419 statuendi
2086 2366 2181 2416 im-

305 2464 625 2534 pedimenta
681 2459 1035 2531 prohibentia
1093 2478 1186 2511 seu
1249 2456 1663 2528 praescribendi
1723 2456 2077 2508 condiciones
2130 2462 2184 2506 et

307 2554 531 2606 modum
574 2551 804 2603 ineundi
848 2551 1215 2614 matrimonii3

455 2664 493 2696 ο.
558 2641 848 2694 ecclesiam
915 2640 1087 2692 solam
1164 2646 1489 2708 potestatem
1563 2635 1767 2688 habere
1833 2633 2183 2687 diiudicandi

310 2752 503 2785 causas
545 2729 996 2796 matrimoniales,
1040 2737 1092 2780 et
1134 2727 1355 2798 quidem

459 2840 511 2873 α.
558 2822 623 2872 (16
665 2819 851 2872 valore
901 2828 954 2870 et
1006 2817 1276 2870 solutione
1327 2814 1665 2886 sponsalium
1719 2822 1942 2885 propter
1996 2831 2183 2865 eorum

312 2912 713 2964 connexionem
759 2927 883 2960 cum
926 2907 1305 2972 matrimonio3

465 3003 512 3071 β.
557 2999 624 3051 de
668 2998 852 3050 valore
895 3005 947 3049 et
986 2996 1238 3049 nullitate
1279 2995 1619 3046 matrimonii
1661 2995 1777 3046 sive
1820 2990 2186 3045 contrahendi

313 3092 429 3143 sive
471 3091 580 3141 iam
624 3088 919 3153 contracti3

460 3198 513 3244 γ.
559 3178 625 3229 (16
668 3129 1025 3228 dissolutione
1068 3175 1434 3239 matrimonii3

462 3268 509 3321 ὃ.
555 3267 621 3319 (16
662 3267 1008 3336 separatione
1043 3265 1342 3333 coniugum
1380 3281 1411 3313 a
1451 3261 1607 3313 tholo
1648 3231 1701 3312 et
1742 3278 1961 3312 mensa:
1976 3260 2190 3338 agitur

317 3360 463 3410 enim
507 3357 574 3409 (16
616 3355 922 3407 iudicanda
963 3354 1343 3424 obligatione,
1354 3370 1518 3422 quae
1558 3370 1633 3403 ex
1676 3352 1793 3420 ipso
1838 3339 2188 3417 matrimonio

314 3446 632 3500 immediate
674 3446 873 3508 oritur3
