2269 3898
698 169 761 211 De
793 167 1134 222 impedimentis
1168 165 1464 209 matrimonii.
1976 167 2032 209 <59

298 304 344 353 b.
407 303 556 367 Quia
616 301 1080 370 impedimentum
1141 300 1245 352 hoc
1313 300 1489 352 solum
1557 299 1868 369 impediens
1929 309 2025 366 est,

143 394 562 443 matrimonium
617 409 742 442 cum
794 390 898 441 hoc
941 390 1342 459 impedimento
1387 397 1731 441 contractum
1773 387 2030 441 validum

142 484 262 549 erit,
307 483 408 533 etsi
451 481 724 532 illicitum.

894 644 926 699 ἕ
959 647 1012 688 4.
1070 646 1286 688 Votum.

298 766 392 819 70.
450 765 812 819 Declaratio.
890 768 935 818 1.
997 764 1258 833 Quinque
1293 773 1419 815 sunt
1453 772 1572 815 cota
1616 765 2028 815 matrimonium

143 856 538 925 impedientia:
583 875 630 908 a.
666 863 838 906 votam
868 873 973 905 non
999 853 1233 905 nubendi
1263 872 1357 904 seu
1387 851 1717 916 coelibatus3
1763 853 1806 904 b.
1835 861 2025 904 votum

139 945 502 1014 viryinitatis;
577 965 616 995 c.
687 952 876 995 votum
954 943 1236 1012 (simplex)
1312 943 1578 994 castitatis
1651 944 2028 1011 (perpetuae):

140 1035 190 1086 d.
224 1042 412 1085 votum
440 1033 782 1103 Υιἠ9ν6άιί3ηεῖί
809 1032 1145 1102 ῡέἷίῃίοηεηῐ.;
1189 1053 1229 1086 e.
1261 1041 1449 1083 votum
1488 1032 1814 1101 suscipiendi
1850 1051 2030 1083 sacros

142 1124 370 1177 ordines.
453 1124 608 1174 Haec
657 1130 785 1173 vota
839 1141 945 1173 ‘non
994 1123 1252 1173 (Zirimzmt.
1304 1123 1746 1188 matrimonium,
1798 1131 1857 1172 ut
1908 1141 2029 1173 con—

142 1220 249 1263 stat
305 1231 375 1263 ex
431 1213 628 1280 iure¹)3
690 1231 752 1263 ea
811 1220 998 1263 tamen
1056 1214 1471 1263 matrimonium
1528 1212 1842 1281 impediunt,
1899 1214 2030 1282 quia

141 1310 315 1353 status
393 1301 817 1354 matrimonialis
893 1320 1016 1353 cum
1096 1301 1434 1370 obligatione
1514 1319 1701 1352 eorum
1771 1304 2029 1371 componi

141 1394 349 1462 nequit.

293 1496 333 1524 α.
368 1482 546 1525 Vovens
580 1481 841 1525 coelibatum
875 1481 1132 1524 formaliter
1165 1481 1401 1535 promittit
1443 1494 1528 1523 non
1565 1481 1836 1524 contrahere
1876 1482 2032 1524 matri-

139 1556 372 1600 neoniam:
413 1570 580 1599 vovens
623 1557 875 1600 castitatem
921 1556 1155 1610 promittit
1200 1556 1430 1598 abstinere
1479 1556 1534 1597 ab
1578 1556 1700 1597 omni
1737 1556 2032 1599 delectatione

141 1644 333 1673 renerea
377 1631 472 1674 sive
515 1631 681 1674 illicita
724 1631 818 1674 sive
861 1631 989 1674 licita
1023 1631 1069 1673 in
1105 1631 1412 1673 matrimonio.
1478 1630 1609 1684 Sunt,
1643 1630 1719 1684 qui
1754 1638 1912 1695 rotum
1948 1631 2030 1673 cil·-

135 1705 348 1760 ⁴{finitatis
380 1719 406 1748 a
439 1709 545 1749 voto
580 1705 827 1749 coelibatus
863 1706 1155 1758 distinguant
1206 1713 1266 1760 et,
1313 1706 1348 1748 si
1394 1706 1486 1748 vim
1523 1705 1819 1748 terminorum
1854 1705 2031 1760 respici·

142 1794 257 1835 mus,
305 1780 401 1823 iure
454 1781 616 1824 merito
665 1781 711 1823 id
760 1781 961 1824 faciunt:
1012 1794 1117 1823 nam
1168 1793 1336 1823 vovens
1387 1779 1707 1835 virginitatem
1757 1781 1936 1835 proprie
1987 1788 2032 1823 et

140 1855 302 1898 stricte
350 1855 585 1909 promittit
633 1856 865 1898 abstinere
914 1870 939 1897 a
980 1855 1134 1911 prsmo
1184 1857 1308 1909 acta,
1368 1868 1451 1909 qao
1501 1855 1742 1910 azymitas
1791 1856 2030 1898 (amittitur.

141 1929 348 1973 Practice
381 1937 534 1974 autem
569 1930 648 1973 vix
681 1931 874 1973 alicuius
909 1932 1127 1973 momenti
1163 1934 1232 1972 est
1265 1915 1374 1972 hzfec
1408 1929 1668 1972 distinctio:
1713 1930 1789 1984 qui
1824 1930 1943 1973 enim
1978 1943 2032 1973 ex

143 2010 250 2047 voto
285 2005 488 2060 virgines
522 2019 702 2048 manere
735 2005 943 2060 cupiunt,
992 2010 1075 2047 aut
1122 2003 1394 2047 coelibatum
1429 2012 1511 2047 aut
1551 2005 1814 2047 castitatem
1848 2011 2029 2048 vovent.

296 2082 333 2129 ,3.
379 2080 432 2122 In
477 2081 607 2135 praxi
653 2081 921 2135 quandoque
958 2080 1210 2122 difficulter
1245 2078 1434 2122 discerni
1472 2084 1639 2134 potest,
1674 2085 1829 2122 utrum
1865 2080 2030 2134 aliquis

142 2160 300 2197 votum
336 2168 426 2197 non
460 2155 658 2199 nubendi
694 2169 771 2198 seu
805 2154 1054 2197 coelibatus
1085 2154 1423 2209 (virginitatisss
1467 2168 1525 2197 an
1566 2168 1669 2197 vero
1703 2157 1862 2197 votum
1897 2155 2032 2198 casti-

143 2230 259 2272 tatis
293 2230 509 2272 emiserit.
576 2231 645 2272 Ad
679 2243 770 2273 rem
809 2229 1150 2272 discernendam
1184 2242 1353 2272 vovens
1396 2229 1751 2284 interrogandus
1794 2233 1878 2282 est,
1922 2229 2030 2284 quid

144 2305 237 2347 Deo
272 2305 548 2359 promiserit,
582 2313 626 2348 et
662 2319 750 2359 qua
781 2305 1039 2348 intentione
1073 2308 1231 2346 votum
1266 2304 1490 2347 emiserit:
1527 2304 1695 2347 etenim
1730 2304 1768 2347 si
1802 2317 1853 2347 ea
1886 2304 2029 2347 inten-

143 2379 269 2422 tione
302 2386 460 2423 votum
496 2381 662 2427 emisit,
708 2384 760 2423 ut
804 2380 860 2423 ab
905 2380 1115 2424 oneribus
1159 2378 1442 2422 matrimonii
1487 2377 1600 2422 liber
1642 2378 1825 2422 facilius
1859 2382 1903 2422 et
1938 2392 2031 2434 per-

141 2454 309 2498 fectius
343 2456 436 2498 Deo
482 2456 649 2499 servire
694 2455 852 2510 possit,
904 2454 1193 2509 coelibatum,
1239 2453 1398 2507 quodsi
1432 2466 1583 2497 amore
1616 2454 1836 2508 puritatis
1871 2458 2030 2497 votum

66 2528 70 2531 ’
143 2529 314 2585 emisit,
347 2530 501 2585 potius
535 2530 797 2574 castitatem
833 2530 1094 2586 promisisse
1128 2529 1375 2572 censendus
1409 2533 1491 2571 est.

296 2606 344 2658 2.
404 2605 515 2670 Qui
570 2606 754 2676 aliquo
810 2607 1003 2658 horum
1060 2613 1314 2656 votorum
1363 2604 1564 2671 ligatus
1615 2605 2028 2654 matrimonium

144 2694 439 2760 contrahit,
488 2698 722 2765 graviter
768 2705 987 2766 peccat:
1041 2695 1298 2765 quamvis
1349 2695 1495 2744 enim
1538 2693 1798 2763 pleraque
1842 2712 2030 2744 eorum

146 2802 255 2835 non
314 2793 564 2853 pugnent
617 2785 823 2837 directe
885 2804 1010 2836 cum
1068 2787 1189 2854 ipsa
1245 2785 1582 2835 matrimonii
1641 2783 2027 2844 celebratione,

145 2873 378 2924 ecclesia
413 2883 598 2926 tamen
636 2893 763 2926 cum
801 2874 985 2945 aliquo
1023 2893 1208 2926 corum
1249 2874 1664 2925 matrimonium
1707 2872 2030 2924 contrahere

146 2963 443 3029 interdicit,
488 2973 602 3015 tum
635 2966 765 3034 quia
795 2983 1007 3016 vovens
1034 2964 1413 3034 impletionem
1443 2965 1554 3015 voti
1589 2961 1695 3014 sibi
1722 2962 1907 3015 reddit
1935 2964 2029 3013 im-

145 3053 466 3123 possibilem
510 3053 599 3105 vel
640 3054 832 3106 saltem
875 3054 1121 3124 periculo
1167 3073 1221 3105 se
1264 3054 1493 3122 exponit
1531 3052 1779 3127 violandi
1820 3060 2029 3116 votum,

144 3151 260 3194 tum
316 3144 447 3212 quia
499 3142 664 3195 aliam
718 3151 931 3212 partem
990 3145 1197 3213 decipit
1249 3151 1414 3212 atque
1471 3142 1592 3194 ideo
1654 3144 1916 3193 iniuriam
1979 3143 2027 3192 ei

302 3323 331 3376 ¹)
363 3322 410 3366 C.
445 3321 572 3375 Quod
606 3326 765 3365 votum
798 3336 873 3366 un.
920 3324 993 3366 De
1027 3326 1121 3366 coto
1156 3322 1248 3379 (III.
1285 3323 1358 3375 15)
1388 3322 1435 3365 in
1469 3323 1532 3365 60.
1597 3321 1926 3376 Excipiendum
1962 3327 2030 3364 est

147 3401 305 3440 votum
350 3397 543 3452 simplex
584 3396 817 3440 castitatis
858 3411 885 3440 a
925 3397 1208 3440 scholasticis
1252 3397 1485 3440 societatis
1518 3397 1617 3440 Iesu
1649 3395 1878 3449 emissum,
1913 3395 2030 3449 quod

145 3472 239 3515 vim
280 3472 416 3515 habet
467 3472 710 3515 dirimendi
760 3472 1102 3515 matrimonium
1145 3474 1370 3515 futurum.
1436 3471 1504 3515 Cf.
1550 3468 1820 3514 constitutio
1869 3470 2031 3512 Ascen-

145 3546 278 3589 dente
310 3547 505 3589 Domino
539 3546 747 3601 Gregorii
780 3546 897 3589 XIII.
