2269 3898
308 145 395 188 288
1038 145 1117 189 VI.
1151 147 1218 190 De
1250 146 1461 202 peccatis.

460 279 611 331 1.‚1n
656 279 933 348 oriyinale,
978 279 1125 348 quod
1166 279 1373 331 Adami
1404 280 1689 333 voluntate
1731 285 2089 336 commissum
2131 287 2188 336 in

306 377 551 438 posteros
581 387 678 437 per
707 370 1120 436 generationem
1149 370 1572 438 transfunditur,
1618 381 1670 423 et
1689 371 1996 442 personale,
2040 375 2188 443 quod

306 459 528 526 propria
571 458 838 526 cuiusque
881 457 1123 509 hominis
1164 458 1449 510 voluntate
1492 462 1873 514 committitur.

455 563 503 614 2.
547 563 613 613 In
655 560 879 628 dentale,
925 562 1072 630 quod
1116 571 1196 613 est
1236 564 1379 614 actio
1422 563 1510 614 vel
1541 565 1762 616 omissio
1791 574 1980 616 contra
2008 565 2185 636 legem

304 651 426 717 Dei,
472 659 524 702 et
568 650 857 717 Ῑῑαόἱίῑιαῖθ,
902 651 1049 720 quod
1093 659 1172 702 est
1213 651 1443 703 effectus
1485 671 1555 703 ex
1597 662 1825 722 peccato
1881 654 2087 706 actuali
2128 656 2185 706 in

302 741 490 791 anima
549 740 772 792 relictus
830 749 884 791 et
940 742 1129 791 vocari
1187 739 1323 791 solet
1377 749 1547 792 status
1595 745 1819 811 peccati.
1905 726 2070 808 Quae
2107 763 2185 795 se-

301 838 546 898 quuntur
587 830 889 881 divisiones
930 829 1001 880 ad
1043 837 1332 898 peccatum
1375 831 1591 882 actuale
1632 834 1925 900 pertinent.

450 933 498 985 3.
541 933 609 985 In
651 942 941 1003 peccatum
983 935 1377 1001 commissionis,
1422 935 1570 1005 quod
1600 945 1679 987 est
1720 938 1917 1005 positio
1948 939 2185 990 actionis

299 1023 612 1091 prohibitae
672 1032 862 1074 contra
919 1030 1279 1092 praeceptum
1337 1026 1663 1092 negativum
1723 1034 1783 1077 ut
1843 1027 2071 1096 furtum,
2130 1038 2183 1079 et

299 1113 612 1178 omission-2⁵37
669 1112 816 1181 quod
871 1119 950 1162 est
1003 1114 1224 1164 omissio
1280 1114 1515 1164 actionis
1573 1117 1947 1184 praescriptae
1991 1124 2182 1168 contra

296 1209 654 1270 praeceptum
697 1201 1094 1252 affirmativum
1136 1210 1196 1252 ut
1238 1203 1460 1253 omissio
1507 1204 1664 1256 sacri.

444 1306 563 1349 Num
587 1309 823 1361 peccatum
857 1306 1117 1348 omissionis
1140 1306 1256 1362 fieri
1276 1307 1430 1362 possit
1459 1307 1558 1349 sine
1581 1310 1681 1349 acin
1704 1307 1901 1363 positivo
1924 1309 2182 1362 voluntatis,

294 1384 363 1424 est
387 1380 593 1435 quaestio
617 1380 878 1434 antiquitus
902 1380 1084 1435 quidem
1108 1381 1314 1424 multum·
1334 1381 1587 1436 disputata,
1611 1396 1725 1436 quae
1748 1386 1903 1426 tamen
1926 1384 2178 1438 practicum

294 1460 575 1498 momentum
610 1469 700 1498 non
733 1455 869 1498 habet
901 1459 958 1509 (n.
997 1455 1084 1510 32).

442 1546 493 1598 4.
524 1545 587 1596 In
619 1555 907 1612 eoeternum,
952 1546 1100 1615 quod
1142 1545 1311 1597 verbo
1356 1546 1443 1596 vel
1478 1546 1621 1597 facto
1664 1546 1848 1617 aliquo
1890 1550 2178 1615 exteriore,

293 1643 345 1686 et
388 1636 662 1701 internum,
709 1636 854 1705 quod
897 1634 1011 1687 sola
1053 1643 1236 1687 mente
1278 1643 1331 1686 et
1373 1636 1536 1687 corde
1579 1638 1968 1705 committitur3
2029 1637 2177 1690 unde

296 1732 526 1794 peccata
580 1727 745 1790 eti-am
808 1725 1228 1797 distinguuntur
1288 1727 1346 1775 in
1411 1733 1641 1794 peccata
1702 1727 1893 1792 cordis,
1914 1752 1930 1757 ··
1958 1729 2087 1795 ονίερ
2124 1737 2177 1778 et

290 1814 486 1883 operis·
1988 1794 2054 1808 ‘st

439 1917 556 1961 Sunt
598 1923 799 1974 peccata,
849 1932 962 1973 quae
1009 1919 1204 1962 interius
1249 1919 1341 1962 solo
1376 1919 1506 1962 corde
1539 1920 1842 1974 perficiuntur
1874 1925 1926 1962 ut
1962 1919 2175 1969 haeresis⁷

290 1994 458 2037 odium.
522 1994 645 2037 Haec
678 1997 864 2048 peccata
894 1993 943 2036 in
977 2007 1059 2036 sua
1093 1993 1240 2047 specie
1273 1994 1501 2049 completa
1534 1997 1658 2048 sunt,
1703 1994 1791 2037 etsi
1837 1995 2041 2038 exterius
2084 2008 2174 2038 non

290 2070 661 2113 manifestentur.
717 2069 831 2112 Sunt
865 2068 958 2111 alia
991 2073 1192 2123 peccata,
1226 2081 1341 2123 quae
1363 2081 1453 2111 non
1476 2072 1585 2111 sunt
1609 2068 1658 2111 in
1682 2082 1763 2111 sua
1786 2068 1933 2123 specie
1955 2069 2175 2123 perfecta,

286 2145 376 2188 nisi
410 2145 610 2188 exterius
645 2157 776 2199 opere
803 2147 1174 2187 consummentur
1206 2148 1260 2186 ut
1293 2142 1600 2198 sacrilegium,
1632 2145 1825 2197 furtum,
1859 2142 2173 2197 homicidium,

286 2220 546 2263 fornicatio.
607 2220 662 2262 In
695 2219 766 2261 his
799 2222 1035 2274 peccatum
1070 2218 1298 2262 internum
1338 2232 1372 2262 e.
1397 2232 1440 2273 g.
1475 2218 1759 2273 propositum
1794 2218 1979 2261 furandi
2012 2218 2070 2261 ad
2103 2231 2171 2261 ex-

287 2300 467 2338 ternum
503 2308 549 2338 se
580 2295 719 2338 habet
751 2298 804 2336 ut
837 2294 1163 2348 incompletum
1188 2295 1247 2337 ad
1269 2301 1505 2349 peccatum
1529 2293 1578 2336 in
1601 2306 1683 2336 sua
1709 2293 1856 2348 specie
1879 2293 2168 2348 completum.

284 2371 338 2413 In
371 2375 565 2424 utroque
598 2383 704 2412 casu
737 2375 972 2424 peccatum
1005 2368 1238 2412 internum
1283 2371 1329 2411 et
1370 2372 1609 2411 externum
1659 2368 1717 2410 ad
1751 2368 1940 2411 eandem
1976 2367 2168 2422 speciem

284 2445 555 2489 obiectivam
599 2444 853 2500 pertinent;
906 2443 1121 2486 dicuntur
1169 2447 1323 2487 autem
1373 2442 1520 2498 specie
1558 2439 1844 2498 (entitative)
1885 2440 1941 2484 ab
1972 2440 2168 2484 invicem

284 2520 482 2575 differre,
527 2520 634 2575 quia
676 2520 836 2563 modus
878 2518 1094 2574 peccandi
1136 2519 1282 2561 solum
1314 2517 1495 2560 interne
1527 2517 1599 2560 vel
1633 2516 1773 2560 etiam
1808 2519 1994 2559 externe
2027 2529 2170 2559 essen·

281 2596 459 2639 ‘cialiter
493 2595 699 2638 diversus
733 2598 780 2637 et
810 2595 859 2637 in
892 2593 1172 2636 confessione
1206 2592 1424 2635 distincte
1458 2592 1756 2634 declarandus
1791 2594 1874 2634 est.

433 2684 480 2736 ἴ).
525 2685 590 2735 In
633 2694 923 2753 peccatum
954 2692 1138 2735 contra
1164 2683 1351 2747 Deum,
1395 2681 1542 2751 quod
1586 2689 1667 2733 est
1696 2690 1887 2732 contra
1916 2683 2166 2746 virtuteS‚

283 2792 515 2844 quarum
574 2773 853 2825 obiectum
912 2781 992 2824 est
1046 2774 1165 2842 ipse
1219 2773 1372 2823 Deus
1430 2778 1489 2822 ut
1547 2770 1925 2840 blasphemia3
1980 2779 2166 2822 contra

273 2865 596 2934 prooeimu-m,
641 2863 789 2933 quod
832 2871 913 2913 est
941 2871 1132 2914 contra
1175 2864 1426 2926 virtutes,
1468 2879 1611 2931 quae
1638 2861 1944 2929 respiciunt
1985 2861 2164 2929 proxi-

281 2971 432 3004 mum
474 2961 534 3003 ut
574 2953 810 3018 furtum3
853 2961 1040 3004 contra
1081 2970 1132 3003 se
1174 2953 1344 3021 ipsum
1387 2950 1534 3020 quod
1577 2961 1658 3002 est
1683 2957 1873 3001 contra
1914 2951 2164 3011 virtutes,

281 3060 422 3112 quae
464 3043 713 3111 proprias
755 3043 1039 3111 passiones
1067 3042 1424 3093 moderantur
1464 3049 1524 3091 ut
1551 3039 1789 3091 ebrietas
1831 3047 1885 3090 et
1922 3039 2161 3092 luxuria.

430 3148 477 3198 6.
522 3147 586 3198 In
628 3155 917 3214 peccatum
969 3148 1323 3217 iquorcwztiae,
1381 3145 1528 3215 quod
1571 3163 1642 3196 ex
1683 3143 1948 3213 culpabili
2005 3144 2160 3212 igno-

276 3238 486 3300 rantia3
529 3236 873 3305 infirmitatis,
926 3236 1074 3306 quod
1119 3254 1188 3286 ex
1229 3234 1548 3286 vehementi
1592 3233 1897 3286 tentatione
1954 3249 2050 3283 seu
2092 3249 2163 3281 ex
2233 3251 2243 3258 ·

277 3327 489 3394 impetu
515 3325 816 3393 passionis3
860 3333 912 3376 et
951 3324 1210 3390 malitiae,
1253 3325 1399 3394 quod
1442 3323 1618 3375 solum
1662 3341 1732 3374 ex
1773 3321 1920 3373 mala
1962 3329 2014 3371 et
2042 3338 2159 3389 per-

278 3432 438 3465 versa
479 3412 763 3465 voluntate
805 3414 1070 3483 procedit,
1115 3414 1249 3483 quin
1291 3413 1604 3482 ignorantia
1647 3410 1734 3462 vel
1760 3412 1990 3462 tentatio
2021 3408 2165 3462 illud.

277 3503 624 3573 aliquatenus
666 3511 906 3555 excuset.
