2269 3898
264 130 348 173 164
1000 123 1066 165 De
1099 121 1404 165 matrimonio.

412 263 459 314 3.
506 260 561 312 Si
602 257 943 310 lzccbicualiter
983 258 1114 324 vagi
1157 264 1299 322 sunt,
1357 255 1630 324 parochus
1680 275 1748 308 ex
1805 260 2147 328 praescripto

267 350 484 403 concilii
525 348 813 400 tridentini
855 348 1007 416 prius
1050 344 1374 414 diligentem
1418 346 1834 415 inquisitionem
1891 347 1958 398 de
2002 355 2145 399 statu

262 440 434 492 libero
489 446 540 490 et
595 438 661 489 de
715 436 968 488 absentia
1011 435 1256 486 cuiusvis
1311 435 1696 504 impedimenti
1753 437 2040 488 instituere
2095 446 2148 488 et

263 549 320 581 re
398 528 469 580 ad
534 526 876 578 ordinarium
945 523 1128 576 delata
1191 523 1474 575 licentiam
1539 525 1833 576 assistendi
1898 525 2151 577 obtinere

265 616 493 686 debet¹).

411 707 460 760 4.
504 703 801 756 Actualiter
868 706 1012 771 vagi,
1085 704 1177 772 qui
1243 701 1432 754 relicto
1503 701 1782 755 domicilio
1847 712 2147 774 antequam

265 815 471 849 novum
529 795 820 864 acquirant
879 794 1101 844 interim
1159 793 1216 843 in
1273 792 1459 862 aliqua
1521 792 1785 862 parochia
1846 793 1916 845 ad
1976 793 2150 845 breve

265 899 479 955 tempus
507 891 807 950 morantur,
839 882 1048 952 absque
1070 882 1295 933 licentia
1318 882 1586 933 ordinarii
1610 883 1873 951 coniungi
1901 892 2144 952 possunt,

265 975 562 1027 dummodo
605 992 674 1024 ex
716 980 974 1024 consueto
1018 972 1276 1023 examine
1319 972 1627 1023 constiterit
1671 971 1886 1023 nullum
1929 972 2149 1025 obstare

263 1062 791 1134 impedimentum2).

410 1155 465 1197 In
498 1152 628 1208 praxi
662 1156 818 1195 tamen
851 1151 1177 1194 consulendum
1213 1154 1298 1205 est,
1330 1155 1385 1194 ut
1418 1152 1576 1207 etiam,
1608 1151 1687 1195 ubi
1721 1151 1880 1207 agitur
1912 1152 1966 1195 de
1997 1156 2151 1195 actua·

262 1229 368 1272 liter
412 1228 559 1283 vagis,
603 1235 711 1270 ante
752 1225 1099 1269 celebrationem
1145 1225 1431 1269 matrimonii
1465 1227 1522 1270 ad
1557 1227 1840 1270 ordinarium
1874 1232 2154 1281 recurratur,

263 1304 348 1347 etsi
383 1315 558 1346 summo
590 1301 688 1344 iure
721 1301 888 1355 absque
922 1301 1018 1344 eius
1051 1301 1239 1345 licentia
1272 1302 1619 1345 matrimonium
1659 1302 1874 1346 celebrari
1907 1301 2067 1357 possit.

771 1466 804 1519 ,ᾇ
837 1469 892 1511 2.
930 1469 1013 1510 De
1045 1469 1333 1511 sacerdote
1365 1469 1634 1523 deleqato.

409 1573 533 1627 155.
583 1570 980 1626 Condiciones
1035 1570 1108 1624 ad
1160 1570 1601 1638 delegationem
1642 1572 1996 1638 requisitae.
2079 1572 2149 1622 Vi

265 1664 469 1715 decreti
512 1662 801 1714 tridentini
843 1663 1098 1731 proprius
1139 1661 1416 1731 parochus
1459 1663 1700 1731 deleyare
1741 1669 1920 1731 potest
1958 1660 2149 1726 alium,

266 1755 361 1823 qui
403 1771 498 1804 suo
529 1751 647 1803 loco
678 1752 1030 1803 matrimonio
1061 1750 1348 1821 assistat3).
1431 1751 1816 1822 Exponendae
1858 1760 1987 1802 sunt
2027 1769 2149 1802 con-

268 1843 531 1906 diciones,
595 1859 735 1910 quae
796 1841 866 1892 ad
929 1841 1176 1892 validam
1238 1840 1644 1909 delegationem
1704 1851 1822 1893 tum
1884 1859 1953 1892 ex
1994 1851 2150 1910 parte

266 1931 571 2000 delegantis
631 1939 749 1982 tum
812 1949 880 1982 ex
942 1939 1098 2000 parte
1160 1929 1398 1999 delegati
1460 1939 1576 1984 tum
1637 1950 1708 1983 ex
1767 1938 1924 2001 parte
1980 1931 2156 2000 ipsius

264 2021 626 2089 delegationis
667 2021 1032 2090 requirantur.

412 2113 459 2162 1.
504 2110 765 2181 Deleyare
807 2118 1038 2180 possunt
1080 2129 1286 2175 omneS,
1346 2114 1441 2181 qui
1482 2118 1810 2180 potestatem
1853 2110 2152 2163 assistendi

264 2201 603 2253 ordinariam
661 2199 900 2252 habent:
959 2219 1207 2253 summus
1263 2200 1517 2270 pontifex
1574 2219 1672 2271 pro
1729 2208 1843 2253 tota
1901 2200 2152 2268 ecclesia,

263 2293 556 2360 episcopus
598 2309 694 2360 pro
738 2290 993 2358 dioecesi,
1039 2290 1313 2360 parochus
1357 2309 1452 2361 pro
1494 2290 1778 2361 parochia.

414 2380 766 2450 Suboleleqare
806 2388 1064 2450 possunt:
1124 2401 1171 2432 α.
1218 2384 1311 2451 qui
1367 2381 1685 2450 generalem
1746 2380 2151 2449 delegationem

264 2471 496 2536 habent,
543 2470 588 2524 b.
633 2473 726 2540 qui
769 2490 799 2522 a
842 2489 1055 2523 summo
1086 2472 1347 2541 pontifice
1376 2471 1614 2540 delegati
1657 2479 1810 2538 sunt3
1858 2491 1898 2524 c,
1943 2471 2037 2541 qui
2079 2469 2152 2522 ad

264 2560 740 2630 subdelegandum
808 2560 1105 2631 specialem
1171 2561 1491 2613 facultatem
1560 2568 1910 2631 acceperunt.
1990 2560 2149 2612 Prae-

264 2659 384 2716 stat,
443 2658 503 2702 ut
551 2652 607 2702 in
661 2650 983 2720 particulari
1043 2650 1392 2720 delegatione
1449 2651 1587 2703 haec
1642 2650 1878 2703 facultas
1935 2669 2156 2720 semper

264 2740 514 2806 addatur,
558 2747 619 2792 ut
659 2759 755 2810 pro
799 2742 1021 2793 casibus
1062 2760 1174 2793 non
1215 2742 1487 2811 praevisis
1529 2741 1845 2794 consultum
1887 2743 1971 2796 sit.

411 2847 531 2889 Num
565 2846 829 2902 capellanus
860 2859 939 2889 seu
974 2847 1190 2900 sicarius,
1234 2847 1310 2902 qui
1355 2846 1410 2890 ab
1444 2846 1652 2902 episcopo
1685 2848 1759 2890 vel
1791 2861 1818 2890 a
1849 2847 2044 2902 parocho
2078 2859 2152 2901 ge-

262 2921 460 2964 neralem
496 2920 831 2975 delegationem
865 2920 1004 2964 habet
1037 2921 1247 2965 omnibus
1271 2921 1580 2964 matrimoniis
1604 2935 1712 2965 suae
1734 2921 1975 2977 parochiae
1996 2920 2153 2964 valide

263 2995 522 3049 assistendi,
558 2996 697 3038 alium
730 2996 1013 3039 sacerdotem
1046 2996 1349 3052 szzbdeleya1²e
1373 2997 1537 3052 possit.
1577 3022 1633 3027 —
1667 2996 1780 3040 Cum
1815 2996 2054 3051 delegatus
2087 2994 2150 3039 sit

263 3070 319 3112 ad
351 3069 702 3113 universitatem
737 3084 974 3114 causarum
1007 3071 1056 3114 in
1089 3071 1172 3114 hoc
1215 3085 1380 3127 genere
1421 3071 1597 3115 scilicet
1639 3071 1940 3125 matrimonii,
1982 3084 2062 3126 per
2103 3083 2154 3114 se

263 3144 402 3187 etiam
437 3144 733 3200 subdelegare
766 3149 943 3200 potest3
978 3146 1026 3189 in
1059 3146 1190 3202 praxi
1223 3150 1381 3190 tamen
1413 3147 1746 3190 attendendum
1775 3150 1845 3190 est
1867 3146 1925 3189 ad
1947 3146 2149 3189 locorum

263 3218 635 3262 consuetudinem
668 3233 750 3263 nec
781 3234 871 3262 non
905 3221 962 3264 ad
997 3224 1178 3264 statuta
1212 3221 1488 3265 dioecesana.

419 3353 451 3403 ¹)
483 3353 726 3396 Coneilimn
760 3354 867 3396 trid.
904 3367 1009 3398 sess.
1044 3355 1115 3398 24.
1150 3369 1184 3398 c.
1222 3357 1258 3399 7.
1325 3357 1392 3400 De
1423 3358 1606 3400 reform.
1641 3360 1774 3399 matr.

419 3425 448 3476 ἢ
481 3427 690 3470 Sanc-hee
721 3429 751 3470 l.
786 3428 826 3470 3.
862 3428 976 3484 disp.
1012 3430 1081 3473 ⁶25.
1116 3444 1160 3473 n.
1195 3432 1238 3474 8.

417 3500 448 3555 ³)
485 3501 728 3545 Concilium
761 3503 868 3546 trid.
904 3517 937 3546 e.
978 3504 1176 3548 Tametsi
1208 3507 1246 3548 1.
1282 3519 1388 3550 sess.
1423 3505 1493 3549 24.
1528 3506 1595 3549 De
1627 3508 1807 3549 reform.
1843 3511 1981 3549 matr.
