2269 3898
780 126 846 168 De
879 126 1054 169 actibus
1087 127 1309 168 humanis.
1923 128 1979 170 35

111 273 190 328 qui
224 287 251 315 a
285 273 524 316 voluntate
556 274 760 327 procedit
808 287 908 316 cum
958 273 1216 328 cognitione
1263 273 1547 326 intellectus;
1596 275 1725 328 atqui
1758 275 1976 318 eiusmodi

109 351 243 390 actus
274 348 347 390 vel
378 347 448 390 ita
479 348 715 402 procedere
748 353 912 402 potest,
962 357 1015 390 ut
1064 348 1194 390 homo
1244 348 1339 390 eius
1389 348 1638 391 dominium
1688 349 1852 392 habeat
1901 363 1978 392 seu

113 425 389 475 potestatem
409 421 464 463 ab
483 421 634 463 eodem
655 420 795 463 etiam
813 420 1073 463 abstinendi
1090 420 1327 475 (liberum),
1350 422 1424 464 vel
1440 421 1523 475 ita,
1540 426 1594 464 ut
1612 422 1707 465 eius
1727 422 1975 465 dominium

111 509 201 537 non
234 495 399 538 habeat
430 495 775 548 (necessarium).
839 494 1145 536 Nihilominus
1178 495 1488 537 voluntarium
1533 501 1578 538 et
1620 495 1811 539 liberum
1852 496 1899 539 in
1933 511 1979 540 re

112 569 271 612 morali
304 569 555 623 promiscue
587 573 880 623 usurpantur,
922 569 1027 623 quia
1067 569 1114 611 in
1157 569 1336 612 homine
1379 569 1553 612 viatore
1585 584 1675 613 non
1708 574 1815 614 sunt
1849 576 1978 614 actus

113 642 351 686 deliberati
384 643 654 697 voluntatis,
689 643 765 697 qui
798 644 932 698 plane
963 642 1201 686 necessarii
1239 642 1348 685 sint.

261 717 308 770 2.
349 715 736 768 Volunt-arium
772 717 1067 786 perfectum
1109 724 1161 767 et
1202 716 1562 785 imperfectum
1618 720 1829 769 ratione
1883 719 1979 770 ad-

113 808 447 858 vertentiae:
505 806 642 857 illud
698 806 758 856 fit
819 825 944 857 cum
989 805 1149 874 plena
1191 807 1388 857 mentis
1429 807 1775 858 advertentia
1816 816 1980 877 atque

109 895 232 946 ideo
275 897 440 947 etiam
483 915 608 947 cun]
650 895 811 965 pleno
864 895 1164 946 voluntatis
1221 913 1519 960 consensu3
1577 895 1681 947 hoc
1737 896 1798 947 fit
1856 916 1980 948 cum

108 983 414 1053 semiplena
477 988 676 1037 mentis
743 985 1091 1036 advertentia
1159 984 1393 1052 ideoque
1461 986 1625 1035 etiam
1694 1004 1816 1036 cum
1885 989 1980 1038 im·

108 1072 350 1142 perfecto
411 1073 710 1125 voluntatis
771 1092 1055 1126 consensu,
1140 1071 1529 1124 Voluntarium
1598 1075 1980 1143 imperfectum

111 1161 348 1215 habetur
388 1182 432 1217 e.
475 1181 526 1232 g.
569 1165 625 1214 in
667 1163 884 1214 actibus
927 1162 1407 1229 semidormientis‚
1457 1165 1512 1214 in
1554 1162 1785 1231 actibus,
1841 1183 1980 1233 quae

111 1253 170 1303 in
214 1270 414 1321 magna
455 1255 627 1304 animi
671 1254 1038 1304 commotione
1081 1252 1235 1303 fiunt.

260 1341 578 1385 Voluntarium
627 1356 716 1385 non
766 1342 934 1385 dicitur
981 1341 1315 1395 imperfectum,
1365 1341 1471 1394 quia
1512 1343 1724 1384 voluntas
1768 1356 1902 1398 aegre
1936 1347 1981 1386 et

111 1415 257 1458 solum
291 1430 387 1459 cum
425 1417 577 1472 aliqua
620 1417 928 1472 repugnantia
973 1416 1197 1459 obiectum
1243 1415 1560 1469 amplectitur:
1611 1417 1692 1459 hoc
1725 1422 1791 1460 est
1825 1418 1979 1461 Volun-

111 1489 280 1532 tarium
315 1492 560 1534 secundum
598 1492 721 1546 quid,
755 1491 871 1546 quod
906 1491 962 1533 ad
996 1490 1305 1532 voluntarium
1349 1492 1599 1544 perfectum
1634 1491 1858 1547 pertinet;
1904 1495 1980 1536 sed

106 1563 280 1607 dicitur
301 1565 633 1620 imperfectum,
657 1565 763 1619 quia
785 1564 1632 1626 VOLURQSQIE9322&UQAERJJCPQQ‘QQZT
1654 1566 1979 1615 adrolendum

104 1638 403 1699 'QbEELU-Dkss·
438 1653 480 1694 g
514 1622 1161 1694 peccamffiwDeterminati0
1195 1638 1327 1686 enim.¹
1374 1652 1462 1692 qua
1502 1640 1715 1682 voluntas
1760 1655 1805 1684 se
1840 1642 1980 1684 deter-

112 1713 259 1756 minat-
306 1714 363 1756 ad
411 1715 654 1758 volendum
703 1714 942 1768 obiectum,
992 1713 1138 1767 quoad
1187 1714 1379 1767 gradum
1429 1714 1721 1768 perfectionis
1754 1717 1922 1769 pendet
1955 1732 1979 1760 a

104 1787 371 1842 cognitione
403 1789 504 1843 pius
537 1789 609 1831 vel
642 1789 791 1831 minus
825 1789 1041 1842 perfecta,
1075 1788 1185 1830 adeo
1218 1793 1271 1830 ut
1305 1787 1399 1830 sine
1433 1789 1565 1843 plena
1599 1789 1857 1843 cognitione
1889 1806 1977 1833 non

109 1862 255 1916 possit
289 1862 443 1906 haberi
477 1864 611 1918 plena
643 1871 689 1906 et
721 1864 921 1918 perfecta
945 1862 1200 1905 voluntatis
1224 1863 1462 1906 tendentia
1486 1863 1533 1906 in
1559 1863 1796 1919 obiectum,
1832 1866 1978 1919 qualis

103 1937 169 1980 ad
201 1942 354 1980 actum
388 1939 585 1992 perfecte
618 1938 866 1981 humanum
899 1937 1159 1990 requiritur.

262 2013 369 2055 Ideo
403 2014 534 2055 homo
568 2026 604 2056 e.
632 2026 692 2067 gn,
727 2012 801 2065 qui
826 2025 994 2066 magna
1016 2011 1084 2054 ira
1108 2011 1362 2054 concitatus
1395 2012 1443 2054 in
1475 2012 1574 2055 rixa
1598 2026 1695 2055 cum
1721 2014 1978 2057 adversario

112 2100 191 2130 suo
209 2087 257 2130 in
275 2087 579 2142 blasphemias
598 2087 852 2142 prorumpit
873 2087 944 2130 vel
962 2086 1261 2129 contumelias
1280 2087 1319 2128 ei
1341 2086 1467 2140 dicit,
1486 2087 1690 2141 graviter
1707 2101 1796 2130 non
1810 2096 1984 2142 peccat,

111 2161 218 2215 quia
251 2161 556 2216 blasphemiae
589 2166 635 2205 et
667 2161 968 2204 contumeliae
1000 2162 1071 2204 vel
1105 2165 1211 2203 sunt
1245 2165 1395 2204 motus
1439 2161 1584 2216 primo
1628 2161 1763 2215 primi
1797 2167 1981 2217 propter

115 2236 341 2279 defectum
375 2235 691 2279 advertentiae
724 2236 795 2279 vel
829 2239 937 2278 sunt
970 2234 1088 2278 levia
1122 2238 1320 2289 peccata,
1355 2234 1460 2289 quia
1484 2235 1536 2277 ob
1561 2236 1788 2279 defectum
1822 2238 1981 2292 plenae

113 2311 426 2353 advertentiae
459 2324 548 2353 non
582 2314 688 2353 sunt
722 2311 918 2364 perfecte
951 2309 1252 2363 voluntariae,
1295 2310 1384 2352 nisi
1428 2312 1547 2353 fort-e
1588 2310 1894 2366 blasphemiae
1928 2313 1981 2355 ob

112 2386 367 2440 neglectam
401 2384 747 2440 blasphemandi
781 2384 1152 2427 consuet-udinem
1186 2385 1279 2427 sint
1313 2384 1473 2439 gravia
1506 2390 1702 2439 peccata.

263 2476 313 2526 3.
368 2475 751 2526 Voluntarium
808 2448 1120 2543 sinipliciter
1171 2482 1224 2525 et
1277 2474 1649 2526 voluntarium
1704 2478 1982 2528 secundum

104 2564 256 2634 quid.
337 2565 497 2616 Prius
551 2563 687 2616 illud
741 2572 837 2631 est,
893 2563 1040 2633 quod
1093 2564 1151 2614 fit
1192 2581 1317 2614 cum
1359 2563 1523 2632 plena
1565 2564 1863 2616 voluntatis
1904 2568 1976 2616 in>

116 2653 412 2705 clinatione
453 2655 570 2705 sine
612 2655 761 2705 omni
802 2671 1024 2723 prorsus
1065 2654 1460 2722 repugnantia3
1516 2655 1784 2721 posterius
1826 2654 1978 2721 illud.

105 2743 261 2811 ⁴quod
317 2743 379 2794 fit
433 2761 557 2793 cum
613 2742 776 2812 plena
831 2743 1054 2812 quidem
1096 2743 1395 2794 voluntatis
1452 2741 1825 2806 inclinatione,
1886 2744 1980 2795 sed

115 2831 278 2882 simul
319 2851 445 2883 cum
486 2832 673 2901 aliqua
713 2836 830 2884 eius
871 2833 1256 2900 repugnantia,
1313 2850 1358 2882 e.
1398 2850 1450 2899 g.
1494 2839 1718 2900 martyr,
1775 2834 1867 2901 qui
1925 2852 1981 2884 se

115 2922 272 2971 offert
311 2921 382 2972 ad
405 2939 614 2988 necem,
657 2921 776 2975 vult
817 2929 1045 2972 mortem
1089 2920 1413 2990 simpliciter
1439 2920 1625 2987 (nollet
1651 2940 1762 2972 non
1793 2923 1977 2989 mori);

116 3018 169 3060 et
210 3017 433 3078 martyr,
478 3011 571 3079 qui
612 3019 860 3080 raptatur
897 3012 966 3063 ad
997 3018 1242 3077 mortem,
1271 3009 1390 3060 vult
1415 3019 1643 3062 mortem
1674 3011 1979 3063 secundum

116 3099 248 3167 quid
291 3098 480 3166 (vellet
519 3118 626 3151 non
670 3101 844 3168 mori).

266 3201 306 3230 a.
339 3188 394 3230 In
426 3189 509 3231 hac
542 3189 765 3233 divisione
799 3190 886 3232 duo
930 3189 1097 3232 diversi
1140 3195 1269 3232 actus
1310 3189 1655 3233 considerantur
1698 3193 1743 3233 et
1783 3190 1977 3234 invicem

107 3266 452 3317 comparantur,
485 3276 673 3316 quorum
706 3265 824 3307 alter
855 3265 913 3306 fit
945 3264 1041 3307 sine
1073 3264 1395 3319 repugnantia,
1429 3264 1546 3306 alter
1567 3277 1671 3307 vero
1694 3278 1793 3306 cum
1819 3278 1978 3320 repug-

115 3337 290 3380 nantia.
354 3336 633 3391 Simpliciter
663 3339 974 3382 voluntarium
1009 3339 1176 3381 dicitur
1209 3338 1348 3381 etiam
1382 3338 1690 3381 voluntarium
1714 3352 1901 3393 purum,
1933 3343 1977 3382 et

117 3403 428 3454 voluntarium
462 3413 707 3455 secundum
741 3412 850 3467 quid
883 3413 1193 3456 voluntarium
1228 3412 1431 3466 mixtum,
1467 3412 1572 3466 quia
1604 3412 1651 3454 in
1685 3413 1838 3455 eodem
1872 3417 1977 3456 actu

113 3486 372 3529 avoluntatis
404 3486 642 3541 propensio
676 3501 775 3530 cum
808 3487 1115 3542 repugnantia
1147 3487 1387 3530 coniuncta
1419 3491 1500 3531 est.

704 3574 706 3576 .
1744 3559 1798 3601 3ss

614 3582 660 3616 ἡ
808 3620 812 3623 ,
894 3600 908 3613 ι’
948 3604 952 3607 ’
1089 3607 1129 3620 J,
1851 3609 1858 3621 ι’

628 3643 716 3659 r
816 3638 980 3659 μήνιε
1040 3629 1155 3653 2»-
1225 3630 1270 3653 νζ
1310 3630 1318 3640 ““
1468 3641 1483 3654 κ
1548 3648 1554 3654 ,
1612 3630 1719 3654 εἰμι.
1753 3636 1755 3638 ·
1784 3622 1869 3647 *11³*
