2269 3898
767 147 833 190 De
865 146 1062 201 peccatis
1096 146 1384 201 capitalibus.
1921 148 2007 191 333

295 280 343 332 2.
400 279 543 331 Gula
583 281 824 348 quinque
885 280 1063 330 modis
1122 283 1340 348 peccari
1401 289 1590 349 potest,
1654 283 1747 351 qui
1807 283 1916 332 iam
1975 301 2005 332 a

146 388 184 421 s.
233 369 428 418 leoma
469 367 571 418 hoc
612 366 880 418 versiculo
926 367 1494 436 comprehenduntur:

294 457 630 511 Praepropere,
662 456 800 507 laute,
832 455 983 508 nimis,
1017 455 1251 509 ardenter,
1284 457 1539 510 studiose').

294 530 578 573 Inordinatio
623 529 741 572 enim
786 529 835 571 in
879 543 964 572 usu
1009 529 1095 572 cibi
1139 535 1184 573 et
1224 534 1359 584 potus
1392 532 1561 574 versari
1595 535 1746 586 potest
1778 535 1859 574 aut
1891 531 2007 574 circa

144 605 294 660 ipsum
329 604 475 646 cibum
510 607 591 646 aut
623 604 739 646 circa
770 603 896 646 illius
930 604 1200 646 sumtionem
1238 608 1284 646 et
1317 604 1518 658 quidem:

295 692 335 720 a.
374 677 501 721 Circa
531 677 830 720 substantiam
867 677 968 732 cibi,
1012 678 1049 720 si
1094 681 1375 732 appetuntur
1415 678 1501 721 cibi
1542 678 1828 733 pretiosiores
1862 683 1905 721 et
1939 691 2007 721 ex-

138 753 418 808 quisitiores,
452 766 584 806 quam
620 753 763 795 statui
801 757 845 795 et
881 752 1130 795 condicioni
1167 753 1459 795 determinati
1500 753 1696 795 hominis
1740 752 2003 794 conveniat:

144 828 280 871 laute.
353 831 355 834 '

295 901 331 944 b.
367 901 495 944 Circa
528 901 838 955 quantitatem)
883 901 919 943 si
953 902 1077 944 ultra
1109 906 1301 944 naturae
1334 900 1591 955 appetitum
1626 900 1876 942 comeditur
1907 900 1935 941 i.
1971 914 2006 943 e.

144 977 261 1031 plus,
294 989 425 1030 quam
453 976 509 1017 ad
534 975 693 1017 bonam
728 975 921 1029 corporis
955 975 1264 1017 valetudinem
1298 979 1344 1017 et
1377 975 1435 1017 ad
1467 973 1634 1017 mentis
1668 974 2004 1017 convenientem

146 1049 489 1104 dispositionem
522 1048 790 1103 requiritur:
824 1048 974 1091 nimis.

295 1137 329 1167 e.
364 1123 492 1165 Circa
535 1122 814 1177 qualitatem,
861 1123 896 1165 si
939 1123 1182 1166 adhibetur
1225 1123 1511 1177 praeparatio
1545 1122 1742 1165 ciborum
1777 1121 1831 1164 ob
1863 1121 2007 1164 condi-

145 1203 300 1241 menta
333 1201 378 1239 et
412 1196 631 1240 eiusmodi
665 1196 801 1239 nimis
837 1197 1031 1240 delicata
1065 1203 1111 1240 et
1144 1197 1393 1250 exquisita:
1427 1196 1639 1239 simll'ose.

294 1272 336 1314 d.
370 1271 495 1314 Circa
518 1271 781 1313 sznntz'onem
805 1272 984 1314 ratione
1006 1272 1141 1321 modi,
1176 1272 1212 1314 si
1245 1272 1344 1325 quis
1377 1271 1514 1313 nimis
1544 1270 1677 1313 avide
1710 1275 1755 1312 et
1787 1268 2010 1312 voraciter

145 1347 371 1389 comedat:
406 1345 637 1388 ardenter.

146 1464 154 1470 ,,
295 1434 331 1462 e.
366 1420 493 1463 Circa
514 1420 777 1463 sumtionem
801 1421 980 1462 ratione
1003 1421 1234 1475 temporis,
1265 1420 1299 1461 si
1327 1419 1425 1473 quis
1451 1419 1653 1462 debitum
1684 1422 1864 1472 tempus
1888 1430 2008 1471 prae-

144 1494 302 1537 veniat
336 1498 415 1537 aut
450 1494 642 1548 saepius,
676 1508 810 1548 quam
846 1507 928 1548 par
961 1499 1044 1547 est,
1079 1494 1285 1536 comedat
1319 1498 1363 1536 et
1397 1492 1546 1535 bibat:
1571 1505 1899 1548 praepropere.

295 1585 343 1636 3.
389 1584 527 1636 Gula
568 1593 648 1633 est
688 1593 974 1650 peccatum
1017 1602 1082 1633 eoe
1121 1602 1304 1650 yene‘re
1349 1601 1440 1632 suo
1481 1581 1612 1632 leve:
1659 1600 1726 1630 ex
1762 1579 2005 1647 generali

145 1673 294 1723 enim
337 1671 525 1738 regula
567 1689 824 1722 excessus
867 1673 923 1721 in
963 1690 1021 1722 re
1063 1670 1199 1722 alias
1240 1671 1576 1721 indifferenti
1606 1669 1692 1720 vel
1724 1668 1876 1719 licita
1910 1687 2008 1738 per

145 1780 201 1812 se
255 1779 364 1812 non
419 1769 498 1811 est
544 1761 649 1811 nisi
694 1759 944 1813 venialis,
1025 1761 1130 1811 Per
1184 1760 1442 1810 accidens
1494 1768 1676 1809 autem
1718 1758 1847 1826 gula
1887 1758 2004 1808 fieri

145 1858 325 1919 potest
365 1849 624 1914 mortalis,
668 1849 834 1917 idque
876 1848 1253 1917 multipliciter
1291 1849 1611 1917 praesertim
1654 1866 1811 1898 vero:

290 1959 337 1992 α.
381 1938 612 1988 Ratione
653 1938 832 1988 laesae
875 1938 1117 1988 caritatis
1159 1938 1284 2003 Dei,
1339 1955 1415 1987 eo*
1455 1936 1602 2005 quod
1654 1938 1816 1988 homo
1865 1935 2001 1986 adeo
2090 2000 2093 2001 ⁷

139 2028 452 2079 inordinate
493 2035 642 2078 amat
684 2012 1074 2078 delectationes
1118 2026 1227 2077 cibi
1271 2033 1323 2077 et
1362 2034 1538 2095 potus,
1593 2033 1653 2076 ut
1704 2043 1794 2075 eas
1835 2024 1997 2074 finem
2156 2076 2158 2079 f

139 2117 394 2168 ultimum
438 2117 775 2167 constituens
818 2124 1042 2184 paratus
1085 2118 1152 2166 sit
1193 2118 1373 2184 potius
1415 2121 1710 2184 praecepta
1761 2114 2060 2184 graviter
2123 2097 2163 2137 s

140 2206 444 2274 obligantia
486 2213 838 2256 contemnere
875 2223 1039 2273 quam
1070 2204 1155 2254 his
1184 2203 1641 2255 delectationibus
1668 2202 2020 2252 renuntiareq
2064 2253 2092 2281 s

138 2296 207 2348 Hi
248 2303 388 2360 sunt,
433 2313 645 2363 quorum
685 2295 826 2344 Deus
867 2303 1042 2344 venter
1081 2294 1220 2362 est2).
2040 2306 2045 2334 ¹

290 2385 334 2438 b.
378 2384 612 2435 Ratione
639 2385 824 2450 gravis
856 2383 1042 2434 damni
1074 2385 1130 2434 in
1159 2401 1403 2451 corpore,
1433 2385 1475 2433 si
1504 2383 1625 2450 quis
1653 2380 2038 2456 advertenter‚.{'
2176 2376 2183 2409 7
2212 2379 2226 2403 ⁸

139 2492 236 2543 per
276 2475 505 2524 nimiam
549 2471 854 2540 ingluviem
895 2474 1139 2540 graviter
1186 2471 1368 2522 laedat
1411 2472 1700 2522 sanitatem
1743 2469 2027 2537 corporis}
2207 2462 2213 2470 ’

290 2583 329 2614 c.
373 2562 605 2612 Ratione
647 2563 832 2629 gravis
864 2561 1051 2612 damni
1089 2562 1145 2611 in
1184 2563 1386 2626 anima,
1425 2562 1466 2610 si
1500 2560 1621 2628 quis
1651 2558 2004 2609 advertenter

141 2670 238 2720 per
292 2668 579 2702 excessum
632 2653 688 2701 in
745 2649 867 2700 cibo
913 2658 965 2700 et
1006 2659 1135 2718 potu
1179 2668 1233 2700 se
1276 2651 1522 2717 ineptum
1564 2645 1872 2698 reddat2ad
1915 2664 1999 2695 exe

142 2739 422 2809 sequenda
464 2739 643 2790 officia
684 2738 784 2789 sub
825 2740 982 2806 gravi
1025 2738 1344 2804 obligantia.

291 2842 330 2870 α.
365 2828 513 2871 Grave
544 2832 778 2882 peccatum
812 2841 902 2870 non
935 2831 1019 2880 est,
1059 2828 1196 2883 fflzlae
1228 2827 1465 2881 indnlyere
1498 2839 1638 2880 usqne
1671 2824 1731 2866 ad
1762 2823 1966 2866 vomitum
1990 2836 2006 2867 ,’

141 2902 267 2946 aliud
300 2901 419 2944 enim
452 2915 541 2944 non
573 2901 766 2944 habetur
797 2901 886 2943 nisi
920 2914 1140 2955 exceSSUS‚
1173 2901 1333 2955 utique
1365 2900 1574 2954 enormis,
1617 2899 1666 2941 in
1697 2912 1784 2941 usu
1817 2898 2003 2941 delecta·

141 2977 281 3020 tionis
315 2990 369 3019 ex
402 2975 498 3018 cibo
532 2979 577 3018 et
609 2980 741 3029 potu;
786 2975 914 3029 atqui
946 2975 1035 3018 iste
1067 2988 1272 3019 excessus
1306 2988 1360 3017 ex
1392 2987 1554 3028 genere
1587 2987 1665 3016 suo
1697 2972 1888 3016 venialis
1922 2977 2006 3025 est,

142 3051 230 3094 nisi
263 3051 449 3094 accedat
482 3049 827 3092 circumstantia
862 3049 1054 3104 speciem
1088 3054 1285 3092 mutans.

295 3126 332 3174 β.
366 3123 468 3167 Etsi
501 3123 1001 3186 gr-QeccamQt
1042 3123 1138 3165 sine
1169 3122 1440 3165 necessitate
1473 3121 1591 3164 vesei
1621 3134 1758 3164 carne
1790 3120 2005 3169 hnmana,
2032 3132 2037 3186 {¹

143 3203 242 3241 tum
267 3198 373 3253 quia
394 3197 441 3240 id
464 3201 693 3252 repugnat
728 3197 892 3251 pietati
928 3196 1155 3240 defunctis
1189 3196 1382 3251 debitae,
1415 3200 1514 3238 tum
1549 3195 1655 3250 quia
1685 3195 1807 3237 viam
1840 3193 2033 3252 panditg

144 3272 354 3316 caedibus
402 3271 636 3322 humanis;
686 3271 733 3313 in
782 3276 985 3314 extrema
1033 3277 1207 3331 tamen(3
1234 3271 1506 3314 necessitate
1551 3269 1688 3312 famis
1734 3269 1781 3310 id
1824 3254 2032 3334 licitum}

304 3423 328 3473 ¹)
360 3421 422 3463 sq
446 3421 636 3464 Thomas
667 3419 720 3463 H.
753 3419 804 3462 11.
824 3433 879 3473 ,q.
917 3391 1014 3462 148.
1047 3390 1093 3463 αξ
1120 3420 1161 3461 4.

297 3495 334 3551 2)
368 3495 484 3537 Phil.
520 3495 560 3546 3,
595 3495 662 3540 19.
