2269 3898
293 159 378 203 180
1032 153 1098 195 De
1130 150 1436 195 matrimonio.

294 295 423 364 quia
468 291 819 343 vehementer
859 288 1168 338 tristaretur
1221 285 1339 336 sive
1381 286 1512 354 quia
1554 286 1610 337 in
1654 286 2031 353 cognitionem
2075 287 2177 337 cri·

295 383 457 433 minis
499 381 727 445 veniret,
784 384 1008 447 propter
1058 374 1206 445 quod
1261 375 1678 426 matrimonium
1722 374 2035 426 invalidum
2077 382 2177 442 est,

294 474 409 523 sive
465 470 595 539 quia
649 470 705 519 in
760 466 1177 518 matrimonium
1233 463 1472 533 amplius
1522 482 1633 516 non
1684 466 2034 526 consentiret,
2077 463 2175 516 ubi

296 562 411 612 eius
453 557 862 610 invaliditatem
905 561 1276 623 cognosceret,
1334 552 1575 622 petenda
1617 561 1697 605 est
1739 553 2075 623 dispensatio
2118 555 2176 605 in

292 650 492 714 radice,
552 655 647 698 aut
687 646 1103 697 matrimonium
1146 642 1621 695 convalidandum
1663 651 1744 695 est
1786 645 1943 696 iuxta
1983 643 2178 696 modos

293 758 457 809 supra
499 737 792 806 expositos

442 842 507 885 Ut
540 839 848 884 convalidatio
882 842 1005 881 certa
1038 838 1115 892 sit,
1148 836 1413 892 requiritur,
1447 841 1501 880 ut
1533 851 1638 892 pars
1660 837 1825 893 ignara
1856 836 2178 892 impedimenti

291 918 554 962 nullitatem
589 913 871 958 matrimonii
903 913 1066 956 saltem
1100 912 1148 954 in
1181 925 1346 967 genere
1376 916 1633 967 cognoscat,
1667 912 1754 955 etsi
1786 912 2011 956 rationem
2043 910 2179 954 nulli-

290 993 404 1037 tatis
436 992 632 1046 ignoret.
696 989 804 1031 Ideo
838 988 999 1030 modus
1033 986 1358 1030 convalidandi
1393 986 1739 1030 matrimonium
1774 987 1948 1042 primus
1982 989 2027 1029 et
2059 987 2180 1029 alter

291 1081 426 1124 supra
459 1064 692 1121 expositus
726 1067 845 1106 cert-e
880 1062 1069 1105 sufficit.
1137 1061 1305 1115 Quodsi
1349 1075 1453 1117 pars
1486 1062 1651 1117 ignara
1685 1062 1739 1105 de
1770 1061 1990 1105 nullitate
2023 1061 2178 1104 matri—

290 1141 429 1186 monii
462 1154 518 1184 ne
564 1140 612 1182 in
660 1150 823 1194 genere
872 1136 1054 1191 quidem
1105 1136 1277 1179 moneri
1311 1141 1479 1192 potest,
1529 1136 1639 1191 quin
1683 1136 1846 1191 gravia
1889 1136 2179 1179 incommoda.

289 1217 555 1268 timeantur,
599 1212 790 1256 monitio
825 1211 1083 1255 omittenda
1117 1216 1164 1255 et
1196 1225 1439 1255 consensus
1486 1226 1512 1255 a
1554 1217 1686 1267 parte
1726 1211 2047 1267 impedimenti
2080 1225 2178 1254 con-

289 1291 380 1335 scia
412 1288 642 1344 explicite,
696 1288 751 1331 ab
785 1287 877 1330 alia
924 1290 1055 1341 parte
1103 1291 1257 1330 autem
1307 1286 1534 1342 implicite
1584 1300 1664 1342 per
1710 1300 1843 1330 usum
1892 1285 2176 1330 matrimonii

288 1364 494 1409 renovari
529 1362 673 1406 debet.
739 1361 997 1405 Renovatio
1030 1362 1079 1404 in
1112 1362 1194 1405 hoc
1219 1376 1325 1405 casu
1358 1376 1448 1405 non
1482 1366 1552 1405 est
1585 1361 1767 1417 quidem
1796 1366 1934 1418 certa,
1967 1366 2176 1405 attamen

288 1441 335 1483 in
370 1452 475 1482 casu
508 1436 797 1482 necessit-atis
831 1436 971 1479 etiam
1012 1435 1260 1491 probabilis
1295 1437 1504 1480 sufficere
1537 1440 1703 1492 potest.
1769 1436 1980 1480 Ceterum
2013 1436 2062 1480 in
2094 1437 2181 1480 hoc

288 1528 392 1558 casu
425 1512 520 1569 peti
554 1517 707 1568 potest
741 1511 920 1555 sanatio
954 1511 1239 1555 matrimonii
1272 1511 1321 1555 in
1352 1512 1517 1556 radice.

441 1662 571 1716 168.
614 1661 770 1715 Num
812 1661 1314 1715 convalidandum
1357 1663 1442 1716 sit
1480 1662 1544 1715 in
1584 1662 1784 1716 forma
1815 1661 2179 1716 tridentina.

286 1755 350 1805 ln
392 1752 497 1803 hoc
543 1750 755 1820 duplici
799 1769 945 1816 casn,
990 1770 1097 1821 quo
1142 1753 1560 1803 matrimonium
1618 1751 1930 1803 invalidum
1983 1758 2064 1802 est
2104 1750 2177 1803 ob

287 1842 564 1894 defectum
621 1858 921 1892 consensus
976 1841 1065 1892 vel
1119 1841 1187 1893 ob
1243 1841 1655 1894 inhabilitatem
1708 1841 2175 1907 contrahentium,

286 1932 616 2002 supponitur
659 1932 1075 1982 matrimonium
1120 1933 1278 1983 initio
1321 1933 1521 1984 initum
1550 1932 1720 1984 fuisse
1750 1939 1971 1984 servata
1997 1930 2176 1983 forma

284 2023 602 2087 tridentina,
645 2020 742 2072 ubi
784 2021 937 2088 viget
978 2039 1021 2072 c,
1073 2022 1338 2086 Tametsi,·
1380 2024 1490 2074 iam
1536 2023 1850 2092 quaeritur:

436 2127 581 2178 Num
642 2144 923 2177 consensus
977 2126 1322 2178 nihilominus
1376 2127 1713 2179 renovandus
1766 2129 1836 2178 sit
1891 2128 1949 2178 in
1986 2125 2176 2197 forma

286 2218 595 2268 tridentina.

437 2310 483 2360 l.
541 2306 600 2358 Si
654 2305 879 2357 nullitas
935 2307 1275 2357 matrimonii
1322 2305 1537 2377 publice
1588 2316 1719 2358 nota
1775 2316 1856 2358 est
1906 2306 1994 2358 vel
2043 2315 2175 2360 nota

283 2397 402 2448 fieri
443 2395 819 2466 praevidetur,
864 2398 966 2448 etsi
1007 2398 1424 2449 matrimonium
1465 2399 1520 2450 in
1565 2397 1708 2450 facie
1736 2397 2003 2450 ecclesiae
2048 2417 2173 2451 con·

283 2495 520 2538 tractum
563 2486 746 2552 fuerit,
790 2485 1016 2556 publice
1059 2505 1244 2539 coram
1285 2488 1528 2558 parocho
1560 2497 1614 2540 et
1639 2487 1876 2540 testibus
1903 2506 2172 2541 renovan-

286 2576 387 2628 dus
430 2584 510 2627 est
552 2593 879 2628 consensus:
923 2576 1049 2628 finis
1092 2578 1257 2645 enim,
1303 2596 1466 2648 quem
1510 2577 1745 2631 ecclesia
1787 2578 2174 2648 praescribens

285 2666 518 2718 formam
561 2665 923 2717 tridentinam
965 2667 1220 2734 intendit,
1265 2667 1504 2720 obtineri
1546 2687 1657 2720 non
1698 2675 1893 2738 potest,
1949 2670 2056 2721 nisi
2112 2671 2171 2722 in

283 2756 427 2807 facie
471 2754 739 2806 ecclesiae
781 2764 1082 2808 renovetur
1123 2775 1440 2812 consensus,
1521 2758 1777 2810 Ecclesia
1829 2777 2031 2829 nempe
2073 2760 2169 2811 im·

283 2845 472 2915 pedire
514 2844 707 2912 voluit,
767 2863 835 2897 ne
890 2848 1152 2916 coniuges
1203 2855 1484 2900 contracto
1528 2849 1880 2901 matrimonio
1924 2867 2168 2919 compar-

282 2944 390 2986 tem
432 2934 742 3004 relinquere
785 2944 838 2987 et
878 2935 1029 2989 aliud
1071 2939 1489 2991 matrimonium
1534 2941 1675 2992 inire
1717 2948 1958 3010 possent.

432 3040 477 3083 Si
510 3046 665 3082 tamen
698 3040 901 3094 putativi
946 3041 1161 3097 coniuges
1202 3056 1337 3098 aegre
1369 3043 1535 3087 adduci
1570 3048 1777 3100 possunt,
1821 3048 1876 3088 ut
1910 3045 2056 3089 denuo
2090 3058 2168 3101 pu·

282 3112 394 3156 blice
429 3112 717 3168 contrahant,
758 3115 992 3170 episcopus
1029 3130 1056 3159 a
1088 3117 1523 3172 proclamationibus
1557 3119 1820 3175 dispensare
1852 3123 1898 3163 et
1930 3119 2175 3163 concedere

283 3191 449 3242 potest,
494 3190 547 3229 ut
583 3200 822 3232 consensus
872 3191 1045 3234 occulte
1086 3205 1234 3236 coram
1279 3194 1473 3248 parocho
1515 3197 1561 3237 et
1603 3194 1777 3238 duobus
1816 3194 2014 3238 testibus
2045 3208 2171 3238 reno-

286 3266 432 3305 vetur.
495 3262 718 3305 Attamen
752 3263 810 3306 ad
842 3265 1164 3310 removendum
1190 3268 1452 3312 scandalum
1489 3273 1744 3324 opportune
1767 3268 2000 3325 divulgari
2034 3269 2168 3313 debet

282 3336 624 3379 matrimonium
658 3337 801 3381 fuisse
834 3338 1218 3384 convalidatum.‘

431 3427 478 3478 2.
525 3425 583 3478 Si
625 3427 851 3480 nullitas
892 3431 1250 3499 matrimonii,
1295 3432 1443 3502 quod
1486 3433 1542 3484 in
1572 3432 1717 3484 facie
1745 3432 2014 3486 ecclesiae
2041 3451 2164 3486 con·

282 3522 515 3567 tractum
560 3515 684 3580 fuit,
728 3516 933 3570 occulta
975 3527 1071 3583 est,
1115 3538 1225 3572 non
1268 3528 1349 3573 est
1388 3540 1632 3590 necesse,
1675 3530 1736 3574 ut
1762 3541 2062 3576 consensus
2087 3541 2165 3575 re·
