2269 3898
279 150 335 192 90
810 143 869 186 Π.
906 144 971 186 De
1005 142 1182 185 actibus
1215 141 1273 183 ad
1306 141 1443 182 finem
1477 139 1614 194 aptis.

279 282 446 326 eisdem
481 279 708 335 propriam
754 277 1063 320 moralitatem
1102 278 1290 329 negant.
1355 272 1607 317 Thomistis
1655 272 1849 315 aliarum
1897 272 2152 316 scholarum

281 354 479 409 theologi
514 352 740 396 communi
771 352 866 394 fere
899 362 1118 392 consensu
1150 349 1372 392 accedunt
1385 346 1423 402 ¹).

429 502 521 554 77.
577 499 762 554 Actus
818 498 1058 552 externi
1100 512 1218 550 non
1281 497 1505 550 habent
1557 496 1868 564 propriam
1908 496 2152 550 morali-

278 594 483 646 tatem.
567 592 614 644 1.
659 591 834 640 Actus
889 587 1103 637 externi
1158 604 1267 637 non
1318 585 1527 637 habent
1567 585 1871 637 bonitatem
1914 585 2001 637 vel
2045 604 2154 637 ma-

275 681 450 732 litiam
492 680 774 749 propriam
817 697 848 728 a
889 675 1199 728 moralitate
1240 683 1396 726 actus
1438 677 1642 726 interni
1686 675 2036 727 distinctam:
2081 683 2153 726 et·

277 772 424 821 enim
480 768 557 820 illi
612 768 711 820 soli
765 775 921 818 actus
975 766 1195 835 proprie
1247 773 1523 816 vocantur
1571 764 1822 827 morales,
1864 765 1957 834 qui
2000 765 2058 815 in
2098 782 2154 814 se

275 859 435 911 liberi
489 866 644 917 sunt;
702 856 930 908 libertas
984 857 1130 906 enim
1189 862 1270 906 est
1317 854 1740 906 fundamentum
1798 863 1850 905 et
1901 853 2153 905 condicio
2208 863 2218 872 ‘

279 949 634 1013 moralitatis3
679 948 808 1016 quia
851 964 977 1014 ergo
1020 953 1176 996 actus
1218 946 1433 995 externi
1475 945 1534 995 in
1576 963 1630 995 se
1672 962 1783 995 non
1812 952 1940 995 sunt
1975 942 2151 1010 liberi,

277 1057 386 1090 non
428 1044 657 1106 possunt
699 1055 815 1087 esse
858 1037 913 1086 in
957 1053 1012 1085 se
1056 1034 1303 1086 morales.
1386 1034 1527 1086 Sunt
1570 1043 1756 1085 tamen
1796 1041 1849 1084 et
1892 1033 2152 1084 dicuntur

283 1127 560 1179 moraliter
615 1125 746 1176 boni
796 1125 885 1176 Vel
943 1124 1072 1175 mali
1125 1143 1156 1175 a
1206 1123 1451 1175 bonitate
1493 1123 1583 1175 vel
1626 1122 1838 1174 malitia
1879 1130 2034 1173 actus
2074 1123 2154 1172 in-

276 1219 432 1281 terni,
476 1236 508 1267 a
550 1234 655 1285 quo
698 1217 1067 1284 imperantur:
1114 1222 1343 1264 eatenus
1385 1214 1534 1264 enim
1577 1220 1704 1264 sunt
1731 1211 1981 1278 morales,
2026 1230 2154 1281 qua-

277 1316 436 1357 tenus
478 1316 604 1357 sunt
644 1304 836 1370 liberi3
879 1303 1041 1355 liberi
1083 1312 1266 1354 autem
1310 1313 1453 1367 sunt,
1498 1312 1773 1372 quatenus
1814 1304 2157 1372 imperantur

278 1417 309 1448 a
346 1396 520 1447 libera
546 1395 859 1454 voluntate;
904 1412 1032 1461 ergo
1075 1393 1309 1444 morales
1351 1401 1480 1444 sunt
1519 1411 1617 1461 per
1647 1392 2155 1444 denominationem

280 1487 586 1538 desumtam
630 1485 699 1536 ab
742 1484 958 1536 actibus
1000 1483 1196 1535 elicitis
1241 1483 1557 1537 voluntatis.

428 1575 543 1628 Quia
574 1587 680 1629 ergo
714 1578 843 1617 actus
877 1573 1053 1617 externi
1076 1587 1204 1616 suam
1230 1572 1484 1616 bonitatem
1508 1573 1580 1616 vei
1613 1571 1841 1615 malitiam
1875 1571 2159 1628 participant

281 1651 336 1694 ab
373 1654 479 1693 actu
510 1650 706 1703 interno,
749 1648 990 1702 utriusque
1023 1651 1152 1690 actus
1185 1661 1276 1690 una
1310 1652 1380 1690 est
1414 1646 1595 1690 bonitas
1627 1647 1699 1690 vel
1734 1646 1916 1690 malitia
1949 1646 2155 1700 moralis;

279 1733 408 1768 actus
454 1728 668 1766 externus
710 1721 1021 1765 moralitatem
1063 1726 1194 1765 actus
1236 1721 1423 1776 interni,
1473 1736 1499 1765 a
1533 1735 1618 1776 quo
1652 1721 1924 1776 imperatur,
1971 1721 2151 1776 perficit

277 1805 323 1844 et
357 1799 575 1853 complet3
612 1810 749 1852 quare
783 1801 912 1839 actus
944 1796 1154 1840 internus
1189 1801 1235 1840 et-
1269 1801 1485 1840 externus
1517 1809 1659 1839 unum
1683 1809 1870 1839 numero
1894 1800 2045 1839 actum
2067 1810 2154 1839 mo-

277 1874 437 1918 raliter
468 1873 634 1916 bonum
669 1873 741 1916 vel
775 1873 946 1915 malum
991 1872 1039 1914 in
1075 1886 1156 1915 sua
1206 1872 1353 1927 specie
1397 1872 1674 1927 completum
1710 1876 1755 1915 et
1789 1875 2155 1916 consummatum

279 1948 584 1993 constituunt.

428 2039 476 2091 12.
521 2038 610 2088 Ex
665 2036 751 2087 his
806 2038 914 2087 iam
971 2036 1327 2104 consequitur
1380 2042 1565 2087 actum
1622 2044 1913 2088 externum
1959 2058 2059 2108 per
2110 2056 2162 2089 sc

283 2146 377 2179 seu
422 2129 614 2178 ceteris
656 2125 884 2195 paribus
927 2143 1033 2176 non
1078 2125 1450 2194 superaddere
1488 2126 1704 2177 interno
1736 2126 2033 2195 specialem
2065 2127 2157 2178 bo-

280 2218 508 2268 nitatem
554 2216 640 2267 vel
685 2215 980 2267 malitiam:
1032 2233 1160 2266 nam
1203 2223 1316 2267 tota
1359 2215 1577 2266 bonitas
1619 2215 1710 2268 vel
1757 2215 1964 2267 malitia
2005 2225 2161 2267 actus

283 2307 490 2358 externi
532 2305 769 2356 habetur
810 2303 879 2355 ab
922 2315 1048 2355 actu
1092 2306 1340 2371 interno3
1385 2323 1513 2373 ergo
1542 2322 1650 2356 non
1679 2312 1858 2374 potest
1890 2307 2039 2357 actui
2082 2307 2157 2357 in—

280 2405 434 2447 terno
480 2395 783 2464 quidquam
827 2394 1047 2447 addere.
1104 2395 1250 2446 Hinc
1278 2396 1444 2446 etiam
1475 2402 1631 2446 actus
1674 2396 1891 2446 externi
1935 2396 2156 2446 omissio

279 2503 376 2554 per
417 2503 472 2536 se
514 2485 653 2536 nihil
697 2484 937 2536 detrahit
979 2484 1046 2535 de
1089 2483 1400 2535 moralitate
1441 2491 1598 2535 actus
1640 2485 1876 2536 interni:
1919 2486 1964 2536 si
2006 2486 2154 2536 enim

280 2573 535 2625 voluntas
576 2574 647 2625 ad
690 2575 1077 2625 executionem
1120 2574 1361 2642 perfecte
1392 2573 1660 2643 disposita
1688 2574 1811 2626 ideo
1842 2573 2020 2625 solum
2048 2593 2154 2626 non

278 2665 433 2733 ponit
459 2672 641 2714 actum
669 2677 977 2728 externum,
1005 2665 1135 2732 quia
1165 2663 1316 2715 illum
1348 2681 1550 2733 ponere
1579 2682 1689 2727 non
1718 2673 1911 2734 potest,
1941 2666 2161 2716 omissio

280 2761 436 2803 actus
479 2754 694 2804 externi
737 2761 817 2804 est
867 2752 1248 2804 involuntaria
1303 2763 1558 2822 respectu
1617 2754 1951 2820 voluntatis3
2008 2755 2162 2824 atqui

287 2842 434 2910 quod
476 2851 556 2893 est
596 2842 1054 2908 involuntarium,
1112 2860 1221 2893 non
1278 2852 1455 2911 potest
1495 2844 1815 2913 equidquam
1872 2843 2162 2895 detrahere

290 2931 354 2982 de
396 2931 719 2984 moralitate.
993 2917 1005 2942 s

439 3034 480 3062 a.
530 3020 636 3063 Ideo
671 3021 785 3064 seria
828 3026 873 3064 et
917 3022 1081 3064 efficax
1123 3022 1337 3064 voluntas
1381 3022 1556 3077 aliquid
1597 3022 1811 3078 faciendi,
1858 3022 1935 3066 ubi
1979 3024 2154 3065 factum

286 3094 436 3149 ipsum
470 3094 570 3138 ideo
602 3109 693 3138 non
726 3095 977 3150 perficitur,
1012 3095 1118 3150 quia
1151 3096 1307 3150 perfici
1330 3110 1420 3139 non
1444 3101 1612 3152 potest,
1644 3097 1692 3140 in
1718 3111 1752 3140 s.
1771 3097 1998 3153 scriptura
2020 3109 2158 3152 aeque

287 3170 505 3212 laudatur
537 3183 588 3212 ac
621 3169 658 3212 si
678 3171 865 3212 factum
889 3170 1111 3221 fuisseff).
1177 3169 1324 3223 Quare
1360 3171 1651 3215 vehementer
1684 3178 1852 3227 errant,
1895 3172 1972 3227 qui
2009 3171 2160 3214 minus

288 3248 522 3299 peccatum
567 3256 612 3286 se
646 3243 923 3286 commisisse
965 3244 1263 3300 arbitrantur,
1307 3245 1414 3300 quia
1457 3245 1574 3288 illud
1616 3259 1747 3301 opere
1790 3260 1881 3290 non
1914 3246 2158 3301 compleve-

440 3438 468 3492 ¹)
503 3438 569 3481 Cf.
603 3437 799 3491 Szzarez,
824 3438 889 3481 De
914 3438 1119 3482 bonitate
1143 3444 1187 3482 et
1211 3439 1395 3484 malitia
1414 3423 1599 3484 actuum
1625 3441 1927 3484 humanorum
1953 3439 2067 3494 disp.
2088 3439 2157 3481 10.

432 3511 463 3566 ²]
496 3512 603 3555 Gen.
639 3512 710 3566 22,
747 3512 814 3555 16.
