<?xml version="1.0" encoding="UTF-8"?>
<!DOCTYPE html PUBLIC "-//W3C//DTD XHTML 1.0 Transitional//EN"
    "http://www.w3.org/TR/xhtml1/DTD/xhtml1-transitional.dtd">
<html xmlns="http://www.w3.org/1999/xhtml" xml:lang="en" lang="en">
 <head>
  <title>
</title>
<meta http-equiv="Content-Type" content="text/html;charset=utf-8" />
  <meta name='ocr-system' content='tesseract 3.04.00' />
  <meta name='ocr-capabilities' content='ocr_page ocr_carea ocr_par ocr_line ocrx_word'/>
</head>
<body>
  <div class='ocr_page' id='page_1' title='image "./summatheologiaem00nold_0158.png"; bbox 0 0 2269 3898; ppageno 0'>
   <div class='ocr_carea' id='block_1_1' title="bbox 218 110 1354 164">
    <p class='ocr_par' dir='ltr' id='par_1_1' title="bbox 218 110 1354 164">
     <span class='ocr_line' id='line_1_1' title="bbox 218 110 1354 164; baseline -0.004 -7"><span class='ocrx_word' id='word_1_1' title='bbox 218 114 306 158; x_wconf 73' lang='lat'>148</span> <span class='ocrx_word' id='word_1_2' title='bbox 945 110 1029 153; x_wconf 90' lang='lat' dir='ltr'><strong>III.</strong></span> <span class='ocrx_word' id='word_1_3' title='bbox 1063 111 1131 153; x_wconf 93' lang='lat' dir='ltr'>De</span> <span class='ocrx_word' id='word_1_4' title='bbox 1161 110 1354 164; x_wconf 84' lang='lat' dir='ltr'>legibus.</span> 
     </span>
    </p>
   </div>
   <div class='ocr_carea' id='block_1_2' title="bbox 212 243 2100 375">
    <p class='ocr_par' dir='ltr' id='par_1_2' title="bbox 212 243 2100 375">
     <span class='ocr_line' id='line_1_2' title="bbox 215 243 2100 300; baseline -0.003 -8"><span class='ocrx_word' id='word_1_5' title='bbox 215 254 373 292; x_wconf 84' lang='lat' dir='ltr'>tamen</span> <span class='ocrx_word' id='word_1_6' title='bbox 405 260 462 289; x_wconf 87' lang='grc'>55.</span> <span class='ocrx_word' id='word_1_7' title='bbox 488 243 893 300; x_wconf 77' lang='lat' dir='ltr'>congregationum</span> <span class='ocrx_word' id='word_1_8' title='bbox 918 243 1098 286; x_wconf 86' lang='lat' dir='ltr'>decreta</span> <span class='ocrx_word' id='word_1_9' title='bbox 1129 243 1462 287; x_wconf 72' lang='lat' dir='ltr'>habitationem</span> <span class='ocrx_word' id='word_1_10' title='bbox 1495 257 1575 299; x_wconf 87' lang='lat' dir='ltr'>per</span> <span class='ocrx_word' id='word_1_11' title='bbox 1607 243 1823 287; x_wconf 87' lang='lat' dir='ltr'>maiorem</span> <span class='ocrx_word' id='word_1_12' title='bbox 1856 243 1964 286; x_wconf 90' lang='lat' dir='ltr'>anni</span> <span class='ocrx_word' id='word_1_13' title='bbox 1997 258 2100 298; x_wconf 83' lang='lat' dir='ltr'>par—</span> 
     </span>
     <span class='ocr_line' id='line_1_3' title="bbox 212 318 591 375; baseline -0.011 -10"><span class='ocrx_word' id='word_1_14' title='bbox 212 327 306 365; x_wconf 86' lang='lat' dir='ltr'>tem</span> <span class='ocrx_word' id='word_1_15' title='bbox 340 321 532 375; x_wconf 74' lang='lat' dir='ltr'>exigunt</span> <span class='ocrx_word' id='word_1_16' title='bbox 546 318 591 371; x_wconf 81' lang='lat'>¹).</span> 
     </span>
    </p>
   </div>
   <div class='ocr_carea' id='block_1_3' title="bbox 215 406 2097 614">
    <p class='ocr_par' dir='ltr' id='par_1_3' title="bbox 215 406 2097 614">
     <span class='ocr_line' id='line_1_4' title="bbox 370 406 2097 462; baseline -0.001 -11"><span class='ocrx_word' id='word_1_17' title='bbox 370 424 410 461; x_wconf 73' lang='grc' dir='ltr'>γ.</span> <span class='ocrx_word' id='word_1_18' title='bbox 444 409 515 451; x_wconf 89' lang='lat' dir='ltr'>Ad</span> <span class='ocrx_word' id='word_1_19' title='bbox 549 406 977 462; x_wconf 86' lang='lat' dir='ltr'>quasi-domicilium</span> <span class='ocrx_word' id='word_1_20' title='bbox 1007 407 1056 449; x_wconf 91' lang='lat' dir='ltr'>in</span> <span class='ocrx_word' id='word_1_21' title='bbox 1079 406 1230 461; x_wconf 83' lang='lat' dir='ltr'>aliquo</span> <span class='ocrx_word' id='word_1_22' title='bbox 1253 407 1348 450; x_wconf 88' lang='lat' dir='ltr'>loco</span> <span class='ocrx_word' id='word_1_23' title='bbox 1371 407 1694 461; x_wconf 87' lang='lat' dir='ltr'>acquirendum</span> <span class='ocrx_word' id='word_1_24' title='bbox 1717 406 1966 461; x_wconf 75' lang='lat' dir='ltr'><strong>requiritur</strong></span> <span class='ocrx_word' id='word_1_25' title='bbox 1987 420 2097 450; x_wconf 84' lang='lat' dir='ltr'>vera</span> 
     </span>
     <span class='ocr_line' id='line_1_5' title="bbox 215 480 2097 540; baseline -0.003 -11"><span class='ocrx_word' id='word_1_26' title='bbox 215 491 262 529; x_wconf 92' lang='lat' dir='ltr'>et</span> <span class='ocrx_word' id='word_1_27' title='bbox 296 483 475 540; x_wconf 87' lang='lat' dir='ltr'>proprie</span> <span class='ocrx_word' id='word_1_28' title='bbox 510 482 633 524; x_wconf 84' lang='lat' dir='ltr'>dicta</span> <span class='ocrx_word' id='word_1_29' title='bbox 665 481 892 525; x_wconf 86' lang='lat' dir='ltr'>habitatio</span> <span class='ocrx_word' id='word_1_30' title='bbox 925 481 974 524; x_wconf 92' lang='lat' dir='ltr'>in</span> <span class='ocrx_word' id='word_1_31' title='bbox 1007 482 1162 525; x_wconf 89' lang='lat' dir='ltr'>eodem</span> <span class='ocrx_word' id='word_1_32' title='bbox 1196 481 1316 532; x_wconf 86' lang='grc'><strong>1060;</strong></span> <span class='ocrx_word' id='word_1_33' title='bbox 1365 495 1455 525; x_wconf 89' lang='grc'><strong>11011</strong></span> <span class='ocrx_word' id='word_1_34' title='bbox 1492 481 1683 536; x_wconf 83' lang='lat' dir='ltr'>sufficit,</span> <span class='ocrx_word' id='word_1_35' title='bbox 1715 486 1768 524; x_wconf 89' lang='lat' dir='ltr'>ut</span> <span class='ocrx_word' id='word_1_36' title='bbox 1804 480 1903 535; x_wconf 82' lang='lat' dir='ltr'>quis</span> <span class='ocrx_word' id='word_1_37' title='bbox 1934 480 1984 524; x_wconf 88' lang='lat' dir='ltr'>in</span> <span class='ocrx_word' id='word_1_38' title='bbox 2015 481 2097 524; x_wconf 86' lang='lat' dir='ltr'>ali·</span> 
     </span>
     <span class='ocr_line' id='line_1_6' title="bbox 217 554 1733 614; baseline -0.003 -12"><span class='ocrx_word' id='word_1_39' title='bbox 217 573 305 614; x_wconf 86' lang='lat' dir='ltr'>qua</span> <span class='ocrx_word' id='word_1_40' title='bbox 336 557 522 612; x_wconf 83' lang='lat' dir='ltr'>regione</span> <span class='ocrx_word' id='word_1_41' title='bbox 553 556 701 599; x_wconf 86' lang='lat' dir='ltr'>instar</span> <span class='ocrx_word' id='word_1_42' title='bbox 732 555 999 599; x_wconf 85' lang='lat' dir='ltr'>itinerantis</span> <span class='ocrx_word' id='word_1_43' title='bbox 1033 556 1087 599; x_wconf 88' lang='lat' dir='ltr'>de</span> <span class='ocrx_word' id='word_1_44' title='bbox 1118 556 1214 598; x_wconf 93' lang='lat' dir='ltr'>loco</span> <span class='ocrx_word' id='word_1_45' title='bbox 1247 555 1296 598; x_wconf 92' lang='lat' dir='ltr'>in</span> <span class='ocrx_word' id='word_1_46' title='bbox 1328 556 1476 598; x_wconf 85' lang='lat' dir='ltr'>locum</span> <span class='ocrx_word' id='word_1_47' title='bbox 1511 554 1733 610; x_wconf 79' lang='lat' dir='ltr'>migret²&gt;.</span> 
     </span>
    </p>
   </div>
   <div class='ocr_carea' id='block_1_4' title="bbox 212 644 2102 926">
    <p class='ocr_par' dir='ltr' id='par_1_4' title="bbox 212 644 2102 926">
     <span class='ocr_line' id='line_1_7' title="bbox 365 644 2094 702; baseline 0 -15"><span class='ocrx_word' id='word_1_48' title='bbox 365 647 403 690; x_wconf 72' lang='grc' dir='ltr'>ὃ.</span> <span class='ocrx_word' id='word_1_49' title='bbox 438 647 560 702; x_wconf 87' lang='lat' dir='ltr'>Ergo</span> <span class='ocrx_word' id='word_1_50' title='bbox 594 645 814 689; x_wconf 74' lang='lat' dir='ltr'>officiales</span> <span class='ocrx_word' id='word_1_51' title='bbox 847 645 1032 700; x_wconf 79' lang='lat' dir='ltr'>publici,</span> <span class='ocrx_word' id='word_1_52' title='bbox 1074 645 1262 696; x_wconf 90' lang='lat' dir='ltr'>iudices,</span> <span class='ocrx_word' id='word_1_53' title='bbox 1308 645 1597 700; x_wconf 77' lang='lat' dir='ltr'>professores,</span> <span class='ocrx_word' id='word_1_54' title='bbox 1643 644 1869 699; x_wconf 81' lang='lat' dir='ltr'>discipuli,</span> <span class='ocrx_word' id='word_1_55' title='bbox 1912 644 2094 700; x_wconf 78' lang='lat' dir='ltr'>famuli,</span> 
     </span>
     <span class='ocr_line' id='line_1_8' title="bbox 219 718 2102 776; baseline -0.003 -10"><span class='ocrx_word' id='word_1_56' title='bbox 219 722 413 766; x_wconf 85' lang='lat' dir='ltr'>ancillae</span> <span class='ocrx_word' id='word_1_57' title='bbox 446 724 546 776; x_wconf 66' lang='lat' dir='ltr'>etc„</span> <span class='ocrx_word' id='word_1_58' title='bbox 581 720 657 775; x_wconf 88' lang='lat' dir='ltr'>qui</span> <span class='ocrx_word' id='word_1_59' title='bbox 680 720 858 763; x_wconf 87' lang='lat' dir='ltr'>ratione</span> <span class='ocrx_word' id='word_1_60' title='bbox 890 719 1048 774; x_wconf 74' lang='lat' dir='ltr'>officii,</span> <span class='ocrx_word' id='word_1_61' title='bbox 1082 719 1226 762; x_wconf 89' lang='lat' dir='ltr'>studii</span> <span class='ocrx_word' id='word_1_62' title='bbox 1249 720 1321 762; x_wconf 73' lang='lat' dir='ltr'>vel</span> <span class='ocrx_word' id='word_1_63' title='bbox 1343 718 1520 773; x_wconf 90' lang='lat' dir='ltr'>negotii</span> <span class='ocrx_word' id='word_1_64' title='bbox 1543 718 1731 774; x_wconf 88' lang='lat' dir='ltr'>gerendi</span> <span class='ocrx_word' id='word_1_65' title='bbox 1754 719 1802 761; x_wconf 87' lang='lat' dir='ltr'>in</span> <span class='ocrx_word' id='word_1_66' title='bbox 1825 718 1976 773; x_wconf 88' lang='lat' dir='ltr'>aliquo</span> <span class='ocrx_word' id='word_1_67' title='bbox 1998 720 2102 762; x_wconf 50' lang='lat' dir='ltr'>loco&gt;</span> 
     </span>
     <span class='ocr_line' id='line_1_9' title="bbox 217 792 2099 852; baseline -0.002 -13"><span class='ocrx_word' id='word_1_68' title='bbox 217 798 393 852; x_wconf 86' lang='lat' dir='ltr'>degunt</span> <span class='ocrx_word' id='word_1_69' title='bbox 426 809 527 839; x_wconf 91' lang='grc'><strong>611111</strong></span> <span class='ocrx_word' id='word_1_70' title='bbox 560 795 818 838; x_wconf 85' lang='grc' dir='ltr'><strong>111161111οΠ6</strong></span> <span class='ocrx_word' id='word_1_71' title='bbox 861 808 940 850; x_wconf 89' lang='lat' dir='ltr'>per</span> <span class='ocrx_word' id='word_1_72' title='bbox 981 794 1166 849; x_wconf 89' lang='lat' dir='ltr'>longius</span> <span class='ocrx_word' id='word_1_73' title='bbox 1200 798 1382 848; x_wconf 90' lang='lat' dir='ltr'>tempus</span> <span class='ocrx_word' id='word_1_74' title='bbox 1424 793 1488 836; x_wconf 92' lang='lat' dir='ltr'>ibi</span> <span class='ocrx_word' id='word_1_75' title='bbox 1523 793 1755 848; x_wconf 88' lang='lat' dir='ltr'>manendi,</span> <span class='ocrx_word' id='word_1_76' title='bbox 1804 792 1853 836; x_wconf 93' lang='grc'>111</span> <span class='ocrx_word' id='word_1_77' title='bbox 1901 806 1951 837; x_wconf 91' lang='grc'>60</span> <span class='ocrx_word' id='word_1_78' title='bbox 1998 794 2099 837; x_wconf 81' lang='lat' dir='ltr'>loco</span> 
     </span>
     <span class='ocr_line' id='line_1_10' title="bbox 212 869 860 926; baseline -0.006 -11"><span class='ocrx_word' id='word_1_79' title='bbox 212 870 643 926; x_wconf 88' lang='lat' dir='ltr'>quasi-domicilium</span> <span class='ocrx_word' id='word_1_80' title='bbox 676 869 860 912; x_wconf 86' lang='lat' dir='ltr'>habent.</span> 
     </span>
    </p>
   </div>
   <div class='ocr_carea' id='block_1_5' title="bbox 210 957 2101 1239">
    <p class='ocr_par' dir='ltr' id='par_1_5' title="bbox 210 957 2101 1239">
     <span class='ocr_line' id='line_1_11' title="bbox 367 957 2097 1013; baseline 0 -12"><span class='ocrx_word' id='word_1_81' title='bbox 367 976 401 1004; x_wconf 82' lang='grc' dir='ltr'>ε.</span> <span class='ocrx_word' id='word_1_82' title='bbox 435 960 480 1003; x_wconf 83' lang='lat' dir='ltr'>Si</span> <span class='ocrx_word' id='word_1_83' title='bbox 516 960 569 1003; x_wconf 92' lang='lat' dir='ltr'>de</span> <span class='ocrx_word' id='word_1_84' title='bbox 601 959 753 1002; x_wconf 89' lang='lat' dir='ltr'>animo</span> <span class='ocrx_word' id='word_1_85' title='bbox 786 972 866 1013; x_wconf 88' lang='lat' dir='ltr'>per</span> <span class='ocrx_word' id='word_1_86' title='bbox 897 958 1079 1013; x_wconf 90' lang='lat' dir='ltr'>longius</span> <span class='ocrx_word' id='word_1_87' title='bbox 1113 963 1298 1013; x_wconf 87' lang='lat' dir='ltr'>tempus</span> <span class='ocrx_word' id='word_1_88' title='bbox 1340 957 1389 1000; x_wconf 91' lang='lat' dir='ltr'>in</span> <span class='ocrx_word' id='word_1_89' title='bbox 1432 957 1585 1012; x_wconf 88' lang='lat' dir='ltr'>aliquo</span> <span class='ocrx_word' id='word_1_90' title='bbox 1628 958 1724 1001; x_wconf 90' lang='grc'><strong>1060</strong></span> <span class='ocrx_word' id='word_1_91' title='bbox 1757 957 1972 1001; x_wconf 88' lang='lat' dir='ltr'>manendi</span> <span class='ocrx_word' id='word_1_92' title='bbox 2003 971 2097 1001; x_wconf 87' lang='lat' dir='ltr'>non·</span> 
     </span>
     <span class='ocr_line' id='line_1_12' title="bbox 212 1031 2101 1090; baseline -0.003 -11"><span class='ocrx_word' id='word_1_93' title='bbox 212 1039 410 1090; x_wconf 81' lang='lat' dir='ltr'>constat,</span> <span class='ocrx_word' id='word_1_94' title='bbox 431 1035 522 1078; x_wconf 90' lang='lat' dir='ltr'>iste</span> <span class='ocrx_word' id='word_1_95' title='bbox 545 1047 599 1077; x_wconf 79' lang='lat' dir='ltr'>ex</span> <span class='ocrx_word' id='word_1_96' title='bbox 621 1033 762 1077; x_wconf 81' lang='lat' dir='ltr'>variis</span> <span class='ocrx_word' id='word_1_97' title='bbox 787 1032 971 1076; x_wconf 89' lang='lat' dir='ltr'>indiciis</span> <span class='ocrx_word' id='word_1_98' title='bbox 994 1033 1223 1088; x_wconf 82' lang='lat' dir='ltr'>praesumi</span> <span class='ocrx_word' id='word_1_99' title='bbox 1251 1031 1398 1078; x_wconf 88' lang='lat' dir='ltr'>debet.</span> <span class='ocrx_word' id='word_1_100' title='bbox 1443 1031 1614 1085; x_wconf 80' lang='lat' dir='ltr'>Quodsi</span> <span class='ocrx_word' id='word_1_101' title='bbox 1637 1031 1788 1087; x_wconf 86' lang='lat' dir='ltr'>sponsi</span> <span class='ocrx_word' id='word_1_102' title='bbox 1814 1044 1848 1075; x_wconf 89' lang='lat' dir='ltr'>e.</span> <span class='ocrx_word' id='word_1_103' title='bbox 1874 1045 1918 1086; x_wconf 89' lang='lat' dir='ltr'>g.</span> <span class='ocrx_word' id='word_1_104' title='bbox 1944 1032 2101 1086; x_wconf 74' lang='lat' dir='ltr'>spatio</span> 
     </span>
     <span class='ocr_line' id='line_1_13' title="bbox 210 1105 2098 1154; baseline -0.003 0"><span class='ocrx_word' id='word_1_105' title='bbox 210 1111 375 1154; x_wconf 86' lang='lat' dir='ltr'>saltem</span> <span class='ocrx_word' id='word_1_106' title='bbox 408 1109 545 1153; x_wconf 91' lang='lat' dir='ltr'>unius</span> <span class='ocrx_word' id='word_1_107' title='bbox 578 1107 746 1151; x_wconf 88' lang='lat' dir='ltr'>mensis</span> <span class='ocrx_word' id='word_1_108' title='bbox 778 1108 851 1151; x_wconf 82' lang='lat' dir='ltr'>vel</span> <span class='ocrx_word' id='word_1_109' title='bbox 896 1107 1028 1150; x_wconf 90' lang='lat' dir='ltr'>ambo</span> <span class='ocrx_word' id='word_1_110' title='bbox 1063 1107 1136 1150; x_wconf 83' lang='lat' dir='ltr'>vel</span> <span class='ocrx_word' id='word_1_111' title='bbox 1181 1107 1404 1151; x_wconf 76' lang='lat' dir='ltr'>alteruter</span> <span class='ocrx_word' id='word_1_112' title='bbox 1444 1107 1493 1150; x_wconf 92' lang='lat' dir='ltr'>in</span> <span class='ocrx_word' id='word_1_113' title='bbox 1526 1105 1810 1150; x_wconf 81' lang='lat' dir='ltr'>matrimonii</span> <span class='ocrx_word' id='word_1_114' title='bbox 1843 1106 1939 1149; x_wconf 90' lang='grc'><strong>1060</strong></span> <span class='ocrx_word' id='word_1_115' title='bbox 1971 1106 2098 1150; x_wconf 85' lang='lat' dir='ltr'>habi·</span> 
     </span>
     <span class='ocr_line' id='line_1_14' title="bbox 211 1180 2101 1239; baseline -0.002 -10"><span class='ocrx_word' id='word_1_116' title='bbox 211 1185 429 1239; x_wconf 81' lang='lat' dir='ltr'>taverint,</span> <span class='ocrx_word' id='word_1_117' title='bbox 462 1182 792 1239; x_wconf 88' lang='lat' dir='ltr'>praesumenda</span> <span class='ocrx_word' id='word_1_118' title='bbox 836 1186 905 1225; x_wconf 89' lang='lat' dir='ltr'>est</span> <span class='ocrx_word' id='word_1_119' title='bbox 936 1181 1137 1225; x_wconf 89' lang='lat' dir='ltr'>intentio</span> <span class='ocrx_word' id='word_1_120' title='bbox 1170 1181 1466 1236; x_wconf 82' lang='lat' dir='ltr'>permanendi</span> <span class='ocrx_word' id='word_1_121' title='bbox 1510 1194 1590 1236; x_wconf 84' lang='lat' dir='ltr'>per</span> <span class='ocrx_word' id='word_1_122' title='bbox 1631 1180 1815 1235; x_wconf 89' lang='lat' dir='ltr'>longius</span> <span class='ocrx_word' id='word_1_123' title='bbox 1857 1182 2101 1236; x_wconf 53' lang='grc' dir='ltr'>1616111153)λ</span> 
     </span>
    </p>
   </div>
   <div class='ocr_carea' id='block_1_6' title="bbox 358 1286 1409 1356">
    <p class='ocr_par' dir='ltr' id='par_1_6' title="bbox 358 1286 1409 1356">
     <span class='ocr_line' id='line_1_15' title="bbox 358 1286 1409 1356; baseline -0.003 -14"><span class='ocrx_word' id='word_1_124' title='bbox 358 1288 455 1342; x_wconf 82' lang='lat' dir='ltr'>IV.</span> <span class='ocrx_word' id='word_1_125' title='bbox 496 1289 578 1340; x_wconf 81' lang='lat' dir='ltr'>Do</span> <span class='ocrx_word' id='word_1_126' title='bbox 620 1287 906 1339; x_wconf 75' lang='lat' dir='ltr'>amittendo</span> <span class='ocrx_word' id='word_1_127' title='bbox 949 1286 1409 1356; x_wconf 73' lang='lat' dir='ltr'>quasi-domicilio,</span> 
     </span>
    </p>
   </div>
   <div class='ocr_carea' id='block_1_7' title="bbox 210 1389 2101 1628">
    <p class='ocr_par' dir='ltr' id='par_1_7' title="bbox 210 1389 2101 1628">
     <span class='ocr_line' id='line_1_16' title="bbox 359 1389 2098 1462; baseline -0.001 -17"><span class='ocrx_word' id='word_1_128' title='bbox 359 1393 649 1445; x_wconf 82' lang='lat' dir='ltr'>Amittitur</span> <span class='ocrx_word' id='word_1_129' title='bbox 705 1389 1279 1462; x_wconf 84' lang='lat' dir='ltr'>quasi-domicilium,</span> <span class='ocrx_word' id='word_1_130' title='bbox 1337 1392 1380 1442; x_wconf 90' lang='lat' dir='ltr'>si</span> <span class='ocrx_word' id='word_1_131' title='bbox 1422 1389 1561 1442; x_wconf 86' lang='lat' dir='ltr'>haee</span> <span class='ocrx_word' id='word_1_132' title='bbox 1611 1389 1719 1442; x_wconf 88' lang='lat' dir='ltr'>duo</span> <span class='ocrx_word' id='word_1_133' title='bbox 1764 1390 1927 1442; x_wconf 88' lang='lat' dir='ltr'>simul</span> <span class='ocrx_word' id='word_1_134' title='bbox 1969 1410 2098 1443; x_wconf 88' lang='lat' dir='ltr'>con-</span> 
     </span>
     <span class='ocr_line' id='line_1_17' title="bbox 211 1478 2101 1550; baseline -0.002 -14"><span class='ocrx_word' id='word_1_135' title='bbox 211 1490 467 1536; x_wconf 82' lang='lat' dir='ltr'>currunt:</span> <span class='ocrx_word' id='word_1_136' title='bbox 530 1502 578 1536; x_wconf 81' lang='lat' dir='ltr'>a.</span> <span class='ocrx_word' id='word_1_137' title='bbox 637 1481 869 1534; x_wconf 87' lang='lat' dir='ltr'>actualis</span> <span class='ocrx_word' id='word_1_138' title='bbox 922 1481 1194 1532; x_wconf 78' lang='lat' dir='ltr'>discessus</span> <span class='ocrx_word' id='word_1_139' title='bbox 1252 1478 1438 1531; x_wconf 87' lang='lat' dir='ltr'>eloco</span> <span class='ocrx_word' id='word_1_140' title='bbox 1497 1479 1975 1550; x_wconf 78' lang='lat' dir='ltr'>quasi-domicilii3</span> <span class='ocrx_word' id='word_1_141' title='bbox 2041 1489 2101 1532; x_wconf 80' lang='lat' dir='ltr'>et</span> 
     </span>
     <span class='ocr_line' id='line_1_18' title="bbox 210 1570 1000 1628; baseline -0.005 -3"><span class='ocrx_word' id='word_1_142' title='bbox 210 1575 254 1628; x_wconf 77' lang='lat' dir='ltr'>b.</span> <span class='ocrx_word' id='word_1_143' title='bbox 299 1575 519 1626; x_wconf 88' lang='lat' dir='ltr'>animus</span> <span class='ocrx_word' id='word_1_144' title='bbox 561 1590 672 1624; x_wconf 92' lang='lat' dir='ltr'>non</span> <span class='ocrx_word' id='word_1_145' title='bbox 711 1570 1000 1623; x_wconf 83' lang='lat' dir='ltr'>redeundi.</span> 
     </span>
    </p>
   </div>
   <div class='ocr_carea' id='block_1_8' title="bbox 366 1764 1088 1823">
    <p class='ocr_par' dir='ltr' id='par_1_8' title="bbox 366 1764 1088 1823">
     <span class='ocr_line' id='line_1_19' title="bbox 366 1764 1088 1823; baseline -0.003 -13"><span class='ocrx_word' id='word_1_146' title='bbox 366 1766 394 1822; x_wconf 77' lang='lat'>¹)</span> <span class='ocrx_word' id='word_1_147' title='bbox 424 1767 471 1810; x_wconf 77' lang='lat' dir='ltr'>S.</span> <span class='ocrx_word' id='word_1_148' title='bbox 513 1765 721 1823; x_wconf 77' lang='lat' dir='ltr'>Officium</span> <span class='ocrx_word' id='word_1_149' title='bbox 756 1766 794 1810; x_wconf 77' lang='lat'>7.</span> <span class='ocrx_word' id='word_1_150' title='bbox 827 1764 922 1808; x_wconf 91' lang='lat' dir='ltr'>iun.</span> <span class='ocrx_word' id='word_1_151' title='bbox 959 1764 1088 1808; x_wconf 81' lang='grc'><strong>1863.</strong></span> 
     </span>
    </p>
   </div>
   <div class='ocr_carea' id='block_1_9' title="bbox 205 1844 2101 2055">
    <p class='ocr_par' dir='ltr' id='par_1_9' title="bbox 205 1844 2101 2055">
     <span class='ocr_line' id='line_1_20' title="bbox 359 1844 2100 1904; baseline -0.002 -12"><span class='ocrx_word' id='word_1_152' title='bbox 359 1850 395 1904; x_wconf 81' lang='lat'>²)</span> <span class='ocrx_word' id='word_1_153' title='bbox 431 1847 752 1902; x_wconf 82' lang='lat' dir='ltr'>Quaestionem</span> <span class='ocrx_word' id='word_1_154' title='bbox 777 1850 1127 1893; x_wconf 82' lang='lat' dir='ltr'>controversam,</span> <span class='ocrx_word' id='word_1_155' title='bbox 1162 1858 1272 1888; x_wconf 91' lang='lat' dir='ltr'>num</span> <span class='ocrx_word' id='word_1_156' title='bbox 1304 1844 1594 1889; x_wconf 74' lang='lat' dir='ltr'>commoratio</span> <span class='ocrx_word' id='word_1_157' title='bbox 1617 1857 1702 1887; x_wconf 71' lang='lat' dir='ltr'>sex</span> <span class='ocrx_word' id='word_1_158' title='bbox 1723 1857 1943 1887; x_wconf 75' lang='lat' dir='ltr'>mensmm</span> <span class='ocrx_word' id='word_1_159' title='bbox 1967 1858 2100 1888; x_wconf 74' lang='lat' dir='ltr'>mere</span> 
     </span>
     <span class='ocr_line' id='line_1_21' title="bbox 205 1918 2097 1976; baseline -0.002 -9"><span class='ocrx_word' id='word_1_160' title='bbox 205 1923 466 1968; x_wconf 78' lang='lat' dir='ltr'>materialis</span> <span class='ocrx_word' id='word_1_161' title='bbox 497 1922 545 1966; x_wconf 91' lang='lat' dir='ltr'>in</span> <span class='ocrx_word' id='word_1_162' title='bbox 578 1921 731 1976; x_wconf 83' lang='lat' dir='ltr'>aliquo</span> <span class='ocrx_word' id='word_1_163' title='bbox 762 1921 875 1974; x_wconf 78' lang='lat' dir='ltr'>loco,</span> <span class='ocrx_word' id='word_1_164' title='bbox 909 1920 1020 1975; x_wconf 86' lang='lat' dir='ltr'>quin</span> <span class='ocrx_word' id='word_1_165' title='bbox 1052 1933 1252 1975; x_wconf 88' lang='lat' dir='ltr'>unquam</span> <span class='ocrx_word' id='word_1_166' title='bbox 1276 1919 1481 1964; x_wconf 78' lang='lat' dir='ltr'>adfuerit</span> <span class='ocrx_word' id='word_1_167' title='bbox 1504 1918 1686 1963; x_wconf 87' lang='lat' dir='ltr'>animus</span> <span class='ocrx_word' id='word_1_168' title='bbox 1707 1918 1771 1962; x_wconf 90' lang='lat' dir='ltr'>ibi</span> <span class='ocrx_word' id='word_1_169' title='bbox 1795 1919 2097 1974; x_wconf 58' lang='lat' dir='ltr'>permanendi*</span> 
     </span>
     <span class='ocr_line' id='line_1_22' title="bbox 205 1993 2101 2055; baseline -0.003 -12"><span class='ocrx_word' id='word_1_170' title='bbox 205 2013 285 2055; x_wconf 86' lang='lat' dir='ltr'>per</span> <span class='ocrx_word' id='word_1_171' title='bbox 318 1998 534 2042; x_wconf 88' lang='lat' dir='ltr'>maiorem</span> <span class='ocrx_word' id='word_1_172' title='bbox 568 1996 678 2040; x_wconf 86' lang='lat' dir='ltr'>anni</span> <span class='ocrx_word' id='word_1_173' title='bbox 711 1999 908 2052; x_wconf 88' lang='lat' dir='ltr'>partem,</span> <span class='ocrx_word' id='word_1_174' title='bbox 951 1996 1009 2038; x_wconf 90' lang='lat' dir='ltr'>ad</span> <span class='ocrx_word' id='word_1_175' title='bbox 1042 1994 1368 2050; x_wconf 86' lang='lat' dir='ltr'>acquirendum</span> <span class='ocrx_word' id='word_1_176' title='bbox 1404 1993 1837 2049; x_wconf 87' lang='lat' dir='ltr'>quasi-domicilium</span> <span class='ocrx_word' id='word_1_177' title='bbox 1871 1994 2101 2050; x_wconf 70' lang='lat' dir='ltr'>sufficiat,</span> 
     </span>
    </p>
   </div>
   <div class='ocr_carea' id='block_1_10' title="bbox 206 2069 2096 2204">
    <p class='ocr_par' dir='ltr' id='par_1_10' title="bbox 206 2069 2096 2204">
     <span class='ocr_line' id='line_1_23' title="bbox 206 2069 2096 2126; baseline -0.003 -9"><span class='ocrx_word' id='word_1_178' title='bbox 206 2088 239 2117; x_wconf 90' lang='grc'>5.</span> <span class='ocrx_word' id='word_1_179' title='bbox 277 2073 492 2117; x_wconf 83' lang='lat' dir='ltr'>Officium</span> <span class='ocrx_word' id='word_1_180' title='bbox 527 2071 739 2115; x_wconf 85' lang='lat' dir='ltr'>dirimere</span> <span class='ocrx_word' id='word_1_181' title='bbox 768 2070 934 2126; x_wconf 89' lang='lat' dir='ltr'>noluit,</span> <span class='ocrx_word' id='word_1_182' title='bbox 982 2070 1031 2113; x_wconf 94' lang='lat' dir='ltr'>in</span> <span class='ocrx_word' id='word_1_183' title='bbox 1073 2083 1180 2115; x_wconf 88' lang='lat' dir='ltr'>casu</span> <span class='ocrx_word' id='word_1_184' title='bbox 1227 2073 1384 2114; x_wconf 87' lang='lat' dir='ltr'>tamen</span> <span class='ocrx_word' id='word_1_185' title='bbox 1426 2069 1696 2125; x_wconf 81' lang='lat' dir='ltr'>particulari</span> <span class='ocrx_word' id='word_1_186' title='bbox 1740 2082 1838 2113; x_wconf 86' lang='lat' dir='ltr'>eam</span> <span class='ocrx_word' id='word_1_187' title='bbox 1880 2071 2096 2115; x_wconf 73' lang='lat' dir='ltr'>sufficere</span> 
     </span>
     <span class='ocr_line' id='line_1_24' title="bbox 207 2144 1207 2204; baseline -0.004 -13"><span class='ocrx_word' id='word_1_188' title='bbox 207 2147 472 2191; x_wconf 82' lang='lat' dir='ltr'>declaravit.</span> <span class='ocrx_word' id='word_1_189' title='bbox 536 2146 584 2190; x_wconf 77' lang='lat' dir='ltr'>S.</span> <span class='ocrx_word' id='word_1_190' title='bbox 623 2145 830 2204; x_wconf 82' lang='lat' dir='ltr'>Officium</span> <span class='ocrx_word' id='word_1_191' title='bbox 864 2145 904 2188; x_wconf 82' lang='lat'>9.</span> <span class='ocrx_word' id='word_1_192' title='bbox 938 2158 1040 2188; x_wconf 83' lang='lat' dir='ltr'>nov.</span> <span class='ocrx_word' id='word_1_193' title='bbox 1077 2144 1207 2192; x_wconf 84' lang='grc'><strong>1898.</strong></span> 
     </span>
    </p>
   </div>
   <div class='ocr_carea' id='block_1_11' title="bbox 201 2225 2139 2881">
    <p class='ocr_par' dir='ltr' id='par_1_11' title="bbox 201 2225 2139 2881">
     <span class='ocr_line' id='line_1_25' title="bbox 361 2225 2098 2285; baseline -0.003 -11"><span class='ocrx_word' id='word_1_194' title='bbox 361 2229 393 2285; x_wconf 79' lang='lat'>³)</span> <span class='ocrx_word' id='word_1_195' title='bbox 426 2229 524 2284; x_wconf 79' lang='lat' dir='ltr'>Qua</span> <span class='ocrx_word' id='word_1_196' title='bbox 557 2229 611 2273; x_wconf 90' lang='lat' dir='ltr'>de</span> <span class='ocrx_word' id='word_1_197' title='bbox 643 2242 690 2272; x_wconf 88' lang='lat' dir='ltr'>re</span> <span class='ocrx_word' id='word_1_198' title='bbox 721 2229 973 2272; x_wconf 88' lang='lat' dir='ltr'>notandum</span> <span class='ocrx_word' id='word_1_199' title='bbox 1010 2232 1079 2272; x_wconf 90' lang='lat' dir='ltr'>est</span> <span class='ocrx_word' id='word_1_200' title='bbox 1114 2229 1344 2272; x_wconf 88' lang='lat' dir='ltr'>decretum</span> <span class='ocrx_word' id='word_1_201' title='bbox 1379 2240 1413 2270; x_wconf 91' lang='grc'>5.</span> <span class='ocrx_word' id='word_1_202' title='bbox 1438 2226 1592 2271; x_wconf 84' lang='lat' dir='ltr'>Officii</span> <span class='ocrx_word' id='word_1_203' title='bbox 1626 2240 1706 2282; x_wconf 90' lang='lat' dir='ltr'>pro</span> <span class='ocrx_word' id='word_1_204' title='bbox 1740 2225 1939 2270; x_wconf 87' lang='lat' dir='ltr'>statibus</span> <span class='ocrx_word' id='word_1_205' title='bbox 1961 2227 2098 2270; x_wconf 80' lang='lat' dir='ltr'>Ame—</span> 
     </span>
     <span class='ocr_line' id='line_1_26' title="bbox 202 2302 2139 2358; baseline -0.002 -9"><span class='ocrx_word' id='word_1_206' title='bbox 202 2306 323 2349; x_wconf 86' lang='lat' dir='ltr'>ricae</span> <span class='ocrx_word' id='word_1_207' title='bbox 356 2305 687 2349; x_wconf 79' lang='lat' dir='ltr'>confoederatis</span> <span class='ocrx_word' id='word_1_208' title='bbox 720 2305 761 2347; x_wconf 83' lang='lat'>6.</span> <span class='ocrx_word' id='word_1_209' title='bbox 795 2304 905 2348; x_wconf 87' lang='lat' dir='ltr'>maii</span> <span class='ocrx_word' id='word_1_210' title='bbox 940 2304 1053 2347; x_wconf 88' lang='grc'><strong>1886</strong></span> <span class='ocrx_word' id='word_1_211' title='bbox 1098 2303 1296 2347; x_wconf 87' lang='lat' dir='ltr'>editum:</span> <span class='ocrx_word' id='word_1_212' title='bbox 1364 2303 1448 2358; x_wconf 90' lang='lat' dir='ltr'>„In</span> <span class='ocrx_word' id='word_1_213' title='bbox 1490 2302 1690 2346; x_wconf 89' lang='lat' dir='ltr'>statibus</span> <span class='ocrx_word' id='word_1_214' title='bbox 1722 2302 1959 2346; x_wconf 88' lang='lat' dir='ltr'>Americae</span> <span class='ocrx_word' id='word_1_215' title='bbox 1992 2316 2091 2345; x_wconf 83' lang='lat' dir='ltr'>con·</span> <span class='ocrx_word' id='word_1_216' title='bbox 2136 2354 2139 2356; x_wconf 15' lang='lat' dir='ltr'>q</span> 
     </span>
     <span class='ocr_line' id='line_1_27' title="bbox 203 2376 2092 2434; baseline -0.002 -12"><span class='ocrx_word' id='word_1_217' title='bbox 203 2379 453 2424; x_wconf 72' lang='lat' dir='ltr'>foederatis</span> <span class='ocrx_word' id='word_1_218' title='bbox 485 2392 531 2423; x_wconf 90' lang='lat' dir='ltr'>se</span> <span class='ocrx_word' id='word_1_219' title='bbox 564 2381 892 2423; x_wconf 76' lang='lat' dir='ltr'>transferentes</span> <span class='ocrx_word' id='word_1_220' title='bbox 925 2393 948 2423; x_wconf 94' lang='lat' dir='ltr'>e</span> <span class='ocrx_word' id='word_1_221' title='bbox 979 2379 1090 2434; x_wconf 90' lang='grc'><strong>1060,</strong></span> <span class='ocrx_word' id='word_1_222' title='bbox 1134 2378 1213 2422; x_wconf 91' lang='lat' dir='ltr'>ubi</span> <span class='ocrx_word' id='word_1_223' title='bbox 1246 2377 1376 2433; x_wconf 87' lang='lat' dir='ltr'>viget</span> <span class='ocrx_word' id='word_1_224' title='bbox 1422 2382 1560 2433; x_wconf 85' lang='lat' dir='ltr'>caput</span> <span class='ocrx_word' id='word_1_225' title='bbox 1597 2377 1810 2430; x_wconf 66' lang='lat' dir='ltr'>Tametsi,</span> <span class='ocrx_word' id='word_1_226' title='bbox 1853 2376 1903 2420; x_wconf 89' lang='lat' dir='ltr'>in</span> <span class='ocrx_word' id='word_1_227' title='bbox 1944 2376 2092 2419; x_wconf 83' lang='lat' dir='ltr'>alium-</span> 
     </span>
     <span class='ocr_line' id='line_1_28' title="bbox 203 2451 2087 2509; baseline -0.002 -12"><span class='ocrx_word' id='word_1_228' title='bbox 203 2455 366 2509; x_wconf 86' lang='lat' dir='ltr'>locum,</span> <span class='ocrx_word' id='word_1_229' title='bbox 417 2454 660 2497; x_wconf 90' lang='lat' dir='ltr'>dummodo</span> <span class='ocrx_word' id='word_1_230' title='bbox 692 2454 756 2497; x_wconf 91' lang='lat' dir='ltr'>ibi</span> <span class='ocrx_word' id='word_1_231' title='bbox 790 2454 1004 2497; x_wconf 91' lang='lat' dir='ltr'>continuo</span> <span class='ocrx_word' id='word_1_232' title='bbox 1038 2452 1305 2497; x_wconf 88' lang='lat' dir='ltr'>commorati</span> <span class='ocrx_word' id='word_1_233' title='bbox 1337 2452 1512 2496; x_wconf 79' lang='lat' dir='ltr'>fuerint</span> <span class='ocrx_word' id='word_1_234' title='bbox 1556 2464 1636 2507; x_wconf 88' lang='lat' dir='ltr'>per</span> <span class='ocrx_word' id='word_1_235' title='bbox 1685 2451 1887 2507; x_wconf 87' lang='lat' dir='ltr'>spatium</span> <span class='ocrx_word' id='word_1_236' title='bbox 1922 2451 2087 2494; x_wconf 88' lang='lat' dir='ltr'>saltem</span> 
     </span>
     <span class='ocr_line' id='line_1_29' title="bbox 202 2525 2094 2584; baseline -0.003 -11"><span class='ocrx_word' id='word_1_237' title='bbox 202 2529 339 2573; x_wconf 85' lang='lat' dir='ltr'>unius</span> <span class='ocrx_word' id='word_1_238' title='bbox 371 2528 544 2584; x_wconf 89' lang='lat' dir='ltr'>integri</span> <span class='ocrx_word' id='word_1_239' title='bbox 577 2528 759 2584; x_wconf 83' lang='lat' dir='ltr'>mensis,</span> <span class='ocrx_word' id='word_1_240' title='bbox 800 2528 1044 2572; x_wconf 87' lang='lat' dir='ltr'>censendos</span> <span class='ocrx_word' id='word_1_241' title='bbox 1089 2541 1185 2572; x_wconf 84' lang='lat' dir='ltr'>esse</span> <span class='ocrx_word' id='word_1_242' title='bbox 1225 2527 1396 2571; x_wconf 90' lang='lat' dir='ltr'>ibidem</span> <span class='ocrx_word' id='word_1_243' title='bbox 1439 2525 1606 2571; x_wconf 86' lang='lat' dir='ltr'>habere</span> <span class='ocrx_word' id='word_1_244' title='bbox 1651 2525 2094 2581; x_wconf 85' lang='lat' dir='ltr'>quasi-domicilium.</span> 
     </span>
     <span class='ocr_line' id='line_1_30' title="bbox 202 2599 2089 2658; baseline -0.002 -12"><span class='ocrx_word' id='word_1_245' title='bbox 202 2603 250 2646; x_wconf 91' lang='lat' dir='ltr'>in</span> <span class='ocrx_word' id='word_1_246' title='bbox 285 2603 442 2647; x_wconf 87' lang='lat' dir='ltr'>ordine</span> <span class='ocrx_word' id='word_1_247' title='bbox 475 2604 533 2647; x_wconf 87' lang='lat' dir='ltr'>ad</span> <span class='ocrx_word' id='word_1_248' title='bbox 565 2603 927 2658; x_wconf 81' lang='lat' dir='ltr'>matrimonium,</span> <span class='ocrx_word' id='word_1_249' title='bbox 970 2603 1080 2658; x_wconf 87' lang='lat' dir='ltr'>quin</span> <span class='ocrx_word' id='word_1_250' title='bbox 1122 2602 1363 2657; x_wconf 87' lang='lat' dir='ltr'>inquisitio</span> <span class='ocrx_word' id='word_1_251' title='bbox 1406 2601 1619 2646; x_wconf 78' lang='lat' dir='ltr'>facienda</span> <span class='ocrx_word' id='word_1_252' title='bbox 1652 2600 1714 2644; x_wconf 88' lang='lat' dir='ltr'>sit</span> <span class='ocrx_word' id='word_1_253' title='bbox 1749 2601 1802 2644; x_wconf 89' lang='lat' dir='ltr'>de</span> <span class='ocrx_word' id='word_1_254' title='bbox 1836 2600 1989 2644; x_wconf 88' lang='lat' dir='ltr'>animo</span> <span class='ocrx_word' id='word_1_255' title='bbox 2021 2599 2089 2643; x_wconf 90' lang='lat' dir='ltr'>ibi</span> 
     </span>
     <span class='ocr_line' id='line_1_31' title="bbox 203 2673 2086 2734; baseline -0.003 -12"><span class='ocrx_word' id='word_1_256' title='bbox 203 2679 499 2733; x_wconf 87' lang='lat' dir='ltr'>permanendi</span> <span class='ocrx_word' id='word_1_257' title='bbox 533 2692 612 2734; x_wconf 87' lang='lat' dir='ltr'>per</span> <span class='ocrx_word' id='word_1_258' title='bbox 644 2678 860 2722; x_wconf 89' lang='lat' dir='ltr'>maiorem</span> <span class='ocrx_word' id='word_1_259' title='bbox 893 2677 1002 2721; x_wconf 89' lang='lat' dir='ltr'>anni</span> <span class='ocrx_word' id='word_1_260' title='bbox 1035 2677 1260 2733; x_wconf 90' lang='lat' dir='ltr'>partem.“</span> <span class='ocrx_word' id='word_1_261' title='bbox 1323 2677 1378 2720; x_wconf 90' lang='lat' dir='ltr'>Id</span> <span class='ocrx_word' id='word_1_262' title='bbox 1425 2689 1531 2732; x_wconf 88' lang='lat' dir='ltr'>ergo</span> <span class='ocrx_word' id='word_1_263' title='bbox 1575 2675 1698 2719; x_wconf 88' lang='lat' dir='ltr'>hisce</span> <span class='ocrx_word' id='word_1_264' title='bbox 1733 2688 1990 2719; x_wconf 88' lang='lat' dir='ltr'>concessum</span> <span class='ocrx_word' id='word_1_265' title='bbox 2023 2673 2086 2718; x_wconf 88' lang='lat' dir='ltr'>vi—</span> 
     </span>
     <span class='ocr_line' id='line_1_32' title="bbox 203 2749 2093 2807; baseline -0.002 -12"><span class='ocrx_word' id='word_1_266' title='bbox 203 2753 351 2807; x_wconf 90' lang='lat' dir='ltr'>detur,</span> <span class='ocrx_word' id='word_1_267' title='bbox 384 2757 438 2796; x_wconf 89' lang='lat' dir='ltr'>ut</span> <span class='ocrx_word' id='word_1_268' title='bbox 470 2752 518 2796; x_wconf 93' lang='lat' dir='ltr'>in</span> <span class='ocrx_word' id='word_1_269' title='bbox 552 2752 751 2796; x_wconf 84' lang='lat' dir='ltr'>statibus</span> <span class='ocrx_word' id='word_1_270' title='bbox 783 2751 1019 2795; x_wconf 86' lang='lat' dir='ltr'>Americae</span> <span class='ocrx_word' id='word_1_271' title='bbox 1050 2750 1299 2795; x_wconf 77' lang='lat' dir='ltr'>foederatis</span> <span class='ocrx_word' id='word_1_272' title='bbox 1331 2750 1560 2794; x_wconf 88' lang='lat' dir='ltr'>habitatio</span> <span class='ocrx_word' id='word_1_273' title='bbox 1594 2763 1674 2805; x_wconf 89' lang='lat' dir='ltr'>per</span> <span class='ocrx_word' id='word_1_274' title='bbox 1706 2749 1941 2805; x_wconf 86' lang='lat' dir='ltr'>integrum</span> <span class='ocrx_word' id='word_1_275' title='bbox 1966 2761 2093 2792; x_wconf 77' lang='lat' dir='ltr'>men-</span> 
     </span>
     <span class='ocr_line' id='line_1_33' title="bbox 201 2824 1877 2881; baseline -0.001 -12"><span class='ocrx_word' id='word_1_276' title='bbox 201 2839 295 2870; x_wconf 86' lang='lat' dir='ltr'>sem</span> <span class='ocrx_word' id='word_1_277' title='bbox 331 2827 387 2869; x_wconf 85' lang='lat' dir='ltr'>ad</span> <span class='ocrx_word' id='word_1_278' title='bbox 423 2826 746 2881; x_wconf 85' lang='lat' dir='ltr'>acquirendum</span> <span class='ocrx_word' id='word_1_279' title='bbox 782 2825 1062 2869; x_wconf 86' lang='lat' dir='ltr'>domicilium</span> <span class='ocrx_word' id='word_1_280' title='bbox 1099 2829 1307 2881; x_wconf 86' lang='lat' dir='ltr'>respectu</span> <span class='ocrx_word' id='word_1_281' title='bbox 1340 2824 1624 2869; x_wconf 88' lang='lat' dir='ltr'>matrimonii</span> <span class='ocrx_word' id='word_1_282' title='bbox 1659 2824 1877 2868; x_wconf 85' lang='lat' dir='ltr'>sufficiat.</span> 
     </span>
    </p>
   </div>
   <div class='ocr_carea' id='block_1_12' title="bbox 962 3079 1315 3093">
    <p class='ocr_par' dir='ltr' id='par_1_12' title="bbox 962 3079 1315 3093">
     <span class='ocr_line' id='line_1_34' title="bbox 962 3079 1315 3093; baseline 0 -1"><span class='ocrx_word' id='word_1_283' title='bbox 962 3079 1264 3093; x_wconf 52' lang='lat' dir='ltr'>ww</span> <span class='ocrx_word' id='word_1_284' title='bbox 1267 3079 1315 3093; x_wconf 66' lang='lat' dir='ltr'>..fx</span> 
     </span>
    </p>
   </div>
  </div>
 </body>
</html>
