2269 3898
672 142 738 185 De
767 140 1096 185 revalidatione
1126 141 1419 186 matrimonii.
1900 145 1983 187 177

115 274 318 328 tinuant,
373 272 713 316 matrimonium
767 287 856 316 non
909 274 1248 317 convalidatur:
1312 275 1370 318 ad
1423 278 1803 322 convalidandum
1858 280 1975 323 enim

117 347 458 390 matrimonium
480 346 729 401 requiritur
752 360 991 390 consensus
1023 361 1166 390 novus
1199 362 1226 391 a
1259 349 1404 403 priore
1438 350 1705 403 distinctus;
1741 353 1869 407 atqui
1901 367 1979 408 per

117 421 241 464 vitae
273 420 525 475 coniugalis
557 420 943 463 continuationem
976 428 1220 464 renovatur
1265 422 1445 476 quidem
1478 424 1701 479 implicite
1733 427 1854 481 prior
1886 440 1980 470 con-

118 508 272 538 sensus
321 494 554 537 moraliter
603 493 749 536 adhuc
796 495 1059 548 perdurans,
1108 501 1157 537 at
1203 508 1292 538 non
1339 496 1526 551 ponitur
1571 512 1715 542 novus
1763 515 1788 543 a
1835 500 1980 555 priore

116 568 283 611 vitiato
338 567 596 610 distinctus.
661 567 727 609 De
779 567 862 610 hac
916 568 1191 612 resolutione
1250 569 1340 611 iam
1395 570 1594 614 dubitari
1646 574 1818 628 nequit,
1881 587 1979 616 cum

117 641 163 684 S.
203 642 408 698 Officium
441 642 510 683 31.
545 654 649 695 aug.
686 641 800 683 1887
843 641 1109 696 coniugibus
1154 642 1200 684 in
1234 642 1316 685 hoc
1359 657 1463 686 casu
1506 649 1779 699 pot-estatem
1822 647 1981 690 fecerit

117 716 174 759 ad
207 715 321 758 alias
353 714 541 770 nuptias
575 715 855 769 transeundi,
888 718 1069 769 praevio
1103 715 1373 771 iuramento,
1407 731 1492 771 quo
1528 719 1793 774 declaretur,
1828 721 1980 764 matri-

116 789 317 833 monium
350 803 440 832 non
472 789 614 832 fuisse
658 789 713 831 ab
745 789 905 832 iisdem
946 789 1072 832 illius
1116 789 1379 833 nullitatem
1423 792 1667 835 scientibus
1700 795 1979 838 ratificatum

114 864 162 907 in
195 864 304 918 loco,
335 862 413 906 ubi
445 862 747 906 tridentinum
779 876 868 905 non
900 862 1071 918 vigeat.

267 953 314 1004 2.
374 951 431 1004 Si
485 951 707 1003 nullitas
759 954 1096 1003 matrimonii
1143 953 1355 1022 publice
1396 963 1521 1006 nota
1562 965 1641 1007 est
1682 966 1732 1007 et
1774 966 1978 1009 contra-

117 1043 308 1094 hentes
360 1060 471 1092 non
521 1048 759 1092 renuunt
811 1040 1031 1110 publice
1086 1060 1141 1092 se
1197 1044 1384 1095 sistere
1429 1062 1608 1096 coram
1650 1045 1887 1114 parocho
1931 1055 1982 1097 et

116 1130 364 1196 testibus,
421 1148 722 1182 consensus
775 1129 995 1198 publice
1048 1135 1303 1183 renovari
1359 1132 1522 1184 debet
1577 1134 1646 1185 ad
1700 1153 1978 1185 removen-

119 1219 249 1271 dum
308 1219 662 1285 scandalum3
718 1219 913 1288 quodsi
973 1220 1194 1271 nullitas
1251 1222 1587 1273 matrimonii
1638 1223 1838 1275 occulta
1886 1231 1980 1289 est,

118 1309 337 1375 sufficit,
394 1317 452 1359 ut
506 1326 688 1359 coram
742 1309 981 1377 parocho
1037 1318 1089 1360 et
1131 1308 1346 1361 duobus
1387 1312 1618 1363 testibus
1659 1319 1863 1364 secreto
1905 1330 1981 1363 re·

116 1406 351 1449 novetur
393 1415 691 1449 consensus
740 1397 809 1448 ad
851 1398 1294 1466 praecavendam
1340 1400 1634 1467 coniugum
1676 1401 1979 1453 infamiam.

264 1501 519 1544 Pnblz'citas
565 1501 871 1544 renovationis
923 1502 1315 1546 maiorvminorve
1370 1516 1464 1546 esse
1511 1508 1675 1558 potest.
1741 1504 1982 1559 Supremus

116 1576 285 1630 gradus
329 1575 614 1630 publicitatis
646 1575 852 1629 habetur,
898 1575 935 1618 si
977 1576 1237 1630 praemissis
1282 1576 1507 1619 consuetis
1552 1578 1982 1631 proclamationibus

114 1650 349 1693 renovatio
393 1651 449 1693 fit
492 1650 643 1704 palam
687 1649 735 1692 in
769 1649 954 1692 ecclesia
995 1663 1141 1692 coram
1186 1651 1378 1704 parocho
1422 1655 1466 1693 et
1510 1651 1719 1694 testibus.
1783 1653 1842 1695 Et
1876 1653 1984 1696 haec

118 1724 299 1779 quidem
322 1723 567 1779 publicitas
591 1736 670 1778 per
703 1736 749 1766 se
770 1723 1021 1766 necessaria
1054 1730 1138 1777 est,
1170 1724 1247 1766 ubi
1280 1724 1470 1767 nullitas
1493 1726 1773 1769 matrimonii
1806 1727 1984 1771 notoria

116 1798 275 1842 evasit.
341 1797 387 1840 Si
421 1802 575 1841 tamen
609 1797 889 1840 sufficientes
932 1798 1131 1840 rationes
1164 1798 1381 1841 minorem
1427 1798 1742 1853 publicitatem
1777 1802 1981 1854 suadent,

116 1873 211 1928 peti
246 1877 397 1927 potest
432 1871 710 1926 dispensatio
744 1885 770 1914 a
802 1872 1234 1926 proclamationibus
1268 1879 1313 1914 et-
1345 1873 1578 1916 renovatio
1613 1888 1852 1918 consensus
1884 1876 1983 1919 fieri

117 1954 269 2003 potest
302 1947 374 1990 vel
416 1947 465 1989 in
497 1945 683 1989 aedibus
716 1945 1049 2000 parochialibus
1083 1947 1155 1989 vel
1188 1947 1234 1989 in
1270 1947 1399 1989 domo
1433 1960 1694 2001 sponsorum
1731 1963 1876 1993 coram
1910 1964 1982 2005 pa·

114 2022 246 2064 rocho
279 2021 407 2064 nulla
439 2027 565 2064 veste
598 2034 723 2063 sacra
755 2021 917 2064 induto
951 2026 996 2064 et
1031 2020 1203 2064 duobus
1238 2021 1446 2076 testibus,
1480 2023 1556 2076 qui
1589 2024 1980 2079 revalidationem,

116 2096 152 2139 si
191 2109 302 2151 opus
334 2095 489 2150 fuerit,
522 2096 811 2150 promulgare
844 2099 1074 2150 poterunt.

265 2201 311 2252 3.
371 2200 428 2252 Si
483 2208 578 2251 aut
626 2208 857 2269 utraque
911 2207 1006 2250 aut
1060 2198 1320 2251 alterutra
1361 2219 1488 2269 pars
1529 2200 1732 2252 adduci
1775 2204 1980 2272 nequit,

114 2298 173 2341 ut
225 2290 296 2341 ad
350 2288 733 2340 renovandum
778 2307 1107 2340 consensum
1150 2307 1333 2340 coram
1374 2290 1615 2358 parocho
1659 2299 1711 2341 et
1750 2291 1981 2343 testibus

117 2387 448 2448 compareat,
491 2379 547 2429 in
590 2377 739 2429 hunc
781 2377 1005 2429 modum
1048 2379 1326 2446 agendum
1369 2386 1475 2430 est:

265 2504 314 2538 α.
369 2483 424 2535 Si
480 2502 589 2534 una
630 2502 769 2552 pars
816 2490 1031 2533 tantum
1088 2484 1270 2534 renuit
1311 2500 1626 2552 comparere
1669 2502 1851 2535 coram
1893 2503 1981 2554 pa-

113 2572 278 2625 rocho
323 2581 376 2624 et
414 2571 661 2638 testibus,
718 2572 1026 2623 curandum
1083 2580 1176 2638 est,
1234 2580 1292 2623 ut
1333 2590 1396 2623 ea
1436 2590 1532 2641 per
1573 2582 1980 2641 procuratorem

115 2661 204 2713 vel
257 2660 544 2730 epistolam
601 2662 865 2713 directam
920 2661 990 2713 ad
1043 2680 1186 2724 eum,
1231 2663 1324 2730 qui
1367 2661 1433 2712 de
1475 2663 1592 2712 iure
1633 2663 1980 2714 matrimonio

115 2752 335 2817 assistit,
390 2768 718 2802 consensum
772 2769 931 2802 suum
988 2768 1168 2801 coram
1222 2749 1462 2819 parocho
1518 2759 1570 2802 et
1622 2750 1852 2802 testibus
1894 2769 1981 2802 ex-

115 2842 342 2910 primat3
402 2839 596 2909 quodsi
651 2858 720 2891 ne
761 2840 908 2891 istud
963 2841 1187 2909 quidem
1245 2838 1480 2891 obtineri
1533 2841 1718 2908 possit,
1769 2841 1981 2892 sanatio

115 2931 453 2982 matrimonii
481 2931 538 2981 in
565 2929 753 2981 radice
778 2929 1019 2998 petenda
1047 2938 1141 2996 est,
1186 2928 1347 2980 modo
1385 2936 1609 2991 constet,
1655 2947 1980 2980 consensum

115 3018 579 3071 matrimonialem
622 3036 731 3069 non
772 3017 940 3069 fuisse
983 3025 1321 3070 revocatum.

266 3123 310 3175 b.
367 3122 423 3175 Si
476 3131 696 3192 ‘tetraque
740 3141 878 3193 pars
928 3123 1111 3174 renuit
1161 3139 1475 3191 comparere
1518 3139 1700 3173 coram
1741 3121 1980 3191 parocho

117 3223 170 3265 et
209 3211 457 3279 testibus,
500 3212 639 3263 nihil
679 3212 796 3263 fieri
838 3219 1029 3280 potest,
1073 3212 1179 3262 nisi
1221 3210 1368 3280 quod
1409 3229 1597 3279 preces
1632 3228 1729 3280 pro
1760 3218 1982 3261 aeterna

119 3321 305 3355 eorum
348 3301 523 3354 salute
564 3300 894 3352 fundantur:
937 3318 1033 3370 pro
1076 3301 1143 3351 iis
1184 3300 1350 3365 enim,
1393 3300 1585 3369 quiin
1626 3298 1772 3366 leges
1814 3296 1979 3348 eccle-

119 3393 230 3444 siae
273 3398 624 3442 contumaces
665 3397 807 3456 sunt,
857 3407 967 3441 non
1009 3396 1089 3441 est
1129 3388 1364 3459 petenda
1407 3390 1585 3458 gratia
1627 3386 1984 3455 dispensatio·

118 3483 204 3533 nis
245 3500 340 3533 seu
382 3480 682 3532 sanationis
723 3481 779 3530 in
819 3478 1020 3532 radice.

208 3586 407 3625 Noldin,
429 3586 487 3616 De
511 3585 766 3617 matrimonio.
1751 3565 1804 3607 Γ.)
