2269 3898
520 126 585 168 De
619 125 1032 180 dispensationibus
1065 125 1490 169 matrimonialibus.
1859 130 1943 172 145

224 261 271 311 1.
318 260 523 310 Nomen
576 267 623 309 et
677 277 953 327 coynomen
995 267 1277 324 oratorum,
1337 271 1628 329 utrumque
1687 261 1942 315 distincte

80 366 145 398 ac
185 347 358 398 nitide
412 365 476 397 ac
519 348 635 397 sine
677 346 787 397 ulla
840 347 1142 397 lit-terarum
1202 345 1618 399 abbreviatione
1660 352 1940 419 scriptum.

223 435 462 478 Oratorum
515 433 773 477 nominibus
824 435 1034 477 additur:
1078 449 1118 477 a.
1161 438 1290 478 aetas
1330 435 1424 478 sive
1465 449 1529 490 eo,
1572 438 1689 491 quod
1731 453 1944 484 numerus

73 523 292 552 annorum
326 509 421 552 sive
454 522 518 562 eo,
572 508 689 562 quod
725 508 818 551 dies
867 508 1034 551 mensis
1086 514 1132 551 et
1185 523 1330 552 annus
1381 509 1646 554 nativitatis
1700 512 1944 570 indicatur,

72 583 279 637 quamvis
331 583 378 625 id
430 582 729 625 necessarium
763 595 853 624 non
906 582 981 636 sit,
1034 582 1121 625 nisi
1171 587 1297 626 aetas
1345 583 1406 625 sit
1453 597 1587 627 causa
1632 586 1942 641 dispensandi,-

74 657 110 699 b.
145 657 362 700 dioecesis
394 656 584 711 originis
617 657 689 699 vel
722 658 917 700 actualis
951 657 1168 700 domicilii
1209 662 1289 699 aut
1340 658 1730 711 quasi-domicilii:
1777 663 1943 706 etenim

74 731 110 773 si
144 731 318 785 petitur
352 729 632 786 dispensatio
656 744 735 784 pro
758 732 854 774 foro
879 735 1077 785 externo,
1111 731 1315 774 executio
1341 731 1692 786 dispensationis
1717 737 1944 780 committi

73 805 186 847 solet
220 804 459 847 ordinario.
526 803 693 856 Quodsi
727 804 902 858 petitur
947 805 1225 860 dispensatio
1266 819 1344 859 pro
1384 807 1481 848 foro
1521 805 1721 862 interno,
1765 811 1946 854 reticito

71 879 252 921 nomine
285 878 512 933 dioecesis,
544 877 775 920 indicatur
807 884 989 921 tantum
1024 879 1185 933 lingua
1229 881 1471 922 vernacula
1517 881 1654 936 locus,
1709 883 1766 926 ad
1814 898 1944 938 quem

73 953 300 995 mittenda
333 957 400 995 est
435 953 726 1007 dispensatio.

223 1043 270 1094 2.
313 1044 744 1112 Impeclc‘mentu-nz
786 1061 872 1093 seu-
912 1044 1284 1112 impedimenta
1326 1046 1383 1095 in
1423 1046 1603 1113 infima
1644 1066 1740 1098 succ
1781 1051 1946 1118 specie

75 1132 566 1199 (consanguinitas7
623 1131 880 1197 affinitas,
937 1132 1160 1201 publica
1202 1133 1458 1184 honestas
1499 1137 1624 1200 etc.)
1682 1155 1806 1188 cum
1849 1140 1944 1189 cir-

73 1221 390 1271 cumstantia
434 1221 804 1289 impedimenti,
867 1240 1006 1290 quae
1049 1222 1234 1288 efficit,
1293 1232 1353 1274 ut
1403 1223 1620 1275 facilius
1675 1225 1762 1277 vel
1807 1227 1944 1278 diffi-

74 1307 231 1359 cilius
274 1309 635 1377 dispensetur.
1135 1324 1138 1326 ’

223 1426 262 1454 a.
298 1412 346 1455 In
365 1414 770 1469 conscmfflzinitates.
795 1415 1023 1470 affinitate
1046 1419 1089 1457 et
1113 1414 1348 1457 honestate
1370 1415 1640 1460 indicandus
1668 1423 1736 1460 est
1754 1420 1948 1474 ffl’adns)

73 1490 228 1528 utrum
263 1487 433 1540 gradus
466 1486 529 1529 sit
562 1487 754 1542 simplex
787 1502 844 1531 an
877 1487 1066 1542 mixtus,
1098 1489 1268 1543 gradus
1290 1490 1505 1533 remotior
1530 1497 1611 1533 aut
1633 1491 1946 1548 propinqui01‘3

73 1561 319 1604 indicanda
352 1566 421 1604 est
452 1561 587 1616 linea,
620 1568 774 1605 utrum
811 1563 872 1605 sit
904 1567 1027 1605 recta
1060 1577 1117 1606 an
1150 1568 1423 1606 transversa.

223 1635 260 1676 b.
294 1634 343 1677 In
377 1636 621 1691 affinitate,
654 1643 810 1678 utrum
847 1641 946 1679 orta
979 1638 1040 1679 sit
1074 1651 1127 1680 ex
1145 1639 1305 1692 copula
1329 1638 1459 1682 licita
1481 1653 1539 1681 an
1561 1652 1665 1682 vero
1690 1654 1742 1683 ex
1766 1642 1947 1687 illicita.

221 1724 254 1752 c.
289 1709 342 1751 In
374 1709 608 1752 honestate
631 1710 829 1765 publica,
863 1716 1019 1754 utrum
1054 1725 1108 1754 ex
1140 1712 1433 1755 matrimonio
1466 1717 1566 1756 rato
1614 1728 1672 1757 an
1722 1729 1775 1759 ex
1824 1731 1948 1772 spon-

73 1782 242 1826 salibus
277 1787 375 1826 orta
409 1783 483 1826 sit.
550 1784 593 1826 Si
627 1783 1022 1840 impedimentum,
1057 1787 1176 1840 quod
1225 1787 1508 1830 rarissimum
1558 1793 1641 1843 est,
1691 1803 1744 1833 ex
1792 1794 1949 1835 matri—

72 1858 217 1900 monio
251 1861 352 1900 rato
398 1857 558 1913 oritur,
608 1859 796 1913 sufficit,
845 1864 898 1902 ut
945 1861 1115 1915 gradus
1159 1861 1374 1904 remotior
1422 1862 1585 1905 omisso
1633 1865 1951 1920 propinquiore

74 1932 324 1982 indicetur;
360 1931 398 1975 si
435 1946 491 1974 ex
523 1933 810 1988 sponsalibus
845 1934 1003 1988 oritur,
1039 1935 1357 1978 declarandum
1392 1941 1475 1990 est,
1508 1951 1616 1980 num
1652 1943 1697 1981 et
1730 1942 1949 1995 quomodo

79 2007 229 2049 soluta
263 2006 369 2049 sint.

222 2081 262 2123 d.
297 2081 347 2123 ln
391 2082 652 2136 coynast'one
698 2082 933 2136 spirituali
984 2082 1327 2137 exprimendum
1387 2090 1469 2139 est,
1522 2090 1677 2129 utrum
1730 2088 1952 2133 habeatur

74 2155 331 2210 paternitas
364 2169 421 2198 an
455 2156 811 2210 compaternitas
843 2162 889 2199 et
920 2162 1075 2199 utrum
1110 2158 1365 2211 paternitas
1399 2168 1499 2203 orta
1530 2160 1592 2203 sit
1625 2174 1679 2204 ex
1712 2163 1951 2208 collatione

75 2230 346 2273 sacramenti
380 2244 438 2273 an
470 2243 575 2273 vero
610 2244 664 2273 ex
697 2244 882 2274 munere
915 2232 1102 2285 patrini.

225 2318 259 2346 e.
293 2305 347 2346 In
379 2304 706 2358 impedimento
744 2306 951 2348 criminis
982 2310 1136 2348 utrum
1186 2306 1353 2350 crimen
1401 2317 1593 2364 utroque
1638 2325 1695 2354 an
1744 2325 1831 2355 uno
1880 2314 1951 2356 vel

73 2384 234 2421 neutro
268 2383 481 2433 patrante
515 2379 802 2422 commissum
838 2380 912 2422 sit.

214 2454 257 2509 f.
291 2455 514 2496 Accurate
546 2453 818 2496 indicandus
863 2460 932 2497 est
976 2455 1113 2498 etiam
1159 2470 1378 2499 numerus
1410 2458 1825 2513 z'r'npedimelatorum
1860 2475 1949 2505 non

75 2528 219 2569 solum
255 2527 459 2570 diversae
493 2528 570 2570 sed
604 2528 743 2570 etiam
779 2528 977 2571 eiusdem
1014 2530 1190 2584 speciei.
1256 2530 1300 2573 Si
1335 2544 1369 2574 e.
1395 2544 1439 2586 g.
1463 2545 1627 2587 sponsa
1651 2547 1749 2577 cum
1776 2535 1950 2579 duobus

75 2601 297 2643 fratribus
340 2601 510 2655 proprii
556 2602 708 2657 sponsi
751 2603 955 2657 copulam
998 2603 1174 2659 habuit,
1218 2606 1448 2648 contrahit
1496 2607 1720 2661 duplicem
1765 2623 1952 2653 numero

79 2675 374 2729 affinitatem,
410 2689 522 2729 quae
554 2676 602 2719 in
635 2676 789 2720 libello
823 2677 1016 2732 supplici
1049 2682 1242 2733 utraque
1275 2680 1568 2734 exprimenda
1601 2688 1681 2725 est.

224 2762 267 2804 q.
302 2749 488 2792 Praeter
518 2749 848 2804 impedimenta
884 2751 1147 2795 dirimentia
1179 2753 1422 2796 indicanda
1457 2759 1564 2797 sunt
1596 2756 1735 2799 etiam
1771 2757 1952 2812 impedi-

75 2826 223 2865 menta
260 2823 566 2878 vnpeclientia,
600 2825 808 2878 quamvis
841 2826 1075 2880 episcopus
1108 2827 1155 2869 in
1188 2827 1244 2870 iis
1279 2828 1538 2883 dispensare
1569 2831 1714 2885 possit
1747 2837 1828 2874 aut
1859 2831 1950 2874 iam

78 2897 429 2952 dispensaverit:
483 2898 520 2940 si
555 2898 674 2941 enim
725 2913 824 2942 cum
873 2900 1200 2955 impedimento
1235 2902 1492 2950 {dirimente
1540 2905 1675 2947 simul
1724 2905 1950 2948 concurrit

75 2971 327 3026 impediens
360 2984 395 3014 e.
430 2985 474 3026 g.
507 2971 680 3016 mixtae
713 2973 964 3028 religionis,
997 2976 1140 3018 multo
1177 2976 1414 3020 difficilius
1446 2978 1493 3021 in
1529 2978 1771 3022 dirimente
1805 2993 1950 3023 conce-

79 3045 203 3088 ditur
237 3046 528 3100 dispensatio.

228 3195 362 3237 Nota
395 3196 436 3238 1.
500 3195 617 3238 Olim
654 3209 706 3238 ex
741 3196 881 3239 variis
916 3198 1107 3241 decretis
1151 3206 1195 3241 et
1239 3199 1619 3244 instructionibus
1660 3216 1947 3244 romanarum

79 3268 483 3323 congregationum
517 3269 574 3312 ad
607 3269 899 3313 validitatem
936 3271 1288 3326 dispensationis
1323 3274 1515 3328 exprimi
1564 3275 1754 3318 debebat
1796 3276 1952 3331 copula

79 3343 332 3386 incestuosa
365 3342 525 3386 habita
546 3343 668 3387 inter
690 3358 875 3399 sponsos
899 3350 1005 3388 ante
1029 3347 1380 3401 dispensationis
1414 3349 1737 3403 executionem,
1771 3349 1951 3392 etiamsi

79 3416 178 3470 ipsa
211 3417 371 3470 copula
409 3416 668 3460 incestuosa
699 3432 789 3461 non
820 3419 962 3462 fuerit
996 3433 1130 3462 causa
1163 3421 1471 3476 dispensandi.
1534 3423 1661 3465 Nunc
1693 3436 1798 3466 vero
1831 3423 1952 3466 abro—

80 3490 204 3544 gatis
238 3490 358 3533 hisce
392 3491 584 3534 statutis
617 3505 695 3546 per
729 3493 957 3537 decretum
990 3508 1026 3536 s.
1072 3495 1224 3551 Officii
1263 3496 1333 3540 ⁶25.
1367 3496 1459 3539 iun.
1495 3496 1623 3551 1885,
1673 3497 1952 3552 dispensatio

169 3581 200 3612 N
216 3581 261 3611 ol
281 3582 303 3611 d
318 3582 329 3611 i
342 3591 389 3621 n,
418 3582 474 3612 De
498 3583 754 3616 matrimonio.
1747 3589 1755 3593 ’
1778 3572 1832 3614 10
