<?xml version="1.0" encoding="UTF-8"?>
<!DOCTYPE html PUBLIC "-//W3C//DTD XHTML 1.0 Transitional//EN"
    "http://www.w3.org/TR/xhtml1/DTD/xhtml1-transitional.dtd">
<html xmlns="http://www.w3.org/1999/xhtml" xml:lang="en" lang="en">
 <head>
  <title>
</title>
<meta http-equiv="Content-Type" content="text/html;charset=utf-8" />
  <meta name='ocr-system' content='tesseract 3.04.00' />
  <meta name='ocr-capabilities' content='ocr_page ocr_carea ocr_par ocr_line ocrx_word'/>
</head>
<body>
  <div class='ocr_page' id='page_1' title='image "./summatheologiaem00nold_0169.png"; bbox 0 0 2269 3898; ppageno 0'>
   <div class='ocr_carea' id='block_1_1' title="bbox 779 67 1984 124">
    <p class='ocr_par' dir='ltr' id='par_1_1' title="bbox 779 67 1984 124">
     <span class='ocr_line' id='line_1_1' title="bbox 779 67 1984 124; baseline 0.002 -14"><span class='ocrx_word' id='word_1_1' title='bbox 779 68 845 110; x_wconf 92' lang='lat' dir='ltr'>De</span> <span class='ocrx_word' id='word_1_2' title='bbox 879 67 1158 123; x_wconf 88' lang='lat' dir='ltr'>obligatione</span> <span class='ocrx_word' id='word_1_3' title='bbox 1190 69 1318 124; x_wconf 84' lang='lat' dir='ltr'>legis.</span> <span class='ocrx_word' id='word_1_4' title='bbox 1901 73 1984 115; x_wconf 69' lang='lat'>159</span> 
     </span>
    </p>
   </div>
   <div class='ocr_carea' id='block_1_2' title="bbox 113 199 1985 328">
    <p class='ocr_par' dir='ltr' id='par_1_2' title="bbox 113 199 1985 328">
     <span class='ocr_line' id='line_1_2' title="bbox 113 199 1985 258; baseline 0.003 -15"><span class='ocrx_word' id='word_1_5' title='bbox 113 199 196 243; x_wconf 91' lang='lat' dir='ltr'>sub</span> <span class='ocrx_word' id='word_1_6' title='bbox 228 199 359 254; x_wconf 82' lang='lat' dir='ltr'>gravi</span> <span class='ocrx_word' id='word_1_7' title='bbox 392 199 489 243; x_wconf 89' lang='lat' dir='ltr'>sine</span> <span class='ocrx_word' id='word_1_8' title='bbox 522 199 657 243; x_wconf 89' lang='lat' dir='ltr'>dubio</span> <span class='ocrx_word' id='word_1_9' title='bbox 689 200 863 255; x_wconf 89' lang='lat' dir='ltr'>imponi</span> <span class='ocrx_word' id='word_1_10' title='bbox 896 205 1069 255; x_wconf 85' lang='lat' dir='ltr'>potest:</span> <span class='ocrx_word' id='word_1_11' title='bbox 1106 202 1167 245; x_wconf 84' lang='lat' dir='ltr'>sic</span> <span class='ocrx_word' id='word_1_12' title='bbox 1202 216 1341 257; x_wconf 79' lang='lat' dir='ltr'>grave</span> <span class='ocrx_word' id='word_1_13' title='bbox 1365 207 1448 258; x_wconf 86' lang='lat' dir='ltr'>est,</span> <span class='ocrx_word' id='word_1_14' title='bbox 1482 203 1519 246; x_wconf 89' lang='lat' dir='ltr'>si</span> <span class='ocrx_word' id='word_1_15' title='bbox 1545 203 1773 248; x_wconf 86' lang='lat' dir='ltr'>celebrans</span> <span class='ocrx_word' id='word_1_16' title='bbox 1797 204 1985 248; x_wconf 85' lang='lat' dir='ltr'>omittat</span> 
     </span>
     <span class='ocr_line' id='line_1_3' title="bbox 115 273 1101 328; baseline 0.001 -11"><span class='ocrx_word' id='word_1_17' title='bbox 115 273 355 317; x_wconf 76' lang='lat' dir='ltr'>infundere</span> <span class='ocrx_word' id='word_1_18' title='bbox 384 273 614 321; x_wconf 87' lang='lat' dir='ltr'>modicum</span> <span class='ocrx_word' id='word_1_19' title='bbox 648 287 791 328; x_wconf 81' lang='lat' dir='ltr'>aquae</span> <span class='ocrx_word' id='word_1_20' title='bbox 823 274 870 317; x_wconf 89' lang='lat' dir='ltr'>in</span> <span class='ocrx_word' id='word_1_21' title='bbox 905 275 1101 319; x_wconf 85' lang='lat' dir='ltr'>calicem.</span> 
     </span>
    </p>
   </div>
   <div class='ocr_carea' id='block_1_3' title="bbox 112 420 1988 936">
    <p class='ocr_par' dir='ltr' id='par_1_3' title="bbox 112 420 1988 936">
     <span class='ocr_line' id='line_1_4' title="bbox 262 420 1985 497; baseline 0.003 -23"><span class='ocrx_word' id='word_1_22' title='bbox 262 421 391 475; x_wconf 83' lang='grc'>138.</span> <span class='ocrx_word' id='word_1_23' title='bbox 461 420 552 474; x_wconf 81' lang='lat' dir='ltr'>Ad</span> <span class='ocrx_word' id='word_1_24' title='bbox 596 422 739 489; x_wconf 81' lang='lat' dir='ltr'>quid</span> <span class='ocrx_word' id='word_1_25' title='bbox 783 422 1014 489; x_wconf 74' lang='lat' dir='ltr'>obliget</span> <span class='ocrx_word' id='word_1_26' title='bbox 1052 423 1176 477; x_wconf 81' lang='lat' dir='ltr'>lex.</span> <span class='ocrx_word' id='word_1_27' title='bbox 1259 424 1504 489; x_wconf 70' lang='lat' dir='ltr'>Quaevis</span> <span class='ocrx_word' id='word_1_28' title='bbox 1545 427 1634 477; x_wconf 91' lang='lat' dir='ltr'>lex</span> <span class='ocrx_word' id='word_1_29' title='bbox 1677 428 1985 497; x_wconf 87' lang='lat' dir='ltr'>complures</span> 
     </span>
     <span class='ocr_line' id='line_1_5' title="bbox 112 510 1981 582; baseline 0.004 -21"><span class='ocrx_word' id='word_1_30' title='bbox 112 510 475 578; x_wconf 78' lang='lat' dir='ltr'>obligationes</span> <span class='ocrx_word' id='word_1_31' title='bbox 530 512 647 562; x_wconf 85' lang='lat' dir='ltr'>sive</span> <span class='ocrx_word' id='word_1_32' title='bbox 700 511 960 581; x_wconf 78' lang='lat' dir='ltr'>explicite</span> <span class='ocrx_word' id='word_1_33' title='bbox 1018 513 1135 562; x_wconf 79' lang='lat' dir='ltr'>sive</span> <span class='ocrx_word' id='word_1_34' title='bbox 1191 513 1457 582; x_wconf 77' lang='lat' dir='ltr'>implicite</span> <span class='ocrx_word' id='word_1_35' title='bbox 1512 517 1567 566; x_wconf 90' lang='lat' dir='ltr'>in</span> <span class='ocrx_word' id='word_1_36' title='bbox 1611 535 1666 567; x_wconf 88' lang='lat' dir='ltr'>se</span> <span class='ocrx_word' id='word_1_37' title='bbox 1709 519 1981 569; x_wconf 86' lang='lat' dir='ltr'>continet:</span> 
     </span>
     <span class='ocr_line' id='line_1_6' title="bbox 265 600 1984 672; baseline 0.004 -21"><span class='ocrx_word' id='word_1_38' title='bbox 265 604 309 652; x_wconf 83' lang='lat'>1.</span> <span class='ocrx_word' id='word_1_39' title='bbox 351 601 473 651; x_wconf 89' lang='lat' dir='ltr'>Lex</span> <span class='ocrx_word' id='word_1_40' title='bbox 503 602 774 669; x_wconf 78' lang='lat' dir='ltr'>imprimis</span> <span class='ocrx_word' id='word_1_41' title='bbox 816 600 1023 669; x_wconf 84' lang='lat' dir='ltr'>obligat</span> <span class='ocrx_word' id='word_1_42' title='bbox 1052 602 1123 653; x_wconf 90' lang='lat' dir='ltr'>ad</span> <span class='ocrx_word' id='word_1_43' title='bbox 1152 604 1235 653; x_wconf 88' lang='lat' dir='ltr'>sui</span> <span class='ocrx_word' id='word_1_44' title='bbox 1267 605 1641 672; x_wconf 66' lang='lat' dir='ltr'>coync&#39;tionem:</span> <span class='ocrx_word' id='word_1_45' title='bbox 1683 624 1807 657; x_wconf 88' lang='lat' dir='ltr'>cum</span> <span class='ocrx_word' id='word_1_46' title='bbox 1839 608 1984 658; x_wconf 88' lang='lat' dir='ltr'>enim</span> 
     </span>
     <span class='ocr_line' id='line_1_7' title="bbox 112 688 1982 763; baseline 0.004 -24"><span class='ocrx_word' id='word_1_47' title='bbox 112 688 201 740; x_wconf 90' lang='lat' dir='ltr'>lex</span> <span class='ocrx_word' id='word_1_48' title='bbox 242 688 522 740; x_wconf 88' lang='lat' dir='ltr'>observari</span> <span class='ocrx_word' id='word_1_49' title='bbox 565 708 675 741; x_wconf 89' lang='lat' dir='ltr'>non</span> <span class='ocrx_word' id='word_1_50' title='bbox 719 693 903 758; x_wconf 80' lang='lat' dir='ltr'>possit,</span> <span class='ocrx_word' id='word_1_51' title='bbox 947 692 1051 742; x_wconf 89' lang='lat' dir='ltr'>nisi</span> <span class='ocrx_word' id='word_1_52' title='bbox 1094 700 1473 759; x_wconf 76' lang='lat' dir='ltr'>cognoscatur,</span> <span class='ocrx_word' id='word_1_53' title='bbox 1527 693 1668 760; x_wconf 87' lang='lat' dir='ltr'>ideo,</span> <span class='ocrx_word' id='word_1_54' title='bbox 1718 714 1787 747; x_wconf 87' lang='lat' dir='ltr'>ne</span> <span class='ocrx_word' id='word_1_55' title='bbox 1829 695 1982 763; x_wconf 90' lang='lat' dir='ltr'>legis-</span> 
     </span>
     <span class='ocr_line' id='line_1_8' title="bbox 112 776 1988 852; baseline 0.004 -25"><span class='ocrx_word' id='word_1_56' title='bbox 112 776 239 828; x_wconf 83' lang='lat' dir='ltr'>latio</span> <span class='ocrx_word' id='word_1_57' title='bbox 301 776 503 828; x_wconf 80' lang='lat' dir='ltr'>evadat</span> <span class='ocrx_word' id='word_1_58' title='bbox 560 777 786 844; x_wconf 87' lang='lat' dir='ltr'>inutilis,</span> <span class='ocrx_word' id='word_1_59' title='bbox 853 779 1028 847; x_wconf 88' lang='lat' dir='ltr'>primo</span> <span class='ocrx_word' id='word_1_60' title='bbox 1091 781 1173 830; x_wconf 89' lang='lat' dir='ltr'>sui</span> <span class='ocrx_word' id='word_1_61' title='bbox 1233 781 1603 848; x_wconf 88' lang='lat' dir='ltr'>cognitionem</span> <span class='ocrx_word' id='word_1_62' title='bbox 1669 786 1988 852; x_wconf 76' lang='lat' dir='ltr'>praecipere</span> 
     </span>
     <span class='ocr_line' id='line_1_9' title="bbox 114 867 1988 936; baseline 0.004 -19"><span class='ocrx_word' id='word_1_63' title='bbox 114 867 293 918; x_wconf 88' lang='lat' dir='ltr'>debet.</span> <span class='ocrx_word' id='word_1_64' title='bbox 374 867 454 918; x_wconf 85' lang='lat' dir='ltr'>Eo</span> <span class='ocrx_word' id='word_1_65' title='bbox 498 868 616 936; x_wconf 89' lang='lat' dir='ltr'>ipso</span> <span class='ocrx_word' id='word_1_66' title='bbox 659 876 845 918; x_wconf 89' lang='lat' dir='ltr'>autem</span> <span class='ocrx_word' id='word_1_67' title='bbox 888 867 1097 936; x_wconf 90' lang='lat' dir='ltr'>obligat</span> <span class='ocrx_word' id='word_1_68' title='bbox 1139 870 1304 919; x_wconf 89' lang='lat' dir='ltr'>etiam</span> <span class='ocrx_word' id='word_1_69' title='bbox 1357 869 1427 920; x_wconf 86' lang='lat' dir='ltr'>ad</span> <span class='ocrx_word' id='word_1_70' title='bbox 1483 871 1761 923; x_wconf 86' lang='lat' dir='ltr'>ordinaria</span> <span class='ocrx_word' id='word_1_71' title='bbox 1805 873 1988 924; x_wconf 88' lang='lat' dir='ltr'>media</span> 
     </span>
    </p>
   </div>
   <div class='ocr_carea' id='block_1_4' title="bbox 112 957 1836 1027">
    <p class='ocr_par' dir='ltr' id='par_1_4' title="bbox 112 957 1836 1027">
     <span class='ocr_line' id='line_1_10' title="bbox 112 957 1836 1027; baseline 0.004 -20"><span class='ocrx_word' id='word_1_72' title='bbox 112 957 448 1024; x_wconf 82' lang='lat' dir='ltr'>adhibenda,</span> <span class='ocrx_word' id='word_1_73' title='bbox 494 976 634 1027; x_wconf 91' lang='lat' dir='ltr'>quae</span> <span class='ocrx_word' id='word_1_74' title='bbox 676 957 746 1009; x_wconf 86' lang='lat' dir='ltr'>ad</span> <span class='ocrx_word' id='word_1_75' title='bbox 788 957 966 1026; x_wconf 89' lang='lat' dir='ltr'>legem</span> <span class='ocrx_word' id='word_1_76' title='bbox 1011 959 1453 1026; x_wconf 85' lang='lat' dir='ltr'>cognoscendam</span> <span class='ocrx_word' id='word_1_77' title='bbox 1504 961 1836 1016; x_wconf 85' lang='lat' dir='ltr'>conducunt.</span> 
     </span>
    </p>
   </div>
   <div class='ocr_carea' id='block_1_5' title="bbox 110 1046 1992 1626">
    <p class='ocr_par' dir='ltr' id='par_1_5' title="bbox 111 1046 1992 1253">
     <span class='ocr_line' id='line_1_11' title="bbox 254 1046 1992 1106; baseline 0.003 -17"><span class='ocrx_word' id='word_1_78' title='bbox 254 1061 294 1089; x_wconf 82' lang='lat' dir='ltr'>a.</span> <span class='ocrx_word' id='word_1_79' title='bbox 329 1046 447 1090; x_wconf 90' lang='lat' dir='ltr'>Hinc</span> <span class='ocrx_word' id='word_1_80' title='bbox 478 1047 744 1102; x_wconf 80' lang='lat' dir='ltr'>ignorantia</span> <span class='ocrx_word' id='word_1_81' title='bbox 776 1047 1039 1090; x_wconf 73' lang='lat' dir='ltr'>voluntaria</span> <span class='ocrx_word' id='word_1_82' title='bbox 1073 1061 1150 1091; x_wconf 89' lang='lat' dir='ltr'>seu</span> <span class='ocrx_word' id='word_1_83' title='bbox 1170 1048 1399 1091; x_wconf 73' lang='lat' dir='ltr'>vincibilis</span> <span class='ocrx_word' id='word_1_84' title='bbox 1423 1049 1617 1093; x_wconf 86' lang='lat' dir='ltr'>alicuius</span> <span class='ocrx_word' id='word_1_85' title='bbox 1641 1051 1871 1105; x_wconf 76' lang='lat' dir='ltr'>praecepti</span> <span class='ocrx_word' id='word_1_86' title='bbox 1895 1064 1992 1106; x_wconf 89' lang='lat' dir='ltr'>pec-</span> 
     </span>
     <span class='ocr_line' id='line_1_12' title="bbox 111 1122 1988 1180; baseline 0.002 -15"><span class='ocrx_word' id='word_1_87' title='bbox 111 1126 264 1165; x_wconf 86' lang='lat' dir='ltr'>catum</span> <span class='ocrx_word' id='word_1_88' title='bbox 298 1126 367 1165; x_wconf 84' lang='lat' dir='ltr'>est-</span> <span class='ocrx_word' id='word_1_89' title='bbox 401 1126 557 1165; x_wconf 81' lang='lat' dir='ltr'>contra</span> <span class='ocrx_word' id='word_1_90' title='bbox 589 1122 705 1165; x_wconf 86' lang='lat' dir='ltr'>illud</span> <span class='ocrx_word' id='word_1_91' title='bbox 738 1122 888 1177; x_wconf 85' lang='lat' dir='ltr'>ipsum</span> <span class='ocrx_word' id='word_1_92' title='bbox 923 1128 1230 1178; x_wconf 83' lang='lat' dir='ltr'>praeceptum,</span> <span class='ocrx_word' id='word_1_93' title='bbox 1267 1123 1384 1178; x_wconf 89' lang='lat' dir='ltr'>quod</span> <span class='ocrx_word' id='word_1_94' title='bbox 1417 1124 1672 1179; x_wconf 85' lang='lat' dir='ltr'>ignorat-ur,</span> <span class='ocrx_word' id='word_1_95' title='bbox 1718 1128 1762 1167; x_wconf 91' lang='lat' dir='ltr'>et</span> <span class='ocrx_word' id='word_1_96' title='bbox 1807 1125 1988 1180; x_wconf 87' lang='lat' dir='ltr'>quidem</span> 
     </span>
     <span class='ocr_line' id='line_1_13' title="bbox 121 1196 1480 1253; baseline 0.002 -14"><span class='ocrx_word' id='word_1_97' title='bbox 121 1210 275 1252; x_wconf 80' lang='lat' dir='ltr'>grave,</span> <span class='ocrx_word' id='word_1_98' title='bbox 308 1197 345 1240; x_wconf 88' lang='lat' dir='ltr'>si</span> <span class='ocrx_word' id='word_1_99' title='bbox 377 1196 642 1252; x_wconf 82' lang='lat' dir='ltr'>ignorantia</span> <span class='ocrx_word' id='word_1_100' title='bbox 675 1211 729 1240; x_wconf 80' lang='lat' dir='ltr'>ex</span> <span class='ocrx_word' id='word_1_101' title='bbox 762 1197 893 1252; x_wconf 86' lang='lat' dir='ltr'>gravi</span> <span class='ocrx_word' id='word_1_102' title='bbox 926 1198 1215 1252; x_wconf 79' lang='lat' dir='ltr'>negligentia</span> <span class='ocrx_word' id='word_1_103' title='bbox 1250 1199 1480 1253; x_wconf 80' lang='lat' dir='ltr'>processit.</span> 
     </span>
    </p>

    <p class='ocr_par' dir='ltr' id='par_1_6' title="bbox 110 1272 1990 1626">
     <span class='ocr_line' id='line_1_14' title="bbox 261 1272 1989 1330; baseline 0.002 -16"><span class='ocrx_word' id='word_1_104' title='bbox 261 1273 296 1317; x_wconf 79' lang='lat' dir='ltr'>b.</span> <span class='ocrx_word' id='word_1_105' title='bbox 334 1272 484 1315; x_wconf 83' lang='lat' dir='ltr'>Sicubi</span> <span class='ocrx_word' id='word_1_106' title='bbox 511 1277 692 1316; x_wconf 85' lang='lat' dir='ltr'>statuta</span> <span class='ocrx_word' id='word_1_107' title='bbox 724 1287 750 1315; x_wconf 90' lang='lat' dir='ltr'>a</span> <span class='ocrx_word' id='word_1_108' title='bbox 783 1272 956 1315; x_wconf 83' lang='lat' dir='ltr'>clericis</span> <span class='ocrx_word' id='word_1_109' title='bbox 991 1273 1270 1316; x_wconf 81' lang='lat' dir='ltr'>observanda</span> <span class='ocrx_word' id='word_1_110' title='bbox 1302 1273 1350 1316; x_wconf 90' lang='lat' dir='ltr'>in</span> <span class='ocrx_word' id='word_1_111' title='bbox 1381 1274 1492 1317; x_wconf 72' lang='lat' dir='ltr'>folio</span> <span class='ocrx_word' id='word_1_112' title='bbox 1512 1273 1772 1317; x_wconf 85' lang='lat' dir='ltr'>dioecesano</span> <span class='ocrx_word' id='word_1_113' title='bbox 1798 1274 1853 1317; x_wconf 86' lang='lat' dir='ltr'>ab</span> <span class='ocrx_word' id='word_1_114' title='bbox 1880 1275 1989 1330; x_wconf 85' lang='lat' dir='ltr'>epis-</span> 
     </span>
     <span class='ocr_line' id='line_1_15' title="bbox 115 1347 1989 1402; baseline 0.002 -13"><span class='ocrx_word' id='word_1_115' title='bbox 115 1360 222 1401; x_wconf 88' lang='lat' dir='ltr'>copo</span> <span class='ocrx_word' id='word_1_116' title='bbox 255 1347 608 1402; x_wconf 83' lang='lat' dir='ltr'>promulgantur</span> <span class='ocrx_word' id='word_1_117' title='bbox 641 1352 685 1389; x_wconf 89' lang='lat' dir='ltr'>et</span> <span class='ocrx_word' id='word_1_118' title='bbox 721 1347 1036 1402; x_wconf 78' lang='lat' dir='ltr'>divulgantur.</span> <span class='ocrx_word' id='word_1_119' title='bbox 1071 1350 1287 1390; x_wconf 85' lang='lat' dir='ltr'>tenentur</span> <span class='ocrx_word' id='word_1_120' title='bbox 1330 1347 1480 1391; x_wconf 86' lang='lat' dir='ltr'>clerici</span> <span class='ocrx_word' id='word_1_121' title='bbox 1521 1348 1682 1391; x_wconf 77' lang='lat' dir='ltr'>folium</span> <span class='ocrx_word' id='word_1_122' title='bbox 1727 1362 1872 1392; x_wconf 90' lang='lat' dir='ltr'>emere</span> <span class='ocrx_word' id='word_1_123' title='bbox 1917 1350 1989 1393; x_wconf 73' lang='lat' dir='ltr'>vel</span> 
     </span>
     <span class='ocr_line' id='line_1_16' title="bbox 118 1421 1989 1478; baseline 0.002 -15"><span class='ocrx_word' id='word_1_124' title='bbox 118 1422 279 1464; x_wconf 86' lang='lat' dir='ltr'>saltem</span> <span class='ocrx_word' id='word_1_125' title='bbox 313 1435 366 1464; x_wconf 80' lang='lat' dir='ltr'>ex</span> <span class='ocrx_word' id='word_1_126' title='bbox 399 1421 517 1476; x_wconf 78' lang='lat' dir='ltr'>aliis,</span> <span class='ocrx_word' id='word_1_127' title='bbox 551 1421 627 1475; x_wconf 92' lang='lat' dir='ltr'>qui</span> <span class='ocrx_word' id='word_1_128' title='bbox 660 1421 777 1464; x_wconf 90' lang='lat' dir='ltr'>illud</span> <span class='ocrx_word' id='word_1_129' title='bbox 809 1421 985 1476; x_wconf 89' lang='lat' dir='ltr'>legunt,</span> <span class='ocrx_word' id='word_1_130' title='bbox 1030 1422 1298 1476; x_wconf 83' lang='lat' dir='ltr'>quandoque</span> <span class='ocrx_word' id='word_1_131' title='bbox 1340 1422 1583 1476; x_wconf 81' lang='lat' dir='ltr'>inquirere,</span> <span class='ocrx_word' id='word_1_132' title='bbox 1629 1422 1737 1476; x_wconf 90' lang='lat' dir='ltr'>quid</span> <span class='ocrx_word' id='word_1_133' title='bbox 1781 1423 1836 1466; x_wconf 88' lang='lat' dir='ltr'>ab</span> <span class='ocrx_word' id='word_1_134' title='bbox 1880 1423 1989 1478; x_wconf 89' lang='lat' dir='ltr'>epis-</span> 
     </span>
     <span class='ocr_line' id='line_1_17' title="bbox 113 1495 1990 1553; baseline 0.001 -14"><span class='ocrx_word' id='word_1_135' title='bbox 113 1510 221 1551; x_wconf 87' lang='lat' dir='ltr'>copo</span> <span class='ocrx_word' id='word_1_136' title='bbox 255 1500 485 1539; x_wconf 84' lang='lat' dir='ltr'>statutum</span> <span class='ocrx_word' id='word_1_137' title='bbox 518 1496 683 1539; x_wconf 74' lang='lat' dir='ltr'>fuerit:</span> <span class='ocrx_word' id='word_1_138' title='bbox 726 1496 809 1539; x_wconf 88' lang='lat' dir='ltr'>hoc</span> <span class='ocrx_word' id='word_1_139' title='bbox 842 1495 961 1538; x_wconf 89' lang='lat' dir='ltr'>enim</span> <span class='ocrx_word' id='word_1_140' title='bbox 995 1501 1065 1539; x_wconf 86' lang='lat' dir='ltr'>est</span> <span class='ocrx_word' id='word_1_141' title='bbox 1098 1496 1298 1539; x_wconf 85' lang='lat' dir='ltr'>inedium</span> <span class='ocrx_word' id='word_1_142' title='bbox 1333 1496 1631 1551; x_wconf 81' lang='lat' dir='ltr'>cognoscendi</span> <span class='ocrx_word' id='word_1_143' title='bbox 1666 1501 1847 1541; x_wconf 84' lang='lat' dir='ltr'>statuta</span> <span class='ocrx_word' id='word_1_144' title='bbox 1879 1498 1990 1553; x_wconf 85' lang='lat' dir='ltr'>epis-</span> 
     </span>
     <span class='ocr_line' id='line_1_18' title="bbox 110 1570 1790 1626; baseline 0.001 -13"><span class='ocrx_word' id='word_1_145' title='bbox 110 1570 210 1626; x_wconf 82' lang='lat' dir='ltr'>copi</span> <span class='ocrx_word' id='word_1_146' title='bbox 244 1570 538 1625; x_wconf 88' lang='lat' dir='ltr'>ordinarium,</span> <span class='ocrx_word' id='word_1_147' title='bbox 572 1572 629 1613; x_wconf 87' lang='lat' dir='ltr'>ad</span> <span class='ocrx_word' id='word_1_148' title='bbox 663 1571 780 1625; x_wconf 85' lang='lat' dir='ltr'>quod</span> <span class='ocrx_word' id='word_1_149' title='bbox 815 1570 1122 1614; x_wconf 85' lang='lat' dir='ltr'>adhibendum</span> <span class='ocrx_word' id='word_1_150' title='bbox 1156 1570 1344 1625; x_wconf 86' lang='lat' dir='ltr'>proinde</span> <span class='ocrx_word' id='word_1_151' title='bbox 1378 1584 1530 1614; x_wconf 82' lang='lat' dir='ltr'>omnes</span> <span class='ocrx_word' id='word_1_152' title='bbox 1563 1576 1790 1616; x_wconf 88' lang='lat' dir='ltr'>tenentur.</span> 
     </span>
    </p>
   </div>
   <div class='ocr_carea' id='block_1_6' title="bbox 111 1645 1990 2343">
    <p class='ocr_par' dir='ltr' id='par_1_7' title="bbox 111 1645 1990 1894">
     <span class='ocr_line' id='line_1_19' title="bbox 262 1645 1990 1717; baseline 0.001 -20"><span class='ocrx_word' id='word_1_153' title='bbox 262 1648 308 1699; x_wconf 77' lang='lat'>2.</span> <span class='ocrx_word' id='word_1_154' title='bbox 360 1646 578 1697; x_wconf 89' lang='lat' dir='ltr'>Deinde</span> <span class='ocrx_word' id='word_1_155' title='bbox 619 1645 710 1696; x_wconf 89' lang='lat' dir='ltr'>lex</span> <span class='ocrx_word' id='word_1_156' title='bbox 752 1645 958 1713; x_wconf 89' lang='lat' dir='ltr'>obligat</span> <span class='ocrx_word' id='word_1_157' title='bbox 1000 1646 1072 1697; x_wconf 87' lang='lat' dir='ltr'>ad</span> <span class='ocrx_word' id='word_1_158' title='bbox 1114 1647 1197 1697; x_wconf 89' lang='lat' dir='ltr'>sui</span> <span class='ocrx_word' id='word_1_159' title='bbox 1241 1645 1678 1711; x_wconf 56' lang='lat' dir='ltr'>observationem</span> <span class='ocrx_word' id='word_1_160' title='bbox 1722 1646 1861 1700; x_wconf 88' lang='lat' dir='ltr'>haee</span> <span class='ocrx_word' id='word_1_161' title='bbox 1902 1666 1990 1717; x_wconf 92' lang='lat' dir='ltr'>po-</span> 
     </span>
     <span class='ocr_line' id='line_1_20' title="bbox 115 1734 1990 1805; baseline 0.001 -19"><span class='ocrx_word' id='word_1_162' title='bbox 115 1735 325 1787; x_wconf 87' lang='lat' dir='ltr'>tissima</span> <span class='ocrx_word' id='word_1_163' title='bbox 368 1744 419 1787; x_wconf 91' lang='lat' dir='ltr'>et</span> <span class='ocrx_word' id='word_1_164' title='bbox 461 1735 768 1787; x_wconf 87' lang='lat' dir='ltr'>essentialis</span> <span class='ocrx_word' id='word_1_165' title='bbox 811 1744 891 1786; x_wconf 90' lang='lat' dir='ltr'>est</span> <span class='ocrx_word' id='word_1_166' title='bbox 932 1735 1182 1787; x_wconf 87' lang='lat' dir='ltr'>efficacia</span> <span class='ocrx_word' id='word_1_167' title='bbox 1223 1734 1374 1802; x_wconf 88' lang='lat' dir='ltr'>legis,</span> <span class='ocrx_word' id='word_1_168' title='bbox 1430 1735 1485 1786; x_wconf 92' lang='lat' dir='ltr'>in</span> <span class='ocrx_word' id='word_1_169' title='bbox 1530 1754 1637 1805; x_wconf 88' lang='lat' dir='ltr'>qua</span> <span class='ocrx_word' id='word_1_170' title='bbox 1678 1735 1818 1787; x_wconf 86' lang='lat' dir='ltr'>aliae</span> <span class='ocrx_word' id='word_1_171' title='bbox 1859 1736 1990 1788; x_wconf 92' lang='lat' dir='ltr'>obli-</span> 
     </span>
     <span class='ocr_line' id='line_1_21' title="bbox 111 1825 1422 1894; baseline 0.001 -18"><span class='ocrx_word' id='word_1_172' title='bbox 111 1827 361 1894; x_wconf 88' lang='lat' dir='ltr'>gationes</span> <span class='ocrx_word' id='word_1_173' title='bbox 403 1825 669 1894; x_wconf 87' lang='lat' dir='ltr'>implicite</span> <span class='ocrx_word' id='word_1_174' title='bbox 711 1834 763 1876; x_wconf 83' lang='lat' dir='ltr'>et</span> <span class='ocrx_word' id='word_1_175' title='bbox 805 1826 1008 1876; x_wconf 90' lang='lat' dir='ltr'>virtute</span> <span class='ocrx_word' id='word_1_176' title='bbox 1050 1825 1422 1877; x_wconf 89' lang='lat' dir='ltr'>continentur.</span> 
     </span>
    </p>

    <p class='ocr_par' dir='ltr' id='par_1_8' title="bbox 114 1913 1990 2343">
     <span class='ocr_line' id='line_1_22' title="bbox 262 1913 1988 1984; baseline 0.001 -18"><span class='ocrx_word' id='word_1_177' title='bbox 262 1916 312 1967; x_wconf 82' lang='lat'>3.</span> <span class='ocrx_word' id='word_1_178' title='bbox 368 1915 485 1966; x_wconf 82' lang='lat' dir='ltr'>Lex</span> <span class='ocrx_word' id='word_1_179' title='bbox 525 1914 734 1984; x_wconf 86' lang='lat' dir='ltr'>obligat</span> <span class='ocrx_word' id='word_1_180' title='bbox 786 1917 951 1966; x_wconf 89' lang='lat' dir='ltr'>etiam</span> <span class='ocrx_word' id='word_1_181' title='bbox 1002 1914 1073 1966; x_wconf 86' lang='lat' dir='ltr'>ad</span> <span class='ocrx_word' id='word_1_182' title='bbox 1115 1913 1435 1966; x_wconf 88' lang='lat' dir='ltr'>adhibenda</span> <span class='ocrx_word' id='word_1_183' title='bbox 1475 1914 1650 1965; x_wconf 74' lang='lat' dir='ltr'>media</span> <span class='ocrx_word' id='word_1_184' title='bbox 1691 1915 1988 1979; x_wconf 69' lang='lat' dir='ltr'>ordinaria,</span> 
     </span>
     <span class='ocr_line' id='line_1_23' title="bbox 115 2003 1988 2074; baseline 0.001 -19"><span class='ocrx_word' id='word_1_185' title='bbox 115 2022 256 2074; x_wconf 90' lang='lat' dir='ltr'>quae</span> <span class='ocrx_word' id='word_1_186' title='bbox 308 2004 379 2056; x_wconf 88' lang='lat' dir='ltr'>ad</span> <span class='ocrx_word' id='word_1_187' title='bbox 434 2006 610 2074; x_wconf 85' lang='lat' dir='ltr'>ipsius</span> <span class='ocrx_word' id='word_1_188' title='bbox 666 2003 1111 2057; x_wconf 87' lang='lat' dir='ltr'>observationem</span> <span class='ocrx_word' id='word_1_189' title='bbox 1165 2005 1418 2074; x_wconf 86' lang='lat' dir='ltr'>proxime</span> <span class='ocrx_word' id='word_1_190' title='bbox 1472 2006 1783 2056; x_wconf 84' lang='lat' dir='ltr'>necessaria</span> <span class='ocrx_word' id='word_1_191' title='bbox 1835 2014 1988 2057; x_wconf 88' lang='lat' dir='ltr'>sunt:</span> 
     </span>
     <span class='ocr_line' id='line_1_24' title="bbox 114 2094 1990 2164; baseline 0 -18"><span class='ocrx_word' id='word_1_192' title='bbox 114 2096 210 2164; x_wconf 91' lang='lat' dir='ltr'>qui</span> <span class='ocrx_word' id='word_1_193' title='bbox 252 2095 398 2145; x_wconf 90' lang='lat' dir='ltr'>enim</span> <span class='ocrx_word' id='word_1_194' title='bbox 441 2102 657 2145; x_wconf 88' lang='lat' dir='ltr'>tenetur</span> <span class='ocrx_word' id='word_1_195' title='bbox 698 2094 769 2145; x_wconf 88' lang='lat' dir='ltr'>ad</span> <span class='ocrx_word' id='word_1_196' title='bbox 810 2096 992 2157; x_wconf 88' lang='lat' dir='ltr'>finem,</span> <span class='ocrx_word' id='word_1_197' title='bbox 1043 2112 1104 2146; x_wconf 92' lang='lat' dir='ltr'>eo</span> <span class='ocrx_word' id='word_1_198' title='bbox 1147 2095 1265 2163; x_wconf 86' lang='lat' dir='ltr'>ipso</span> <span class='ocrx_word' id='word_1_199' title='bbox 1307 2101 1524 2145; x_wconf 88' lang='lat' dir='ltr'>tenetur</span> <span class='ocrx_word' id='word_1_200' title='bbox 1565 2095 1729 2145; x_wconf 88' lang='lat' dir='ltr'>etiam</span> <span class='ocrx_word' id='word_1_201' title='bbox 1771 2094 1843 2146; x_wconf 84' lang='lat' dir='ltr'>ad</span> <span class='ocrx_word' id='word_1_202' title='bbox 1884 2114 1990 2147; x_wconf 91' lang='lat' dir='ltr'>me—</span> 
     </span>
     <span class='ocr_line' id='line_1_25' title="bbox 117 2183 1989 2253; baseline 0.001 -18"><span class='ocrx_word' id='word_1_203' title='bbox 117 2183 224 2250; x_wconf 84' lang='lat' dir='ltr'>dia,</span> <span class='ocrx_word' id='word_1_204' title='bbox 268 2201 408 2253; x_wconf 86' lang='lat' dir='ltr'>quae</span> <span class='ocrx_word' id='word_1_205' title='bbox 448 2183 518 2234; x_wconf 87' lang='lat' dir='ltr'>ad</span> <span class='ocrx_word' id='word_1_206' title='bbox 561 2183 925 2235; x_wconf 89' lang='lat' dir='ltr'>obtinendum</span> <span class='ocrx_word' id='word_1_207' title='bbox 982 2184 1149 2235; x_wconf 89' lang='lat' dir='ltr'>finem</span> <span class='ocrx_word' id='word_1_208' title='bbox 1204 2185 1455 2253; x_wconf 83' lang='lat' dir='ltr'>proxime</span> <span class='ocrx_word' id='word_1_209' title='bbox 1498 2185 1806 2236; x_wconf 87' lang='lat' dir='ltr'>necessaria</span> <span class='ocrx_word' id='word_1_210' title='bbox 1848 2194 1989 2238; x_wconf 87' lang='lat' dir='ltr'>sunt.</span> 
     </span>
     <span class='ocr_line' id='line_1_26' title="bbox 119 2271 1989 2343; baseline 0.001 -19"><span class='ocrx_word' id='word_1_211' title='bbox 119 2272 209 2324; x_wconf 87' lang='lat' dir='ltr'>Ad</span> <span class='ocrx_word' id='word_1_212' title='bbox 250 2271 570 2324; x_wconf 88' lang='lat' dir='ltr'>adhibenda</span> <span class='ocrx_word' id='word_1_213' title='bbox 596 2280 780 2324; x_wconf 84' lang='lat' dir='ltr'>autem</span> <span class='ocrx_word' id='word_1_214' title='bbox 811 2273 994 2325; x_wconf 90' lang='lat' dir='ltr'>media</span> <span class='ocrx_word' id='word_1_215' title='bbox 1021 2273 1463 2324; x_wconf 60' lang='lat' dir='ltr'>eastraordinaria</span> <span class='ocrx_word' id='word_1_216' title='bbox 1503 2272 1593 2324; x_wconf 86' lang='lat' dir='ltr'>lex</span> <span class='ocrx_word' id='word_1_217' title='bbox 1627 2291 1738 2325; x_wconf 91' lang='lat' dir='ltr'>non</span> <span class='ocrx_word' id='word_1_218' title='bbox 1765 2273 1989 2343; x_wconf 88' lang='lat' dir='ltr'>obligat,</span> 
     </span>
    </p>
   </div>
   <div class='ocr_carea' id='block_1_7' title="bbox 119 2361 1785 2433">
    <p class='ocr_par' dir='ltr' id='par_1_9' title="bbox 119 2361 1785 2433">
     <span class='ocr_line' id='line_1_27' title="bbox 119 2361 1785 2433; baseline -0.001 -18"><span class='ocrx_word' id='word_1_219' title='bbox 119 2364 247 2433; x_wconf 89' lang='lat' dir='ltr'>quia</span> <span class='ocrx_word' id='word_1_220' title='bbox 288 2362 426 2414; x_wconf 89' lang='lat' dir='ltr'>haec</span> <span class='ocrx_word' id='word_1_221' title='bbox 467 2362 729 2430; x_wconf 83' lang='lat' dir='ltr'>obligatio</span> <span class='ocrx_word' id='word_1_222' title='bbox 773 2364 938 2414; x_wconf 85' lang='lat' dir='ltr'>nimis</span> <span class='ocrx_word' id='word_1_223' title='bbox 980 2381 1210 2414; x_wconf 88' lang='lat' dir='ltr'>onerosa</span> <span class='ocrx_word' id='word_1_224' title='bbox 1251 2370 1303 2413; x_wconf 89' lang='lat' dir='ltr'>et</span> <span class='ocrx_word' id='word_1_225' title='bbox 1346 2361 1589 2414; x_wconf 84' lang='lat' dir='ltr'>difficilis</span> <span class='ocrx_word' id='word_1_226' title='bbox 1631 2372 1785 2416; x_wconf 88' lang='lat' dir='ltr'>esset.</span> 
     </span>
    </p>
   </div>
   <div class='ocr_carea' id='block_1_8' title="bbox 119 2451 1990 2732">
    <p class='ocr_par' dir='ltr' id='par_1_10' title="bbox 119 2451 1990 2732">
     <span class='ocr_line' id='line_1_28' title="bbox 234 2451 1990 2507; baseline 0.001 -12"><span class='ocrx_word' id='word_1_227' title='bbox 234 2504 237 2505; x_wconf 12' lang='lat'><em>⁷</em></span> <span class='ocrx_word' id='word_1_228' title='bbox 267 2452 353 2507; x_wconf 82' lang='lat' dir='ltr'>Qui</span> <span class='ocrx_word' id='word_1_229' title='bbox 387 2451 590 2495; x_wconf 79' lang='lat' dir='ltr'>officium</span> <span class='ocrx_word' id='word_1_230' title='bbox 625 2451 833 2495; x_wconf 87' lang='lat' dir='ltr'>divinum</span> <span class='ocrx_word' id='word_1_231' title='bbox 863 2451 1055 2495; x_wconf 87' lang='lat' dir='ltr'>recitare</span> <span class='ocrx_word' id='word_1_232' title='bbox 1085 2455 1281 2506; x_wconf 85' lang='lat' dir='ltr'>tenetur,</span> <span class='ocrx_word' id='word_1_233' title='bbox 1315 2455 1499 2495; x_wconf 85' lang='lat' dir='ltr'>tenetur</span> <span class='ocrx_word' id='word_1_234' title='bbox 1532 2451 1618 2494; x_wconf 90' lang='lat' dir='ltr'>sibi</span> <span class='ocrx_word' id='word_1_235' title='bbox 1652 2466 1910 2507; x_wconf 87' lang='lat' dir='ltr'>comparare</span> <span class='ocrx_word' id='word_1_236' title='bbox 1944 2458 1990 2496; x_wconf 89' lang='lat' dir='ltr'>et</span> 
     </span>
     <span class='ocr_line' id='line_1_29' title="bbox 121 2526 1990 2581; baseline 0 -10"><span class='ocrx_word' id='word_1_237' title='bbox 121 2540 386 2571; x_wconf 71' lang='lat' dir='ltr'>conservare</span> <span class='ocrx_word' id='word_1_238' title='bbox 418 2526 709 2581; x_wconf 80' lang='lat' dir='ltr'>breviarium,</span> <span class='ocrx_word' id='word_1_239' title='bbox 743 2540 828 2581; x_wconf 92' lang='lat' dir='ltr'>quo</span> <span class='ocrx_word' id='word_1_240' title='bbox 862 2526 978 2569; x_wconf 90' lang='lat' dir='ltr'>illud</span> <span class='ocrx_word' id='word_1_241' title='bbox 1010 2526 1202 2569; x_wconf 87' lang='lat' dir='ltr'>recitare</span> <span class='ocrx_word' id='word_1_242' title='bbox 1234 2526 1403 2581; x_wconf 83' lang='lat' dir='ltr'>possit;</span> <span class='ocrx_word' id='word_1_243' title='bbox 1457 2530 1502 2569; x_wconf 86' lang='lat' dir='ltr'>et</span> <span class='ocrx_word' id='word_1_244' title='bbox 1536 2526 1612 2580; x_wconf 90' lang='lat' dir='ltr'>qui</span> <span class='ocrx_word' id='word_1_245' title='bbox 1660 2527 1898 2581; x_wconf 79' lang='lat' dir='ltr'>praevidet</span> <span class='ocrx_word' id='word_1_246' title='bbox 1945 2541 1990 2571; x_wconf 90' lang='lat' dir='ltr'>se</span> 
     </span>
     <span class='ocr_line' id='line_1_30' title="bbox 119 2600 1990 2658; baseline 0 -12"><span class='ocrx_word' id='word_1_247' title='bbox 119 2602 218 2658; x_wconf 88' lang='lat' dir='ltr'>ipso</span> <span class='ocrx_word' id='word_1_248' title='bbox 255 2601 327 2645; x_wconf 88' lang='lat' dir='ltr'>die</span> <span class='ocrx_word' id='word_1_249' title='bbox 358 2600 521 2645; x_wconf 90' lang='lat' dir='ltr'>ieiunii</span> <span class='ocrx_word' id='word_1_250' title='bbox 553 2600 715 2644; x_wconf 88' lang='lat' dir='ltr'>habere</span> <span class='ocrx_word' id='word_1_251' title='bbox 747 2615 837 2644; x_wconf 89' lang='lat' dir='ltr'>non</span> <span class='ocrx_word' id='word_1_252' title='bbox 870 2614 999 2656; x_wconf 88' lang='lat' dir='ltr'>posse</span> <span class='ocrx_word' id='word_1_253' title='bbox 1047 2601 1167 2644; x_wconf 85' lang='lat' dir='ltr'>cibos</span> <span class='ocrx_word' id='word_1_254' title='bbox 1215 2600 1446 2655; x_wconf 81' lang='lat' dir='ltr'>esurialeS,</span> <span class='ocrx_word' id='word_1_255' title='bbox 1494 2604 1677 2644; x_wconf 87' lang='lat' dir='ltr'>tenetur</span> <span class='ocrx_word' id='word_1_256' title='bbox 1723 2601 1871 2656; x_wconf 87' lang='lat' dir='ltr'>pridie</span> <span class='ocrx_word' id='word_1_257' title='bbox 1918 2616 1990 2646; x_wconf 85' lang='lat' dir='ltr'>eos</span> 
     </span>
     <span class='ocr_line' id='line_1_31' title="bbox 125 2675 1141 2732; baseline -0.002 -12"><span class='ocrx_word' id='word_1_258' title='bbox 125 2689 397 2732; x_wconf 84' lang='lat' dir='ltr'>comparare,</span> <span class='ocrx_word' id='word_1_259' title='bbox 429 2680 483 2719; x_wconf 87' lang='lat' dir='ltr'>ut</span> <span class='ocrx_word' id='word_1_260' title='bbox 514 2675 735 2719; x_wconf 89' lang='lat' dir='ltr'>ieiunium</span> <span class='ocrx_word' id='word_1_261' title='bbox 770 2689 950 2720; x_wconf 80' lang='lat' dir='ltr'>servare</span> <span class='ocrx_word' id='word_1_262' title='bbox 982 2676 1141 2731; x_wconf 85' lang='lat' dir='ltr'>possit.</span> 
     </span>
    </p>
   </div>
   <div class='ocr_carea' id='block_1_9' title="bbox 117 2750 1991 3180">
    <p class='ocr_par' dir='ltr' id='par_1_11' title="bbox 117 2750 1991 3180">
     <span class='ocr_line' id='line_1_32' title="bbox 266 2750 1991 2821; baseline 0 -17"><span class='ocrx_word' id='word_1_263' title='bbox 266 2753 315 2804; x_wconf 80' lang='lat'>4.</span> <span class='ocrx_word' id='word_1_264' title='bbox 359 2751 475 2802; x_wconf 86' lang='lat' dir='ltr'>Lex</span> <span class='ocrx_word' id='word_1_265' title='bbox 516 2752 742 2820; x_wconf 90' lang='lat' dir='ltr'>insuper</span> <span class='ocrx_word' id='word_1_266' title='bbox 781 2750 990 2820; x_wconf 88' lang='lat' dir='ltr'>obligat</span> <span class='ocrx_word' id='word_1_267' title='bbox 1028 2750 1099 2802; x_wconf 83' lang='lat' dir='ltr'>ad</span> <span class='ocrx_word' id='word_1_268' title='bbox 1139 2751 1455 2802; x_wconf 76' lang='lat' dir='ltr'>removenda</span> <span class='ocrx_word' id='word_1_269' title='bbox 1496 2750 1583 2801; x_wconf 84' lang='lat' dir='ltr'>vel</span> <span class='ocrx_word' id='word_1_270' title='bbox 1616 2753 1991 2821; x_wconf 75' lang='lat' dir='ltr'>praecavenda</span> 
     </span>
     <span class='ocr_line' id='line_1_33' title="bbox 117 2841 1990 2912; baseline -0.001 -18"><span class='ocrx_word' id='word_1_271' title='bbox 117 2842 507 2912; x_wconf 73' lang='lat' dir='ltr'>impedimenta,</span> <span class='ocrx_word' id='word_1_272' title='bbox 570 2859 710 2910; x_wconf 86' lang='lat' dir='ltr'>quae</span> <span class='ocrx_word' id='word_1_273' title='bbox 767 2843 884 2893; x_wconf 88' lang='lat' dir='ltr'>eius</span> <span class='ocrx_word' id='word_1_274' title='bbox 937 2841 1379 2893; x_wconf 86' lang='lat' dir='ltr'>observationem</span> <span class='ocrx_word' id='word_1_275' title='bbox 1440 2841 1691 2909; x_wconf 88' lang='lat' dir='ltr'>proxime</span> <span class='ocrx_word' id='word_1_276' title='bbox 1746 2842 1990 2911; x_wconf 89' lang='lat' dir='ltr'>impossi-</span> 
     </span>
     <span class='ocr_line' id='line_1_34' title="bbox 119 2929 1988 3001; baseline 0.001 -19"><span class='ocrx_word' id='word_1_277' title='bbox 119 2931 286 2983; x_wconf 89' lang='lat' dir='ltr'>bilem</span> <span class='ocrx_word' id='word_1_278' title='bbox 342 2929 593 2995; x_wconf 86' lang='lat' dir='ltr'>reddant,</span> <span class='ocrx_word' id='word_1_279' title='bbox 653 2931 697 2981; x_wconf 87' lang='lat' dir='ltr'>si</span> <span class='ocrx_word' id='word_1_280' title='bbox 751 2930 807 2982; x_wconf 91' lang='lat' dir='ltr'>id</span> <span class='ocrx_word' id='word_1_281' title='bbox 857 2932 974 2982; x_wconf 90' lang='lat' dir='ltr'>fieri</span> <span class='ocrx_word' id='word_1_282' title='bbox 1014 2932 1188 3001; x_wconf 84' lang='lat' dir='ltr'>possit</span> <span class='ocrx_word' id='word_1_283' title='bbox 1227 2932 1344 2982; x_wconf 88' lang='lat' dir='ltr'>sine</span> <span class='ocrx_word' id='word_1_284' title='bbox 1398 2931 1553 2999; x_wconf 85' lang='lat' dir='ltr'>gravi</span> <span class='ocrx_word' id='word_1_285' title='bbox 1610 2931 1988 2983; x_wconf 86' lang='lat' dir='ltr'>incommodo:</span> 
     </span>
     <span class='ocr_line' id='line_1_35' title="bbox 120 3019 1989 3091; baseline 0 -19"><span class='ocrx_word' id='word_1_286' title='bbox 120 3022 214 3091; x_wconf 90' lang='lat' dir='ltr'>qui</span> <span class='ocrx_word' id='word_1_287' title='bbox 256 3021 404 3072; x_wconf 89' lang='lat' dir='ltr'>enim</span> <span class='ocrx_word' id='word_1_288' title='bbox 444 3020 514 3072; x_wconf 88' lang='lat' dir='ltr'>ad</span> <span class='ocrx_word' id='word_1_289' title='bbox 556 3019 722 3072; x_wconf 89' lang='lat' dir='ltr'>finem</span> <span class='ocrx_word' id='word_1_290' title='bbox 765 3028 999 3087; x_wconf 89' lang='lat' dir='ltr'>tenetur,</span> <span class='ocrx_word' id='word_1_291' title='bbox 1043 3040 1105 3073; x_wconf 89' lang='lat' dir='ltr'>eo</span> <span class='ocrx_word' id='word_1_292' title='bbox 1149 3023 1266 3090; x_wconf 85' lang='lat' dir='ltr'>ipso</span> <span class='ocrx_word' id='word_1_293' title='bbox 1309 3028 1525 3071; x_wconf 88' lang='lat' dir='ltr'>tenetur</span> <span class='ocrx_word' id='word_1_294' title='bbox 1580 3021 1747 3071; x_wconf 88' lang='lat' dir='ltr'>etiam</span> <span class='ocrx_word' id='word_1_295' title='bbox 1801 3020 1870 3072; x_wconf 87' lang='lat' dir='ltr'>ad</span> <span class='ocrx_word' id='word_1_296' title='bbox 1911 3040 1989 3073; x_wconf 89' lang='lat' dir='ltr'>re-</span> 
     </span>
     <span class='ocr_line' id='line_1_36' title="bbox 121 3109 1989 3180; baseline 0.001 -18"><span class='ocrx_word' id='word_1_297' title='bbox 121 3109 399 3162; x_wconf 87' lang='lat' dir='ltr'>movenda</span> <span class='ocrx_word' id='word_1_298' title='bbox 439 3109 528 3160; x_wconf 85' lang='lat' dir='ltr'>vel</span> <span class='ocrx_word' id='word_1_299' title='bbox 577 3127 687 3161; x_wconf 91' lang='lat' dir='ltr'>non</span> <span class='ocrx_word' id='word_1_300' title='bbox 741 3111 1001 3180; x_wconf 88' lang='lat' dir='ltr'>ponenda</span> <span class='ocrx_word' id='word_1_301' title='bbox 1059 3110 1476 3180; x_wconf 87' lang='lat' dir='ltr'>impedimenta,</span> <span class='ocrx_word' id='word_1_302' title='bbox 1533 3128 1673 3179; x_wconf 87' lang='lat' dir='ltr'>quae</span> <span class='ocrx_word' id='word_1_303' title='bbox 1715 3110 1811 3161; x_wconf 91' lang='lat' dir='ltr'>fini</span> <span class='ocrx_word' id='word_1_304' title='bbox 1853 3110 1989 3163; x_wconf 91' lang='lat' dir='ltr'>obti-</span> 
     </span>
    </p>
   </div>
   <div class='ocr_carea' id='block_1_10' title="bbox 120 3198 873 3268">
    <p class='ocr_par' dir='ltr' id='par_1_12' title="bbox 120 3198 873 3268">
     <span class='ocr_line' id='line_1_37' title="bbox 120 3198 873 3268; baseline 0.005 -19"><span class='ocrx_word' id='word_1_305' title='bbox 120 3198 301 3250; x_wconf 89' lang='lat' dir='ltr'>nendo</span> <span class='ocrx_word' id='word_1_306' title='bbox 343 3199 595 3268; x_wconf 85' lang='lat' dir='ltr'>proxime</span> <span class='ocrx_word' id='word_1_307' title='bbox 636 3200 873 3254; x_wconf 64' lang='lat' dir='ltr'>obstant·</span> 
     </span>
    </p>
   </div>
   <div class='ocr_carea' id='block_1_11' title="bbox 122 3287 1993 3494">
    <p class='ocr_par' dir='ltr' id='par_1_13' title="bbox 122 3287 1993 3494">
     <span class='ocr_line' id='line_1_38' title="bbox 274 3287 1990 3344; baseline 0.002 -14"><span class='ocrx_word' id='word_1_308' title='bbox 274 3287 359 3341; x_wconf 83' lang='lat' dir='ltr'>Qui</span> <span class='ocrx_word' id='word_1_309' title='bbox 391 3288 489 3343; x_wconf 85' lang='lat' dir='ltr'>ipso</span> <span class='ocrx_word' id='word_1_310' title='bbox 524 3288 595 3332; x_wconf 86' lang='lat' dir='ltr'>die</span> <span class='ocrx_word' id='word_1_311' title='bbox 626 3288 787 3333; x_wconf 90' lang='lat' dir='ltr'>ieiunii</span> <span class='ocrx_word' id='word_1_312' title='bbox 821 3289 918 3334; x_wconf 87' lang='lat' dir='ltr'>sine</span> <span class='ocrx_word' id='word_1_313' title='bbox 958 3290 1082 3333; x_wconf 85' lang='lat' dir='ltr'>iusta</span> <span class='ocrx_word' id='word_1_314' title='bbox 1126 3303 1262 3334; x_wconf 86' lang='lat' dir='ltr'>causa</span> <span class='ocrx_word' id='word_1_315' title='bbox 1303 3293 1521 3333; x_wconf 80' lang='lat' dir='ltr'>venatum</span> <span class='ocrx_word' id='word_1_316' title='bbox 1569 3289 1678 3344; x_wconf 81' lang='lat' dir='ltr'>exit,</span> <span class='ocrx_word' id='word_1_317' title='bbox 1721 3289 1990 3344; x_wconf 81' lang='lat' dir='ltr'>praevidens</span> 
     </span>
     <span class='ocr_line' id='line_1_39' title="bbox 123 3362 1991 3420; baseline 0.001 -15"><span class='ocrx_word' id='word_1_318' title='bbox 123 3374 171 3405; x_wconf 87' lang='lat' dir='ltr'>se</span> <span class='ocrx_word' id='word_1_319' title='bbox 202 3374 310 3417; x_wconf 85' lang='lat' dir='ltr'>prae</span> <span class='ocrx_word' id='word_1_320' title='bbox 341 3362 616 3407; x_wconf 87' lang='lat' dir='ltr'>lassitudine</span> <span class='ocrx_word' id='word_1_321' title='bbox 647 3376 696 3407; x_wconf 91' lang='lat' dir='ltr'>eo</span> <span class='ocrx_word' id='word_1_322' title='bbox 731 3364 803 3408; x_wconf 90' lang='lat' dir='ltr'>die</span> <span class='ocrx_word' id='word_1_323' title='bbox 824 3364 1028 3408; x_wconf 88' lang='lat' dir='ltr'>ieiunare</span> <span class='ocrx_word' id='word_1_324' title='bbox 1049 3377 1139 3408; x_wconf 90' lang='lat' dir='ltr'>non</span> <span class='ocrx_word' id='word_1_325' title='bbox 1161 3377 1305 3420; x_wconf 86' lang='lat' dir='ltr'>posse,</span> <span class='ocrx_word' id='word_1_326' title='bbox 1338 3368 1495 3408; x_wconf 84' lang='lat' dir='ltr'>contra</span> <span class='ocrx_word' id='word_1_327' title='bbox 1517 3367 1808 3419; x_wconf 84' lang='lat' dir='ltr'>praeceptum</span> <span class='ocrx_word' id='word_1_328' title='bbox 1831 3363 1991 3407; x_wconf 90' lang='lat' dir='ltr'>ieiunii</span> 
     </span>
     <span class='ocr_line' id='line_1_40' title="bbox 122 3437 1993 3494; baseline 0.001 -14"><span class='ocrx_word' id='word_1_329' title='bbox 122 3440 297 3492; x_wconf 82' lang='lat' dir='ltr'>peccat3</span> <span class='ocrx_word' id='word_1_330' title='bbox 347 3441 392 3481; x_wconf 84' lang='lat' dir='ltr'>et</span> <span class='ocrx_word' id='word_1_331' title='bbox 441 3437 517 3492; x_wconf 91' lang='lat' dir='ltr'>qui</span> <span class='ocrx_word' id='word_1_332' title='bbox 568 3438 640 3482; x_wconf 89' lang='lat' dir='ltr'>die</span> <span class='ocrx_word' id='word_1_333' title='bbox 686 3441 805 3483; x_wconf 76' lang='lat' dir='ltr'>festo</span> <span class='ocrx_word' id='word_1_334' title='bbox 847 3453 980 3484; x_wconf 88' lang='lat' dir='ltr'>mane</span> <span class='ocrx_word' id='word_1_335' title='bbox 1023 3453 1069 3484; x_wconf 85' lang='lat' dir='ltr'>se</span> <span class='ocrx_word' id='word_1_336' title='bbox 1114 3439 1326 3494; x_wconf 86' lang='lat' dir='ltr'>inebriat,</span> <span class='ocrx_word' id='word_1_337' title='bbox 1374 3438 1643 3494; x_wconf 83' lang='lat' dir='ltr'>praevidens</span> <span class='ocrx_word' id='word_1_338' title='bbox 1677 3451 1722 3481; x_wconf 88' lang='lat' dir='ltr'>se</span> <span class='ocrx_word' id='word_1_339' title='bbox 1753 3441 1993 3494; x_wconf 85' lang='lat' dir='ltr'>propterea</span> 
     </span>
    </p>
   </div>
   <div class='ocr_carea' id='block_1_12' title="bbox 1806 3622 1826 3636">
    <p class='ocr_par' dir='ltr' id='par_1_14' title="bbox 1806 3622 1826 3636">
     <span class='ocr_line' id='line_1_41' title="bbox 1806 3622 1826 3636; baseline 0 0"><span class='ocrx_word' id='word_1_340' title='bbox 1806 3622 1826 3636; x_wconf 65' lang='lat' dir='ltr'>-G</span> 
     </span>
    </p>
   </div>
  </div>
 </body>
</html>
