2269 3898
312 167 397 209 154
1046 162 1111 204 De
1144 159 1450 203 matrimonio.

312 299 619 355 peragendum
652 296 907 351 imponitur
940 309 974 338 e.
1010 309 1054 350 g.
1089 293 1285 348 singulis
1317 293 1614 336 hebdomadis
1656 294 1793 336 semel
1835 298 1917 336 aut
1962 293 2030 336 bis
2072 306 2192 336 rosa·

312 375 428 417 rium
462 373 665 416 recitare.
701 371 894 426 singulis
927 368 1222 413 hebdomadis
1256 368 1393 411 semel
1441 381 1616 410 sacrum
1661 368 1833 422 audire,
1874 367 2069 422 singulis
2120 368 2197 410 do-

313 448 491 490 minicis
526 447 638 489 siam
675 446 822 489 erneis
856 457 1086 499 peragere,
1137 443 1299 485 saltem
1344 442 1480 485 semel
1528 441 1574 484 in
1625 454 1777 485 mense
1826 456 1860 486 S.
1907 445 2196 485 sacramenta

314 522 536 576 suscipere
589 527 672 563 etc.
736 518 1029 562 Poenitentia
1072 517 1232 573 §raris
1285 519 1329 559 et
1379 516 1599 558 diuturna
1634 520 1754 559 esset
1805 515 2027 559 eiusmodi
2080 528 2196 571 opus

313 595 635 651 poenitentiae,
670 595 787 648 quod
822 607 899 648 per
932 598 1024 636 tres
1057 605 1213 646 annos,
1246 595 1327 634 aut
1360 604 1439 645 per
1473 591 1583 633 duos
1617 590 1725 645 quin
1758 590 1898 633 etiam
1940 604 2019 645 per
2049 604 2188 633 unum

313 683 480 713 annum
525 669 833 724 peragendum
882 667 1158 721 iniungitur.
1231 665 1523 708 Poenitent-ia
1565 664 1842 720 ffl'acissima
1892 668 1937 707 et
1965 667 2195 721 perpetua

315 750 434 787 esset
467 742 689 786 eiusmodi
724 755 835 796 opus
867 754 1009 796 usque
1042 741 1099 783 ad
1133 745 1325 782 mortem
1359 739 1682 794 peragendum.

464 833 499 874 h.
534 831 826 875 Poenitentia
858 830 906 873 in
939 829 1203 873 executione
1236 827 1590 883 dispensationis
1629 827 1981 871 matrimonialis
2021 825 2194 882 imponi

314 910 359 949 et-
391 905 617 960 acceptari
650 904 832 959 quidem
868 904 1015 958 debet,
1049 903 1126 946 sed
1172 902 1451 957 dispensatio
1493 915 1584 945 non
1626 901 1836 945 redditur
1875 901 2104 956 invalida,
2145 914 2197 945 eo

314 981 431 1035 quod
465 979 752 1035 poenitentia
783 978 1001 1033 imposita
1033 992 1060 1021 a
1093 977 1355 1032 dispensato
1395 990 1486 1019 non
1529 976 1808 1031 impletur¹);
1863 989 2007 1031 neque
2053 976 2101 1018 in
2145 989 2199 1019 eo

314 1068 433 1109 casu,
468 1067 553 1109 quo
590 1054 880 1108 dispensatus
913 1067 969 1096 ne
1000 1051 1302 1095 intentionem
1338 1051 1520 1105 quidem
1565 1064 1664 1094 eam
1707 1050 1930 1106 implendi
1973 1048 2198 1104 habeat2).

465 1159 513 1212 5.
561 1158 700 1210 Cum
763 1158 1102 1226 dispensatio
1165 1175 1388 1207 manere
1451 1155 1651 1207 debeat
1710 1156 1941 1223 occulta,
2003 1158 2061 1207 in
2119 1175 2196 1207 re-

315 1250 516 1317 scripto
562 1247 991 1316 dispensationis
1034 1248 1386 1297 continentur
1412 1245 1550 1296 haec
1592 1245 1791 1297 verba:
1824 1245 2200 1316 praesentibus

316 1338 507 1390 litteris
550 1337 641 1389 sub
676 1356 855 1407 poena
897 1338 1449 1388 651360ηῑφηῑιηὶσατίοηίε
1491 1334 1633 1387 latae
1675 1337 1962 1387 sententiae
2010 1354 2112 1406 per
2153 1344 2203 1386 te

312 1438 432 1498 post
474 1429 824 1479 excecationem
882 1428 1061 1478 statim
1105 1426 1400 1478 destructi&
1481 1425 1797 1477 Destructio
1851 1427 2032 1478 statim
2072 1427 2107 1479 i.
2152 1443 2198 1478 e.

317 1518 509 1569 saltem
564 1519 706 1568 inter
761 1516 1010 1568 triduum
1065 1515 1323 1567 facienda
1365 1524 1446 1566 est
1487 1515 1834 1568 comburendo
1875 1515 1965 1567 vel
2005 1514 2197 1567 dilace-

315 1608 487 1659 rando
530 1608 876 1676 rescriptum.
959 1606 1126 1658 Hisce
1184 1614 1370 1657 tamen
1429 1606 1797 1657 confessarius
1852 1623 1963 1656 non
2020 1604 2199 1674 prohi-

318 1698 477 1749 betur
510 1696 721 1748 litteras
764 1696 1069 1765 descriptas
1096 1713 1192 1765 pro
1236 1714 1334 1746 sua
1376 1697 1740 1747 instructione
1767 1713 2003 1761 servare,
2048 1695 2199 1746 dum-

319 1787 479 1838 modo
538 1790 723 1837 omnia
785 1787 1124 1851 omittantur,
1189 1803 1257 1835 ex
1320 1784 1520 1853 quibus
1577 1802 1812 1853 persona
1867 1784 2204 1853 poenitentis

317 1877 574 1944 cognosci
617 1876 803 1944 possit.

467 1996 515 2048 6.
561 1993 618 2046 Si
660 1995 1125 2064 impedimentum
1182 2012 1349 2044 unam
1403 2002 1618 2044 tantum
1675 2002 1887 2062 partem
1929 1993 2104 2044 afficit
2143 2001 2204 2044 ut

319 2095 508 2136 votum
553 2085 835 2150 castitatis7
891 2082 980 2134 vel
1021 2085 1065 2134 si
1108 2102 1177 2134 ex
1229 2084 1392 2134 unius
1445 2092 1662 2135 tantum
1707 2083 1868 2154 culpa
1910 2084 2201 2136 inductum

319 2185 400 2226 est
440 2184 500 2226 ut
553 2174 795 2226 affinitas
852 2193 921 2225 ex
964 2173 1162 2243 copula
1202 2173 1413 2239 illicita,
1471 2174 1677 2226 sufficit
1730 2193 1856 2226 cum
1898 2193 2009 2226 una
2048 2184 2206 2245 parte

322 2265 658 2334 dispensare.
739 2265 815 2315 At
857 2265 900 2315 si
944 2263 1407 2333 impedimentum
1464 2266 1683 2334 utrique
1724 2265 1868 2334 parti
1911 2282 2204 2316 commune

319 2353 407 2405 vel
465 2373 531 2405 ex
591 2356 877 2424 utriusque
936 2353 1099 2423 culpa
1158 2353 1448 2405 inductum
1508 2363 1589 2406 est
1640 2362 1702 2406 ut
1741 2354 2202 2422 impedimentum

320 2445 584 2512 criminis,
648 2452 882 2513 utraque
943 2463 1070 2513 pars
1133 2444 1529 2495 confessarium
1589 2446 1726 2512 (sive
1788 2443 2025 2495 eundem
2086 2445 2204 2495 sive

320 2535 485 2584 etiam
528 2533 832 2600 diversum)
886 2533 1039 2585 adire
1094 2542 1147 2585 et
1188 2533 1659 2603 dispensationem
1711 2535 1964 2603 accipere
2021 2532 2200 2585 debet.

469 2667 509 2697 [ι.
546 2653 590 2695 Si
623 2653 770 2696 altera
802 2666 906 2708 pars
939 2653 1081 2696 alium
1115 2653 1250 2708 eligit
1295 2653 1635 2707 confessarium,
1676 2653 1948 2709 rescriptum
1991 2667 2018 2696 a
2058 2653 2206 2708 primo

320 2727 592 2771 confessario
624 2728 754 2771 reddi
790 2727 923 2771 debet
955 2728 1226 2783 poenitenti,
1260 2728 1336 2783 qui
1369 2728 1487 2772 illud
1530 2727 1679 2771 tradit
1723 2728 1960 2783 comparti,
2003 2732 2057 2771 ut
2096 2728 2206 2771 haec

322 2803 707 2858 dispensationem
741 2817 767 2845 a
801 2816 880 2846 suo
914 2803 1186 2846 confessario
1219 2809 1373 2858 petere
1405 2801 1603 2858 possitss).

471 2892 507 2934 b.
542 2892 795 2947 Utriusque
845 2892 992 2947 partis
1042 2892 1323 2947 dispensatio
1364 2906 1454 2936 non
1500 2891 1751 2947 requiritur
1799 2893 1857 2936 ad
1906 2892 2204 2936 auferendum

322 2966 717 3021 impedimentum,
771 2967 905 3021 quod,
958 2979 1059 3010 cum
1094 2967 1156 3010 sit
1194 2966 1491 3022 indivisibile,
1543 2981 1636 3010 una
1677 2967 2016 3022 dispensatione
2058 2967 2205 3021 quoad

322 3048 564 3095 utramque
596 3045 773 3096 partem
807 3043 1031 3096 aufertur,
1065 3042 1142 3084 sed
1174 3046 1228 3085 ut
1261 3042 1546 3097 poenitentia
1595 3041 1812 3085 salutaris
1855 3041 2039 3097 utrique
2083 3040 2205 3097 part-i

322 3115 600 3169 imponatur,
635 3127 734 3156 cum
768 3115 1008 3170 utriusque
1041 3115 1103 3158 sit-
1135 3115 1270 3171 culpa
1303 3116 1607 3170 communiss).

480 3307 509 3361 ¹)
543 3307 586 3350 S.
623 3309 876 3351 Poenitem‘.
913 3310 981 3352 14.
1016 3317 1131 3365 sept.
1167 3310 1296 3353 1891.

476 3381 508 3436 ²)
542 3383 587 3425 S.
624 3383 875 3426 Poem'tent.
913 3384 980 3426 12.
1017 3398 1119 3427 nov.
1156 3385 1283 3428 1891.

477 3455 509 3507 3>
542 3448 591 3500 S.
622 3458 877 3501 Poem‘tent.
914 3459 981 3502 15.
1016 3473 1118 3502 nov.
1155 3460 1283 3503 1748.

477 3533 509 3584 ⁴)
543 3531 588 3575 S.
624 3533 876 3576 Poenitent.
914 3534 950 3575 7.
984 3532 1096 3576 febr.
1132 3533 1261 3577 1839..
