2269 3898
291 144 376 187 120
1017 143 1100 185 III.
1136 143 1203 186 De
1235 143 1427 199 legibus.

441 276 568 330 104.
613 291 951 334 obiectiones.
993 291 1032 336 1.
1067 291 1323 345 Haeretici,
1356 291 1436 349 qui
1470 292 1678 338 consilia
1711 293 2016 351 impugnant,
2051 309 2160 341 con-

290 365 496 411 tendunt
531 366 682 410 bonas
718 364 955 422 actiones,
989 379 1109 423 quas
1135 379 1370 412 exercere
1395 379 1663 424 possumus,
1698 381 1862 413 omnes
1887 382 1994 415 esse
2018 384 2160 428 prae-

291 445 484 496 ceptas:
530 438 593 483 ad
639 439 765 495 quod
812 439 1245 485 demonstrandum
1292 447 1564 498 provocant
1599 442 1662 487 ad
1694 442 1840 488 varia
1873 443 2161 490 testimonia

291 527 325 557 s.
361 514 661 571 scripturae:

438 601 478 630 α.
514 588 673 630 Estote
708 602 814 645 erqo
849 602 923 632 cos
952 589 1171 646 perfecti,
1218 589 1336 632 sient
1377 593 1422 633 et
1452 591 1598 634 Pater
1631 594 1779 635 cester
1819 592 2023 636 coelestis
2050 607 2161 649 per-

279 662 434 717 fectus
476 661 616 717 est1j‘1:
659 663 830 721 quibus
864 663 1030 709 verbis
1075 662 1417 722 praecipiatur
1450 666 1604 711 omnis
1650 666 1800 712 etiam
1832 668 2161 724 praestantis-

289 735 411 780 sima
435 736 691 794 perfectio,
730 751 820 795 qua
845 737 956 783 Deo
981 738 1167 783 similes
1192 737 1302 784 fieri
1326 739 1580 797 possimus.
1610 765 1659 769 —-
1686 740 1874 786 Verum
1896 741 1971 786 his
1993 742 2162 787 verbis

289 824 381 855 non
416 811 569 856 omnis
604 810 862 869 perfectio,
898 812 985 858 sed
1019 812 1109 857 illa
1144 812 1282 858 nobis
1315 813 1636 872 praecipitur,
1673 828 1795 871 quae
1820 815 1872 860 in
1895 816 2160 862 dilectione

290 885 595 931 inimicorum
631 887 858 932 consistit
893 888 953 943 (v.
987 887 1085 942 44);
1126 887 1268 933 huius
1304 888 1543 934 exercitio
1578 889 1765 934 similes
1801 890 1980 935 erimus
2014 889 2164 935 Patri

291 961 508 1015 coelesti,
544 961 622 1016 qni
651 962 786 1004 solem
820 975 949 1005 sunm
984 962 1105 1004 oriri
1124 962 1250 1018 facit
1279 976 1416 1018 super
1450 963 1584 1006 bonos
1619 967 1663 1006 ef
1692 964 1849 1007 malos.

438 1036 475 1078 b.
510 1035 691 1092 Dilisjes
723 1036 947 1079 dominum
982 1037 1128 1078 Deum
1163 1040 1286 1079 tunm
1321 1050 1378 1079 ex
1410 1039 1498 1079 toto
1531 1037 1666 1081 corde
1698 1041 1772 1080 tuo
1805 1072 1812 1080 .
1840 1072 1847 1080 .
1875 1072 1883 1080 .
1919 1041 1963 1080 et
1992 1038 2037 1080 in
2071 1041 2162 1081 tota

289 1114 435 1153 mente
468 1110 624 1165 tuan:
668 1110 841 1168 quibus
879 1124 948 1167 ρο,
985 1111 1110 1168 quod
1142 1109 1373 1168 perfecta
1408 1112 1597 1157 caritas
1632 1112 1771 1157 nobis
1804 1111 2164 1170 praecipiatur,

291 1185 524 1243 quidquid
574 1183 895 1242 perfectionis
946 1185 1140 1242 assequi
1191 1187 1453 1243 possimus,
1505 1187 1644 1232 nobis
1692 1186 2051 1245 praecipiatur.
2110 1212 2160 1217 —-

290 1260 474 1305 Verum
508 1259 584 1304 his
617 1260 784 1305 verbis
821 1259 1007 1305 caritas
1041 1260 1351 1318 praecipitur
1386 1260 1721 1318 appretiative
1755 1260 1999 1320 perfecta,
2035 1276 2159 1320 quae

288 1335 339 1379 in
373 1348 427 1380 eo
464 1334 703 1391 consistit,
739 1335 865 1392 quod
907 1349 1044 1380 omne
1089 1340 1348 1393 peccatum
1393 1335 1621 1390 vitemus,
1654 1350 1808 1394 grave
1844 1337 2037 1394 quidem
2072 1338 2158 1382 sub

290 1423 447 1468 poena
484 1416 705 1466 aeterna,
741 1410 850 1456 leve
888 1415 1051 1455 autem
1087 1411 1173 1456 sub
1208 1424 1368 1468 poena
1400 1411 1679 1468 temporali.

437 1483 477 1529 2.
520 1483 744 1530 Moderni
777 1486 1058 1528 oeconomiae
1089 1486 1338 1529 nationalis
1370 1487 1567 1529 cultores
1611 1485 1820 1531 consilia
1855 1485 2162 1543 evangelica,

288 1560 587 1618 praesertim
633 1573 750 1605 vero
794 1565 1141 1618 paupertatem
1187 1565 1237 1605 et
1279 1560 1625 1618 virginitatem
1667 1561 1958 1619 impugnant
2012 1561 2164 1607 veluti

291 1635 541 1680 contraria
575 1636 698 1680 bono
735 1635 975 1681 communi
1009 1636 1282 1681 societatis.
1308 1661 1365 1666 ——
1388 1636 1575 1683 Verum
1603 1650 1768 1682 eorum
1804 1634 2074 1682 difficultas
2109 1650 2163 1682 eo

290 1710 461 1766 oritur,
497 1710 617 1767 quod
657 1710 714 1755 de
750 1712 873 1756 bono
909 1710 1082 1756 sociali
1117 1724 1208 1756 non
1243 1716 1381 1756 recte
1416 1711 1688 1756 sentientes
1722 1711 1865 1757 unice
1900 1712 1949 1756 in
1974 1711 2164 1756 cumulo

294 1784 580 1830 divitiarum
617 1791 663 1830 et
700 1785 749 1830 in
784 1798 959 1842 magno
992 1784 1238 1830 hominum
1273 1799 1475 1830 numero
1510 1785 1635 1831 illud
1668 1783 1796 1831 falso
1832 1786 2089 1831 collocent.

920 2306 1260 2390 Quaestio
1310 2307 1554 2372 tertia.

807 2444 909 2495 De
970 2442 1169 2507 lege
1230 2441 1664 2495 humana.

940 2586 1237 2644 Articulus
1277 2587 1513 2660 primua

719 2711 808 2750 De
853 2711 1134 2749 auctore
1178 2710 1352 2758 legis
1393 2710 1733 2750 humanae.

445 2840 574 2896 105.
617 2842 893 2896 Potestas
935 2842 1292 2896 necessaria.
1376 2843 1421 2894 l.
1465 2842 1532 2893 In
1572 2841 1882 2910 legislatore
1922 2842 2167 2893 humano

295 2930 366 2982 ad
406 2930 583 3000 legem
626 2933 727 2983 rite
770 2932 1118 2983 condendam
1170 2931 1276 2983 duo
1325 2933 1711 3001 requiruntur:
1767 2952 1814 2984 α.
1866 2932 2167 2984 iurisdictio

296 3038 392 3071 seu
433 3028 674 3089 potestas
715 3022 944 3089 regendi
992 3021 1112 3073 illos
1160 3030 1447 3091 tamquam
1501 3021 1768 3088 subditos,
1824 3021 2025 3091 quibus
2077 3021 2168 3072 lex

297 3110 628 3178 imponitur3
688 3110 732 3164 b.
790 3119 1030 3180 potestas
1090 3112 1147 3162 in
1204 3110 1354 3162 illam
1409 3111 1802 3180 particularem
1860 3111 2164 3177 materiam,

300 3200 446 3250 circa
487 3217 651 3269 quam
693 3198 784 3250 lex
825 3208 1090 3263 versatur,
1135 3219 1301 3270 quam
1357 3208 1682 3270 potestatem
1725 3201 1919 3252 dicunt
1969 3218 2164 3269 compe-

296 3290 526 3341 tentiam.
626 3287 913 3358 Siquidem
973 3289 1254 3358 legislator
1311 3289 1588 3341 humanus
1647 3289 1896 3360 legitima
1954 3287 2167 3358 pollens

445 3436 477 3491 1>
511 3438 677 3483 Matth.
712 3437 752 3493 5,
786 3438 855 3480 48.

444 3509 477 3564 2>
508 3512 674 3555 Matth.
708 3512 778 3566 22,
812 3513 879 3555 37.
