2269 3898
238 163 295 205 60
968 157 1035 200 De
1067 156 1375 200 matrimonio.

239 295 478 347 reddunt
520 291 839 345 notabiliter
881 290 1183 357 difficilius,
1241 292 1342 342 etsi
1394 290 1532 342 illud
1582 292 1769 343 minus
1818 292 2121 362 appetibile

238 383 470 435 reddant
524 390 576 433 et
631 380 787 432 alteri
840 381 983 449 parti
1037 379 1283 449 aliquam
1336 381 1617 432 tristitiam
1672 381 1924 448 afferant,
1980 383 2122 433 sicut

241 491 349 524 non
393 480 471 523 est
513 470 776 538 obligatio
820 471 877 520 in
919 467 1298 521 contractibus
1346 468 1583 522 leviores
1633 472 1831 522 mercis
1874 470 2122 523 defectus

240 561 646 613 manifestandi.
729 559 904 611 Nemo
967 559 1116 610 enim
1174 565 1393 610 tenetur
1451 560 1692 629 seipsum
1749 560 2021 612 infamare
2070 569 2122 613 et

241 668 335 719 spe
389 648 642 702 nubendi
702 649 952 718 privare,
1010 647 1103 698 ubi
1159 646 1377 699 silentio
1432 666 1529 700 suo
1585 650 1672 701 ius
1728 649 1954 701 alterius
2011 668 2122 702 non

238 739 423 792 laedit.
505 739 562 792 Si
604 747 794 790 tamen
835 736 1147 789 timendum
1191 745 1348 803 esset,
1405 756 1474 788 ne
1530 746 1653 808 post
1705 741 2122 792 matrimonium

240 848 325 880 res
366 828 550 898 palam
592 828 687 879 fiat
728 836 781 879 et
823 826 1027 878 exinde
1069 827 1278 878 oriatur
1326 828 1631 880 infaustum
1686 830 2118 895 matrimonium,

239 917 428 970 saltem
488 937 556 969 ex
612 919 840 969 caritate
901 925 1221 968 tenerentur
1273 916 1630 969 manifestare
1690 917 1966 970 defectum
2028 927 2124 970 aut

237 1007 513 1060 abstinere
555 1027 584 1058 a
629 1008 1035 1058 coniunctione.

391 1097 628 1140 Eiusmodi
663 1097 867 1139 defectus
911 1100 1039 1139 sunt:
1092 1096 1376 1151 deformitas,
1424 1095 1709 1151 ignobilitas,
1757 1101 2019 1153 paupertas,
2062 1097 2127 1141 in-

239 1173 360 1215 doles
394 1186 554 1227 aspera
586 1179 632 1215 et
665 1171 897 1225 iracunda,
932 1170 1203 1214 inhabilitas
1244 1171 1300 1214 ad
1343 1171 1542 1226 gerenda
1584 1171 1788 1226 negotia,
1829 1172 1888 1216 ad
1935 1172 2127 1216 admini-

240 1248 474 1291 strandam
512 1247 692 1289 domum
728 1251 811 1290 etc.

386 1381 484 1436 60.
527 1381 779 1435 Muta-tio
816 1380 1130 1449 notabilis,
1175 1399 1315 1450 quae
1357 1380 1709 1450 sponsalibus
1737 1383 2125 1450 superveniat:

241 1471 518 1541 sponsalia
560 1472 706 1522 enim
751 1479 1047 1522 censentur
1088 1471 1226 1522 inita
1267 1469 1369 1522 sub
1410 1471 1514 1523 bac
1556 1472 1725 1523 tacita
1766 1471 2124 1524 condicione:

240 1563 288 1612 si
337 1580 419 1613 res
471 1563 529 1613 in
582 1561 759 1612 eodem
812 1569 953 1612 statu
1001 1570 1333 1631 permanent,
1386 1561 1553 1631 idque
1596 1580 1664 1613 ne
1707 1563 2123 1614 matrimonium

240 1651 516 1703 infelicem
559 1653 768 1702 exitum
813 1653 883 1702 sit
925 1650 1266 1704 habiturum.

386 1741 587 1784 Mutatio
619 1740 834 1783 notabilis
866 1740 1021 1784 induci
1056 1744 1264 1784 censetur
1307 1741 1468 1795 quavis
1513 1741 1874 1795 circumstant-ia,
1919 1755 2046 1796 quae,
2087 1741 2125 1785 si

238 1822 345 1859 ante
376 1816 497 1860 inita
530 1816 761 1871 sponsalia
794 1816 1029 1859 extitisset
1062 1821 1145 1859 aut
1178 1816 1363 1871 cognita
1387 1816 1567 1870 fuisset,
1601 1830 1627 1859 a
1651 1815 1973 1859 contrahendis
1997 1829 2125 1871 spon·

238 1890 407 1933 salibus
451 1890 744 1934 retraxisset:
801 1890 1023 1933 eiusmodi
1072 1895 1226 1934 autem
1285 1898 1354 1934 est
1395 1891 1582 1946 quaevis
1623 1890 1994 1945 circumstantia,
2037 1904 2126 1945 qua

237 1965 508 2020 promissum
544 1965 889 2009 matrimonium
938 1978 1042 2008 vere
1091 1965 1301 2009 redditur
1349 1966 1495 2009 multo
1544 1965 1747 2021 gravius,
1793 1965 2031 2008 difficilius
2080 1970 2127 2010 et

239 2040 488 2084 molestius.
553 2040 752 2083 Mutatio
786 2040 896 2083 haec
933 2040 1136 2083 accidere
1169 2044 1322 2095 potest
1371 2041 1442 2084 vel
1490 2040 1537 2083 in
1589 2039 1717 2083 bonis
1765 2039 1908 2083 animi
1957 2041 2028 2083 vel
2077 2041 2125 2084 in

240 2115 367 2159 bonis
401 2115 597 2170 corporis
630 2115 702 2158 vel
734 2115 782 2158 in
816 2115 947 2158 bonis
979 2116 1205 2159 fortunae.

387 2205 428 2233 α.
463 2191 516 2233 In
553 2191 679 2234 bonis
712 2191 878 2233 animi:
921 2190 1077 2247 gravis
1120 2204 1294 2234 morum
1337 2190 1578 2246 asperitaS,
1611 2190 1852 2246 propensio
1885 2190 1943 2234 ad
1991 2190 2126 2234 ebrie-

238 2270 399 2321 tatem,
440 2266 615 2321 ludum,
663 2265 972 2321 impietatem;
1025 2266 1063 2309 si
1118 2265 1219 2321 quis
1267 2270 1400 2309 atrox
1449 2265 1619 2309 crimen
1667 2265 1940 2309 committit:
1992 2269 2127 2309 atrox

240 2341 407 2384 crimen
440 2341 557 2384 illud
589 2345 812 2396 censetur,
863 2342 980 2396 quod
1030 2355 1172 2397 grave
1221 2341 1438 2384 damnum
1488 2341 1560 2383 vel
1608 2340 1850 2384 infamiam
1899 2340 2024 2396 parit
2071 2345 2126 2383 ut

239 2416 450 2471 haeresis,
484 2416 796 2472 homicidium,
830 2429 971 2471 grave
1002 2418 1196 2460 furtum.

389 2492 425 2534 b.
461 2491 514 2534 In
551 2491 678 2534 bonis
709 2492 940 2547 corporis:
973 2491 1156 2537 morbus
1188 2490 1459 2535 insanabilis
1492 2491 1566 2534 vel
1599 2490 1907 2546 contagiosus,
1940 2489 2125 2534 amissio

240 2566 497 2609 venustatis
531 2566 799 2622 praesertim
833 2566 881 2609 in
915 2580 1104 2622 sponsa;
1138 2565 1349 2620 caecitas,
1382 2565 1598 2609 abscissio
1631 2565 1834 2609 membri.

388 2656 421 2684 c.
455 2641 509 2684 In
547 2641 674 2685 bonis
689 2642 949 2699 fortunae:
983 2641 1307 2697 superveniens
1345 2646 1592 2696 paupertas
1635 2641 1683 2684 in
1725 2645 1921 2695 utroque
1963 2652 2127 2695 sponso

241 2717 424 2770 utrique
457 2716 663 2759 concedit
694 2717 966 2760 facultatem
1001 2715 1249 2770 resiliendi,
1298 2715 1405 2769 quia
1437 2728 1491 2758 ex
1538 2719 1734 2770 utraque
1780 2719 1913 2770 parte
1959 2713 2128 2758 accidit

239 2791 456 2834 notabilis
490 2791 687 2835 mutatio
712 2795 758 2835 et
781 2790 1128 2834 matrimonium
1152 2790 1336 2845 utrique
1360 2790 1571 2834 redditur
1593 2789 1800 2845 gravius;
1839 2789 1876 2833 si
1900 2789 2124 2833 alteruter

241 2865 431 2909 amittat
463 2865 712 2910 notabilem
746 2871 925 2921 partem
961 2865 1195 2920 bonorum,
1229 2866 1377 2908 altera
1412 2879 1532 2920 pars,
1565 2864 1693 2908 cuius
1726 2864 1844 2908 bona
1875 2863 2127 2908 immutata

241 2947 440 2995 manent,
473 2941 648 2983 resilire
693 2945 870 2995 potest:
924 2941 962 2984 si
996 2954 1161 2996 sponsa
1210 2941 1446 2996 detegitur
1498 2954 1588 2984 non
1641 2939 1806 2983 habere
1855 2939 2030 2989 dotem;
2088 2938 2125 2982 si

242 3028 404 3070 sponso
437 3016 651 3058 adveniat
687 3015 874 3071 pinguis
906 3015 1159 3067 hereditas;
1195 3016 1314 3070 quod
1349 3015 1385 3058 si
1420 3015 1536 3059 bona
1569 3014 1723 3070 sponsi
1746 3021 1935 3058 manent
1967 3014 2127 3057 immu-

243 3094 343 3133 tata
376 3096 422 3133 et
456 3090 600 3133 solum
635 3104 825 3145 sponsae
858 3090 1033 3134 accedit
1066 3090 1254 3146 pinguis
1286 3090 1532 3144 hereditas,
1565 3089 1868 3133 communiter
1899 3087 2006 3131 huic
2037 3101 2128 3131 non

243 3163 504 3207 conceditur
535 3163 605 3206 ius
639 3164 870 3208 resiliendi
912 3179 938 3208 a
988 3165 1298 3220 sponsalibus;
1346 3170 1396 3208 at
1444 3178 1533 3207 non
1581 3163 1767 3208 videtur
1812 3162 2128 3218 improbabilis

245 3238 488 3293 sententia,
523 3251 635 3292 quae
669 3239 808 3282 etiam
844 3252 1033 3294 sponsae
1066 3239 1115 3282 in
1148 3240 1231 3283 hoc
1264 3253 1370 3283 casu
1403 3239 1474 3282 ius
1510 3238 1771 3282 discedendi
1804 3237 1986 3292 tribuit,
2020 3236 2126 3292 quia

243 3313 280 3356 si
329 3313 630 3356 mutationem
679 3315 886 3357 futuram
934 3314 1253 3369 praevidisset,
1303 3313 1534 3370 sponsalia
1575 3327 1666 3357 non
1714 3311 2038 3363 contraxisset;
2090 3311 2127 3354 si

243 3389 464 3432 alteruter
496 3391 565 3431 est
597 3387 740 3431 nimio
773 3401 874 3432 aere
907 3389 1054 3432 alieno
1089 3393 1327 3444 gravatus,
1362 3388 1472 3444 quin
1505 3388 1630 3435 adsit
1663 3401 1782 3443 spes,
1822 3389 1920 3430 fore
1959 3391 2014 3430 ut
2046 3386 2128 3429 sol-

245 3475 347 3506 vere
380 3462 543 3518 possim
581 3462 619 3506 si
652 3475 843 3518 sponsus
878 3464 1033 3506 evadit
1074 3464 1260 3519 ineptus
1308 3464 1366 3507 ad
1416 3462 1742 3518 acquirendum
1791 3461 1997 3506 officium
2047 3474 2128 3516 pro

248 3537 582 3580 sustentatione
613 3537 819 3581 familiae
850 3538 1166 3582 necessarium.
