2269 3898
642 154 708 196 De
739 154 1079 208 impedimentis
1110 154 1403 198 matrimonii.
1902 158 1958 199 {³9

241 286 294 329 In
326 287 556 330 nonnullis
587 286 847 341 regionibus
879 295 950 341 (ut
983 288 1030 330 in
1062 287 1390 331 Archidioecesi
1436 289 1677 332 coloniensi
1711 303 1809 331 cum
1846 290 1958 332 dioe-

90 360 266 403 cesibus
326 360 629 414 suffraganeis
689 360 945 414 trevirensi,
1000 361 1344 404 monasteriensi
1397 368 1442 404 et
1495 362 1858 416 paderbornensi,
1912 363 1959 406 in

91 434 461 487 Transsylvania,
509 434 556 476 in
596 433 762 476 Russia
810 441 855 476 et
899 434 1104 488 Polonia)
1152 435 1197 476 vi
1249 435 1599 489 dispensationis
1647 437 1800 479 valida
1849 445 1958 480 sunt

93 507 383 550 matrimonia
426 507 586 560 mixta,
631 508 738 561 quin
782 507 880 549 ideo
925 508 1079 550 valida
1119 507 1213 550 sint
1252 508 1389 551 etiam
1432 510 1723 553 matrimonia
1766 511 1953 553 haereti-

90 594 242 623 corum
286 580 407 623 inter
449 594 505 623 se.
569 581 691 623 Haec
734 580 852 623 enim
900 581 1177 636 dispensatio
1226 582 1486 625 conceditur
1525 584 1646 637 parti
1688 585 1949 638 catholicae,

93 668 206 709 quae
248 659 433 709 propter
471 654 849 697 individuitatem
901 661 1159 698 &intractus
1208 657 1557 699 matrimonialis
1603 658 1960 701 communicatur

91 729 212 783 parti
246 728 534 771 acatholicae.

238 877 334 930 98.
408 877 492 929 De
555 876 955 930 declaratione
1032 877 1434 931 benedictina.
1535 899 1582 932 a.
1646 879 1960 931 Declaratio

99 965 453 1016 benedictina
496 965 696 1015 dicitur
738 967 1052 1016 constitutio
1102 966 1376 1017 Benedicti
1416 969 1560 1020 XIV.
1614 971 1963 1020 ssIcctrimonict

94 1056 164 1122 (4.
208 1072 332 1106 nov.
383 1055 559 1119 1741),
615 1073 722 1122 qua
778 1073 1025 1105 summus
1079 1055 1328 1122 pontifex
1383 1056 1623 1108 declarat
1677 1068 1728 1108 et
1777 1060 1964 1109 statuit

94 1145 431 1194 matrimonia
483 1143 817 1194 clandestina.
871 1145 928 1193 in
969 1142 1273 1195 Hollandia
1326 1147 1442 1196 sive
1493 1148 1631 1197 inter
1681 1147 1963 1198 haereticos

93 1234 211 1282 sive
252 1234 389 1282 inter
428 1233 739 1282 lmereticwn
781 1241 828 1281 et
868 1230 1175 1282 catholicum
1214 1244 1493 1285 contracta
1524 1237 1656 1286 etin
1683 1247 1961 1304 posterum

94 1320 470 1372 contrahenda
525 1340 618 1389 pro
675 1320 875 1371 validis
934 1320 1189 1372 habenda
1247 1341 1387 1389 esse,
1451 1323 1748 1375 dummodo
1810 1325 1961 1376 aliud

97 1428 207 1461 non
249 1410 520 1460 obstiterit
560 1409 1036 1478 impedimentum.

246 1529 284 1556 α.
320 1514 410 1556 Diu
443 1514 564 1556 inter
596 1514 830 1568 theologos
865 1514 1150 1568 disputatum
1186 1521 1269 1568 est,
1316 1528 1423 1557 num
1469 1516 1760 1559 matrimonia
1793 1517 1965 1559 clande-

96 1588 220 1630 stina
252 1588 579 1630 haereticorum
612 1588 659 1630 in
693 1588 940 1630 Hollandia
974 1589 1127 1630 valida
1161 1588 1267 1632 sint.
1323 1588 1537 1642 Speciaiis
1577 1589 1828 1632 difficultas
1861 1590 1967 1633 inde

94 1669 197 1705 orta
245 1671 327 1716 est,
381 1662 497 1715 quod
550 1662 657 1704 illae
710 1661 915 1716 regiones
966 1667 1167 1716 tempore
1220 1663 1397 1705 concilii
1451 1663 1692 1706 tridentini
1746 1664 1966 1706 catholico

95 1736 289 1791 principi
338 1735 629 1789 obediebant,
688 1735 735 1777 in
797 1735 958 1789 quibus
1011 1736 1199 1790 proinde
1246 1737 1318 1779 lex
1371 1737 1624 1780 tridentina
1674 1739 1965 1793 promulgata

94 1810 209 1860 fuit;
259 1810 335 1852 sed
380 1810 566 1853 dubium
609 1817 721 1864 erat,
765 1824 822 1852 an
864 1823 940 1853 eae
981 1811 1154 1852 fuerint
1189 1810 1575 1865 circumstantiae,
1609 1818 1659 1854 ut
1694 1813 1767 1855 lex
1799 1812 1965 1856 triden-

95 1886 195 1928 tina
237 1885 375 1928 etiam
418 1885 475 1927 ad
516 1884 766 1927 haereticos
809 1886 1095 1927 extendenda
1128 1885 1202 1927 sit.
1267 1885 1431 1928 Narrat
1465 1886 1736 1929 Benedictus
1770 1886 1882 1928 XIV.
1919 1901 1965 1930 se

94 1965 204 2002 ante
237 1973 363 2001 suam
398 1959 455 2001 ad
489 1972 714 2001 summum
749 1959 1070 2013 pontificatum
1105 1960 1403 2002 elevationem
1437 1960 1638 2014 opinioni
1671 1961 1961 2004 validitatem

95 2033 286 2088 neganti
318 2046 549 2087 nunquam
583 2032 860 2087 acquiescere
893 2033 1107 2087 potuisse.
1172 2033 1277 2076 Ideo
1311 2034 1367 2076 ad
1402 2047 1656 2088 supremam
1698 2035 1746 2077 in
1780 2035 1965 2078 ecclesia

98 2112 371 2162 potestatem
407 2112 588 2149 evectus
621 2107 746 2149 edita
778 2107 859 2149 hac
884 2107 1186 2151 declaratione
1211 2108 1511 2162 disputationi
1536 2110 1671 2151 finem
1696 2108 1966 2164 imposuit¹).

248 2197 285 2245 ,3.
318 2196 507 2238 Nomine
539 2195 888 2247 haereticorum,
921 2209 1108 2250 quorum
1143 2197 1435 2240 matrimonia
1468 2197 1751 2240 clandestina
1776 2212 1967 2253 pronun-

98 2272 277 2314 tiantur
309 2270 477 2324 valida,
520 2283 573 2312 ex
615 2269 715 2324 ipsa
761 2270 1063 2313 declaratione
1107 2285 1140 2313 s.
1175 2271 1292 2314 sedis
1325 2272 1766 2326 comprehenduntur
1799 2272 1965 2315 etiam:

97 2360 138 2388 a.
187 2345 263 2400 qui
312 2344 530 2387 catholice
580 2344 804 2398 baptizati
855 2358 880 2387 a
925 2345 1123 2398 pueritia
1164 2346 1362 2388 nondum
1406 2346 1659 2400 septennali
1702 2346 1750 2388 in
1795 2347 1965 2390 haeresi

96 2420 349 2463 educantur
383 2424 427 2461 et
461 2418 680 2461 haeresim
716 2419 1013 2472 profitentur:
1050 2419 1086 2460 b.
1121 2419 1198 2473 qui
1230 2420 1375 2462 adhuc
1409 2420 1535 2474 pueri
1568 2420 1615 2462 in
1638 2434 1797 2463 manus
1822 2421 1967 2463 haere-

98 2493 291 2535 ticorum
324 2491 576 2535 incidentes
609 2492 862 2535 haereticae
896 2500 1043 2535 sectae
1076 2493 1414 2548 adiunguntur3
1462 2509 1495 2536 e.
1529 2501 1765 2549 apostatae
1811 2495 1866 2538 ab
1907 2508 1968 2538 ec-

97 2566 235 2609 clesia
266 2567 324 2609 ad
356 2566 628 2609 haereticam
663 2572 831 2609 sectam
867 2573 1177 2617 transeuntes;
1228 2568 1268 2610 d.
1303 2568 1378 2621 qui
1424 2568 1523 2611 nati
1565 2575 1608 2611 et
1653 2567 1878 2623 baptizati
1913 2569 1968 2612 ab

99 2641 338 2683 haereticis
371 2641 680 2694 adoleverunt,
729 2641 837 2695 quin
888 2642 1030 2684 ullam
1075 2642 1335 2685 sollemnem
1380 2643 1610 2687 haereseos
1643 2643 1967 2697 professionem

100 2714 350 2768 emiserint,
383 2729 433 2757 ac
466 2715 609 2758 veluti
643 2716 814 2758 nullius
848 2716 1082 2771 religionis
1116 2715 1273 2770 sunt&
1436 2713 1439 2715 Δ
1687 2715 1696 2721 “’

251 2804 293 2855 b.
353 2804 508 2854 Haec
564 2803 860 2855 declaratio
920 2807 1075 2857 initio
1136 2824 1232 2874 pro
1288 2805 1586 2857 Hollandia
1641 2806 1768 2857 data
1822 2818 1968 2875 post—

102 2892 326 2943 modum
380 2893 605 2961 speciali
661 2913 698 2946 s.
757 2894 900 2945 sedis
958 2895 1314 2964 dispositione
1372 2895 1443 2945 acl
1497 2896 1786 2965 complures
1829 2896 1969 2948 alias

96 2982 334 3050 regiones
375 2990 590 3032 emensa
632 2991 719 3032 est.

252 3099 291 3126 α.
325 3084 422 3128 Non
456 3085 563 3128 licet
597 3086 946 3129 declarationem
982 3086 1315 3130 benedictinam
1350 3087 1516 3141 absque
1548 3088 1812 3131 interventu
1853 3089 1971 3131 sedis

98 3157 375 3211 apostolicae
408 3158 464 3199 ad
497 3157 611 3200 alias
644 3158 850 3212 regiones
884 3159 1140 3212 extendere,
1190 3159 1277 3202 etsi
1327 3159 1482 3202 eadem
1527 3160 1773 3203 videantur
1815 3161 1970 3204 adesse

100 3231 299 3274 locorum
332 3231 561 3274 adiuncta.

258 3423 288 3477 ¹)
323 3424 389 3471 Cf.
423 3424 490 3466 De
522 3424 691 3478 synodo
723 3425 751 3467 l.
786 3426 826 3468 6.
861 3440 894 3468 c.
929 3427 969 3469 6.
1003 3440 1045 3469 n.
1081 3427 1120 3470 4.
1155 3441 1210 3470 ss.

257 3496 289 3552 2)
319 3497 366 3540 S.
405 3497 609 3554 Officium
643 3499 683 3541 6.
716 3499 833 3554 april
872 3501 998 3543 1859.
