2269 3898
678 137 744 180 De
779 138 1072 182 distinctione
1103 144 1401 193 peccatorum.
1882 143 1972 185 307

107 273 292 324 peccato
325 268 648 324 perseveravit,
681 275 726 312 61
758 270 935 313 16110116
967 271 1125 314 11611116
1157 273 1388 327 materiae,
1419 273 1587 316 indolis
1618 274 1897 328 poenitentis
1930 280 1977 318 et

100 343 568 396 circumstantiarum,
601 344 867 397 praesertim
901 357 1005 387 vero
1049 346 1226 399 generis
1276 347 1584 401 occupationis
1628 347 1830 402 diurnae,
1874 362 1975 402 pru—

105 417 217 460 dens
236 416 537 460 confessarius
560 429 612 458 ex
637 417 721 459 hac
742 418 901 471 regula
925 418 1173 461 diiudicare
1198 419 1328 462 debet
1350 420 1731 476 interruptionem
1758 423 1974 465 moralem

102 495 292 534 actuum
324 491 513 544 ideoque
543 503 782 533 numerum
815 495 1101 545 peccatorum
1115 492 1155 546 ¹).

257 639 383 692 281.
467 639 680 691 ,Actus
708 641 845 690 iuteo
850 641 905 690 ni
933 641 1163 691 exterius
1188 640 1483 710 complendi
1516 642 1970 712 multiplicantur,

106 728 326 796 quoties
382 745 479 795 per
543 729 957 779 revocationem
1018 737 1112 779 aut
1171 728 1542 781 voluntariam
1605 734 1963 825 cessationem

108 818 604 884 interrumpuntur.
666 846 683 848 ν·
1014 798 1160 864 (954³
1733 823 1737 826 ⁴

263 933 304 961 a.
338 919 398 962 Hi
433 919 551 961 enim
586 922 730 973 actUS,
764 921 839 973 qui
872 920 1111 975 praecipue
1144 935 1198 964 ex
1237 922 1496 965 intentione
1538 923 1719 977 agentis
1761 925 1976 968 moralem

108 993 342 1036 unitatem
375 993 560 1048 habent,
592 1007 671 1048 per
702 994 1034 1037 revocationem
1068 1002 1150 1038 aut
1181 996 1490 1038 voluntariam
1534 997 1846 1052 cessationem,
1883 1012 1980 1054 3non

111 1071 268 1110 autem
318 1080 396 1121 per
435 1067 794 1110 involuntariam
839 1069 1133 1112 cessationem
1176 1070 1591 1124 interrumpuntur,
1631 1072 1724 1114 nisi
1765 1074 1980 1127 temporis

108 1141 399 1183 intel-callum
431 1142 492 1183 sit
513 1142 790 1185 dz'uturnmn.
854 1143 913 1185 Et
938 1156 1044 1185 sane
1067 1147 1210 1197 actus,
1244 1144 1318 1197 qui
1343 1144 1493 1187 tendit
1517 1144 1564 1187 in
1588 1159 1699 1199 opus
1727 1150 1980 1201 externum,

108 1215 293 1257 tamdiu
327 1215 591 1258 virtualiter
625 1217 785 1259 durare
818 1222 1040 1271 censetur,
1074 1217 1212 1259 donec
1245 1231 1356 1271 opus
1389 1218 1588 1272 positum
1622 1219 1698 1273 sit,
1731 1220 1820 1262 nisi
1854 1234 1979 1263 mora

110 1288 329 1331 notabilis
360 1289 681 1343 interponatur
712 1289 833 1333 inter
865 1290 1147 1344 propositum
1190 1294 1234 1333 et
1279 1291 1375 1334 eius
1424 1292 1748 1346 executionem,
1792 1294 1981 1348 ideoque

106 1361 293 1416 vsaepius
326 1364 511 1417 repetiti
546 1370 674 1406 actus
706 1363 876 1406 interni
908 1377 998 1406 non
1032 1368 1153 1418 sunt,
1201 1364 1289 1407 nisi
1339 1365 1622 1409 continuatio
1671 1368 1806 1422 primi
1853 1372 1984 1411 actus

113 1436 427 1490 peccaminosi.
492 1436 660 1490 Quodsi
695 1451 805 1492 opus
829 1443 1066 1480 externum
1089 1438 1180 1481 iam
1209 1439 1473 1482 inchoatum
1497 1440 1572 1494 sit,
1606 1455 1747 1495 prava
1769 1443 1984 1485 voluntas

111 1509 162 1552 in
195 1511 276 1553 hoc
309 1512 531 1554 exteriore
564 1514 730 1555 effectu
763 1513 912 1555 adhuc
943 1513 1125 1555 facilius
1159 1513 1298 1555 etiam
1340 1514 1398 1556 ad
1442 1515 1624 1569 longius
1669 1520 1850 1570 tempus
1898 1517 1983 1559 vir-

114 1585 309 1628 tualiter
341 1586 571 1640 perdurat.
637 1585 815 1638 Quanto
848 1592 1051 1640 tempore
1084 1587 1203 1629 idem
1238 1591 1366 1629 actus
1399 1588 1664 1632 virtualiter
1704 1596 1984 1644 permaneat,

114 1673 196 1714 pro
222 1659 492 1702 diversitate
515 1666 698 1702 actuum
724 1661 1003 1717 prudentum
1023 1660 1191 1703 iudicio
1217 1662 1511 1705 determinari
1536 1662 1687 1706 debet:
1715 1665 1983 1719 quandoque

114 1732 235 1776 enim
270 1747 305 1776 e.
339 1746 381 1788 g.
417 1734 699 1788 propositum
733 1734 915 1788 legendi
948 1748 1138 1788 pravum
1172 1734 1337 1777 librum
1372 1737 1516 1778 solum
1550 1750 1629 1791 per
1653 1738 1827 1792 aliquot
1851 1740 1983 1782 horas

114 1811 197 1850 aut
230 1820 309 1862 per
343 1808 476 1862 diem,
509 1812 692 1851 econtra
724 1809 1007 1863 propositum
1041 1809 1225 1852 iurandi
1259 1823 1338 1864 per
1370 1811 1522 1864 plures
1557 1811 1666 1866 dies,
1709 1812 1848 1856 immo
1890 1827 1986 1868 pro-

111 1882 319 1936 positum
357 1882 588 1926 vindictae
621 1883 759 1925 etiam
794 1896 873 1937 per
905 1884 1056 1938 plures
1089 1883 1393 1927 hebdomadas
1428 1885 1523 1928 sine
1557 1886 1716 1929 morali
1762 1887 1986 1942 interrup-

108 1956 239 1999 ftione
272 1957 514 2010 persistere
546 1962 711 2011 potest.

268 2031 305 2073 b.
341 2030 424 2083 Qui
458 2032 634 2073 furtum
669 2036 851 2086 patrare
884 2032 1067 2086 statuit,
1111 2046 1251 2075 unum
1300 2037 1534 2087 peccatum
1585 2035 1851 2090 committit,
1900 2036 1986 2079 etsi

118 2119 198 2160 per
230 2106 382 2160 plures
416 2105 510 2148 dies
545 2107 597 2148 de
629 2107 753 2148 furto
787 2106 974 2160 cogitet,
1019 2106 1302 2161 propositum
1335 2107 1519 2150 furandi
1564 2109 1744 2163 saepius
1785 2114 1987 2164 renovet,

110 2169 261 2222 rdonec
293 2183 496 2234 tempore
529 2186 783 2234 opportuno
816 2181 1002 2223 tandem
1034 2182 1211 2223 furtum
1246 2187 1508 2235 exequatur.
1572 2182 1657 2225 Sed
1690 2184 1766 2237 qui
1807 2185 1984 2227 furtum

116 2254 203 2297 hac
235 2258 367 2297 nocte
398 2259 581 2309 patrare
614 2254 843 2309 proponit,
879 2254 1039 2298 deinde
1072 2268 1176 2298 vero
1211 2268 1380 2298 memor
1420 2256 1556 2299 huius
1597 2257 1819 2312 propositi
1867 2258 1987 2301 domi

118 2332 290 2382 manet,
322 2332 367 2371 et
401 2342 496 2371 cras
529 2328 649 2371 idem
682 2329 964 2383 propositum
998 2333 1202 2383 renovat,
1237 2330 1324 2372 duo
1357 2336 1543 2384 peccata
1575 2332 1840 2386 committit,
1883 2333 1990 2387 quia

120 2415 200 2457 per
233 2402 540 2445 voluntariam
566 2402 861 2446 cessationem
885 2403 941 2445 ab
963 2403 1119 2457 iniquo
1142 2403 1374 2458 proposito
1397 2405 1545 2459 prima
1567 2406 1780 2448 voluntas
1804 2407 1987 2448 furandi

116 2476 485 2531 interrumpitur.

271 2565 304 2594 c.
340 2550 425 2603 Qui
458 2564 536 2605 per
568 2552 754 2606 longum
788 2558 969 2606 tempus
1001 2565 1089 2594 non
1108 2552 1330 2606 restituit,
1363 2553 1470 2596 licet
1494 2554 1673 2608 saepius
1696 2554 1991 2610 obligationis

122 2625 396 2669 restituendi
427 2626 688 2668 recordetur
720 2631 766 2669 et
805 2627 1089 2681 propositum
1137 2640 1227 2669 non
1274 2627 1548 2670 restituendi
1597 2634 1799 2684 renovet,
1847 2643 1987 2673 unum

122 2704 357 2755 peccatum
391 2699 664 2742 committit:
697 2701 745 2743 in
779 2702 945 2744 effectu
978 2701 1097 2744 enim
1132 2706 1331 2755 externo,
1365 2701 1538 2745 scilicet
1570 2702 1617 2745 in
1640 2704 1895 2747 retentione
1926 2704 1991 2747 rei

110 2774 308 2827 alienae,
349 2787 490 2828 prava
521 2774 736 2836 voluntas
757 2774 1043 2837 jirtualiter
1071 2779 1343 2841 perseverat
1409 2775 1454 2817 Si
1504 2779 1658 2820 tamen
1706 2778 1989 2833 propositum

117 2862 211 2892 non
245 2847 521 2892 restituendi
551 2831 769 2891 retractet
802 2836 1166 2892 ἛΤΟΓιΞὶ1616111
1200 2837 1473 2893 restituendi
1508 2850 1659 2905 aliquo
1693 2856 1895 2907 tempore
1930 2854 1994 2896 fo-

117 2927 231 2965 veat
264 2928 310 2965 et
343 2925 501 2976 postea
531 2923 588 2964 ad
621 2923 746 2977 prius
770 2923 1052 2977 propositum
1075 2924 1247 2978 ledeat,
1272 2938 1439 2966 novum
1464 2929 1698 2978 peccatum
1727 2927 1994 2970 committit.

276 3071 407 3124 282.
463 3072 513 3123 3.
567 3072 990 3128 Actus-,emerui
1044 3072 1497 3141 multiplicantur,
1559 3077 1771 3144 qupties
1823 3077 1879 3126 in
1937 3095 1993 3126 se

127 3159 386 3229 completi
427 3168 478 3210 61
518 3161 586 3211 ab
630 3161 871 3211 invicem
914 3161 1349 3237 independentes
1391 3170 1531 3229 sunt,
1575 3171 1631 3214 at
1672 3182 1782 3215 non
1810 3164 1988 3214 multi-

127 3247 421 3316 plicantur,
478 3250 526 3298 sz'
577 3257 839 3318 tamquam
880 3241 1067 3319 partes
1119 3249 1200 3301 vel
1250 3252 1424 3302 media
1477 3252 1547 3303 ad
1591 3271 1760 3303 unum
1803 3260 1988 3304 actum

127 3346 569 3388 consummatum
612 3338 950 3391 ordinentur.

280 3487 322 3538 1)
354 3485 420 3528 Cf.
454 3486 598 3541 Lupo.
629 3487 697 3529 De
727 3486 1011 3541 poenitentia
1045 3487 1159 3542 disp.
1196 3489 1262 3532 16.
1297 3503 1340 3531 11.
1374 3490 1473 3532 569.

1733 3562 1814 3604 20*
