2269 3898
721 159 786 200 De
819 157 1014 212 peccatis
1048 155 1333 211 capitalibus.
1868 157 1953 199 337

97 293 207 344 alia
245 292 489 343 remedia
530 293 769 342 innocua
805 290 1006 340 frustra
1035 288 1286 340 adhibita
1314 289 1531 354 fuerint,
1561 288 1798 340 ebrietas
1828 309 1956 341 vero

98 381 170 432 ad
211 380 620 432 conciliandum
662 396 913 430 somnum
955 377 1103 428 utilis
1143 378 1226 430 sit.

250 469 299 521 5.
343 469 466 519 Non
505 468 635 518 licet
676 485 732 518 se
784 466 1058 516 inebriare
1116 465 1187 515 acl
1225 464 1623 517 melancholiam
1653 467 1958 536 pellendam

100 559 189 611 vel
230 559 300 610 ad
341 556 637 608 levandum
681 573 999 617 moerorem,
1054 563 1170 605 tum
1227 555 1356 623 quia
1405 556 1504 605 iste
1556 556 1677 606 finis
1731 574 1840 606 non
1882 565 1963 606 est

101 666 266 699 causa
306 646 582 697 sufficiens
609 643 962 713 permittendi
993 642 1361 694 turbationem
1389 645 1633 707 rationis,
1678 653 1792 695 tum
1833 647 1962 714 quia

103 737 209 787 alia
248 743 462 804 praesto
504 742 632 784 sunt
673 732 855 783 media
896 732 965 783 ad
1007 731 1161 783 illum
1204 732 1367 783 finem
1412 732 1791 787 obtinendum.
1867 734 1963 785 At-

102 835 284 875 tamen
325 823 537 874 licitum
581 830 657 873 est
701 820 768 872 ob
811 823 955 872 hanc
998 839 1219 872 causam
1278 840 1451 890 usque
1507 822 1576 872 ad
1629 822 1961 874 hilaritatem

105 911 362 978 bibere1).

252 1076 383 1129 309.
443 1075 590 1127 Eius
649 1072 895 1127 moralis
960 1072 1211 1126 malitia.
1300 1074 1350 1124 1.
1413 1072 1669 1124 Ebrietas
1727 1074 1968 1142 perfecta

105 1174 185 1216 est
224 1170 516 1234 peccatum
560 1161 814 1214 mortale:
861 1182 908 1215 α.
952 1181 1106 1213 sacra
1148 1163 1422 1230 scriptura
1463 1161 1782 1214 ebrietatem
1826 1165 1967 1214 inter

105 1262 331 1324 peccata
385 1251 636 1303 mortalia
691 1259 952 1317 recenset,
1007 1269 1067 1301 eo
1126 1251 1272 1320 quod
1330 1251 1488 1302 docet.
1544 1270 1661 1302 eam
1716 1271 1746 1302 a
1799 1270 1966 1320 regno

106 1342 381 1394 coelorum
439 1340 815 1407 excludere2);
868 1340 912 1393 b.
967 1342 1152 1407 gravis
1194 1348 1274 1390 est
1315 1340 1657 1391 deordinatio
1701 1341 1970 1392 violenter

106 1450 213 1484 non
257 1430 430 1482 solum
471 1450 573 1481 usu
613 1431 858 1495 rationiS,
902 1429 996 1480 sed
1039 1430 1202 1480 etiam
1246 1436 1514 1498 potestate
1556 1431 1864 1498 propinqua
1906 1448 1969 1480 ea

108 1521 299 1573 utendi
341 1538 397 1572 se
438 1521 675 1589 privare,
719 1518 886 1587 idque
927 1528 1147 1586 propter
1189 1517 1359 1568 solam
1400 1517 1774 1586 Voluptatem:
1818 1536 1969 1585 prae-

108 1612 332 1680 cipuum
363 1610 509 1660 enim
539 1609 762 1669 bonum,
807 1625 911 1675 quo
952 1606 1113 1657 homo
1153 1625 1184 1657 a
1214 1605 1388 1657 brutis
1416 1606 1790 1674 distinguitur,
1834 1606 1971 1657 illud

108 1708 205 1765 est,
247 1706 307 1749 ut
347 1699 517 1767 possit
557 1697 636 1747 uti
677 1697 887 1747 ratione
943 1704 994 1745 et
1047 1713 1116 1745 ex
1177 1695 1511 1763 praescripto
1567 1696 1795 1746 rationis
1847 1714 1971 1746 suas

107 1789 349 1839 actiones
402 1786 668 1854 dirigere,
722 1787 832 1836 iam
887 1802 1015 1835 vero
1072 1784 1175 1834 hoc
1226 1783 1370 1834 bono
1426 1802 1481 1833 se
1534 1785 1753 1852 privare
1809 1793 1861 1834 et
1901 1784 1972 1834 ad

108 1876 393 1928 brutorum
461 1875 842 1926 condicionem
908 1893 963 1925 se
1030 1872 1269 1924 abiicere
1331 1880 1553 1941 propter
1613 1871 1973 1941 voluptatem,

109 1967 294 2035 gravis
337 1964 678 2016 deordinatio
723 1972 816 2016 est.

263 2084 302 2113 α.
337 2068 490 2111 Etiam
524 2069 724 2122 perfecta
757 2066 950 2110 ebrietas
984 2066 1183 2108 admittit
1201 2066 1478 2121 parcitatem
1511 2065 1762 2119 materiae,·
1806 2064 1842 2107 si
1877 2064 1975 2118 quis

114 2143 262 2198 igitur
295 2143 351 2185 ad
386 2142 517 2185 breve
550 2147 730 2196 tempus
766 2141 903 2197 (quod
936 2141 1090 2183 horam
1125 2153 1213 2182 non
1247 2139 1461 2194 attingit)
1502 2139 1597 2182 sine
1628 2139 1899 2182 necessitate
1932 2152 1979 2181 se

111 2218 263 2272 privat
297 2230 382 2259 usu
413 2217 620 2270 rationis,
643 2229 732 2258 non
755 2215 1004 2258 committit
1028 2227 1167 2269 grave
1189 2217 1438 2269 peccatum.
1500 2214 1721 2256 Attamen
1743 2226 1821 2268 pro
1845 2213 1974 2267 praxi

112 2293 221 2335 haec
251 2297 362 2334 nota
393 2290 471 2334 vix
503 2291 642 2333 ullius
676 2295 745 2332 est
778 2289 1012 2343 momenti,
1045 2289 1149 2343 quia
1193 2287 1447 2343 praevideri
1495 2287 1570 2330 vix
1621 2291 1772 2342 potest
1818 2293 1976 2341 potum

111 2380 201 2409 non
235 2365 409 2408 diutius
441 2365 575 2407 horae
609 2363 756 2418 spatio
789 2377 874 2406 usu
906 2362 1097 2405 rationis
1131 2375 1224 2405 esse
1256 2362 1558 2417 privaturum.

265 2440 304 2489 β.
338 2437 423 2492 Qui
456 2438 525 2480 ita
556 2437 855 2480 immoderate
879 2437 1008 2491 bibit,
1039 2442 1092 2479 ut
1116 2440 1236 2479 certo
1260 2440 1522 2491 sequeretur
1544 2437 1746 2490 perfecta
1769 2435 1976 2488 ebrietas,

113 2514 202 2557 nisi
235 2514 354 2557 hunc
387 2514 599 2555 effectum
634 2525 786 2554 somno
829 2525 875 2554 se
917 2511 1207 2554 committens
1254 2512 1491 2565 effugeret,
1537 2510 1834 2552 nihilominus
1882 2523 1980 2563 gra-

114 2588 235 2632 viter
266 2591 440 2641 peccat:
478 2585 714 2641 potatione
747 2585 865 2628 enim
898 2599 987 2628 non
1020 2586 1163 2628 solum
1212 2598 1392 2627 causam
1441 2584 1550 2627 mali
1599 2597 1785 2637 eamque
1832 2587 1979 2626 totam

116 2663 260 2718 ponit,
293 2662 369 2704 sed
403 2665 558 2703 manet
590 2660 728 2703 etiam
763 2660 971 2714 privatus
1003 2662 1232 2713 potestate
1274 2658 1526 2713 propinqua
1572 2658 1732 2701 utendi
1779 2657 1979 2708 ratione3

117 2741 324 2779 attamen
356 2734 561 2790 graviter
590 2748 680 2777 non
701 2738 871 2788 peccat,
906 2733 980 2787 qui
1004 2733 1244 2787 pharmaco
1267 2732 1505 2787 impediat,
1538 2745 1593 2774 ne
1612 2744 1666 2774 ex
1683 2731 1981 2774 immoderato

118 2815 229 2866 potu
262 2823 347 2852 usu
378 2809 570 2852 rationis
603 2808 822 2863 privetur.

269 2900 317 2950 2.
362 2897 614 2949 Ebrietas
665 2895 972 2966 imperfecta
1022 2914 1120 2965 per
1176 2915 1230 2947 se
1285 2895 1499 2946 veniale
1540 2902 1830 2964 peccatum
1872 2913 1982 2945 non

122 2988 368 3052 excedit3
412 2986 482 3037 ad
523 2987 779 3053 graviora
819 2993 1003 3036 tamen
1032 2984 1274 3035 venialia
1303 2985 1422 3053 ipsa
1448 2985 1699 3052 pertinet,
1745 3001 1984 3052 praeser-

120 3079 218 3128 tim
261 3078 303 3127 si
348 3074 646 3126 deliberate
687 3075 1074 3127 committatur.
1118 3075 1228 3124 Per
1268 3073 1526 3124 accidens
1580 3081 1763 3124 autem
1806 3080 1987 3141 potest

122 3166 239 3216 fieri
281 3165 491 3232 gravis:
536 3180 586 3215 α.
630 3164 835 3213 ratione
876 3161 1136 3225 scandali,
1181 3161 1326 3231 quod
1368 3181 1411 3213 e.
1454 3181 1504 3231 g.
1533 3161 1787 3213 sacerdos
1830 3161 1984 3211 daret

126 3255 224 3305 etsi
268 3253 433 3304 semel
463 3260 695 3317 tantum,
740 3250 825 3301 vel
866 3250 1279 3320 paterfamilias,
1324 3252 1368 3302 si
1411 3252 1629 3319 saepius
1658 3248 1984 3301 semiebrius

278 3431 313 3486 1)
350 3432 493 3474 Gobat
522 3431 643 3485 apud
675 3430 864 3472 Lacroix
896 3430 926 3472 1.
960 3430 998 3472 ὖ.
1033 3443 1075 3471 n.
1111 3429 1211 3472 324.

277 3505 310 3559 2)
344 3507 381 3547 1.
416 3505 511 3548 Cor.
546 3505 587 3558 6,
622 3504 690 3546 10.
725 3503 822 3546 Gal.
856 3503 897 3558 ξ),
930 3503 1000 3547 ς21.

217 3596 249 3626 N
265 3595 311 3625 ol
329 3595 351 3625 d
366 3596 377 3624 i
391 3604 415 3625 n
431 3619 439 3635 ,
464 3595 522 3625 De
546 3595 756 3633 principiis.

1753 3575 1778 3616 Ν.)

1783 3574 1808 3616 10
