2269 3898
747 207 813 249 De
845 207 1022 249 actibus
1055 208 1279 251 humanis.
1886 212 1935 254 51

75 338 288 381 Praestat
312 342 466 382 tamen
488 338 755 392 praesertim
779 339 827 381 in
850 339 995 394 primo
1015 353 1119 383 casu
1138 341 1200 384 eis
1221 355 1441 396 opponere
1459 346 1611 385 actum
1632 342 1946 397 displicentiae

75 412 148 455 vel
182 412 464 466 propositum
498 425 587 455 11011
619 413 846 466 peccandi.

228 487 266 534 ²3,
292 486 554 540 Complures
573 491 778 529 auctores
793 487 1039 529 ostendunt
1060 487 1385 542 obligationem
1404 490 1484 532 hos
1503 495 1654 533 motus
1672 491 1947 545 reprimendi

74 574 165 603 non
197 560 287 602 iam
322 573 376 602 ex
409 573 458 603 eo
492 559 613 614 oriri,
647 561 765 614 quod
798 560 1050 604 inordinati
1085 566 1208 615 sunt,
1250 563 1325 605 sed
1361 576 1414 606 ex
1447 563 1646 621 periculo
1681 578 1943 607 consensus:

74 633 297 688 obligatio
321 634 440 676 enim
464 634 721 676 voluntatis
746 635 932 689 regendi
956 636 1189 690 potentias
1213 636 1298 679 sibi
1324 637 1549 680 subiectas
1577 638 1721 692 exigit
1748 639 1943 693 quidem,

74 712 128 751 ut
159 708 260 763 ipsa
292 713 451 751 caveat
484 720 747 750 consensum
780 708 828 751 in
862 710 1047 764 malum,
1091 715 1138 753 at
1172 724 1261 753 non
1306 711 1466 766 exigit,
1510 721 1562 754 ut
1608 712 1828 767 impediat
1874 714 1945 756 vel

76 782 294 837 reprimat
329 786 479 824 motus
511 781 835 825 indeliberatos
869 797 893 826 a
926 787 1092 827 natura
1125 784 1300 839 01·t0s¹j÷.

225 873 274 924 2.
331 871 723 922 Resistentiam
780 874 1031 923 omittere
1085 885 1137 924 et
1187 893 1333 925 mere
1378 876 1593 944 passive
1643 895 1692 926 se
1742 875 1944 939 habere,

76 961 171 1013 ubi
233 969 413 1012 motus
478 963 961 1030 concupiscentiae
1027 964 1216 1031 magni
1278 972 1403 1014 sunt
1467 972 1518 1015 et
1571 963 1944 1029 vehementes,

71 1069 231 1120 gyrwe
277 1058 555 1119 peccatum
608 1059 712 1114 es&
767 1069 885 1101 eam
943 1053 1216 1119 omittere,
1277 1051 1371 1102 ubi
1431 1060 1608 1104 motus
1664 1055 1946 1121 concupis-

76 1140 290 1191 centia-e
332 1137 484 1190 leves
529 1147 679 1206 suntj
713 1140 918 1191 veniale
952 1150 1225 1211 peccatum
1267 1160 1375 1192 non
1414 1142 1651 1208 excedit,
1696 1144 1797 1195 etsi
1832 1160 1945 1193 ver·

74 1237 262 1281 sentur
304 1230 452 1279 circa
489 1227 765 1280 obiectum
810 1228 910 1280 sub
953 1232 1111 1298 gravi
1156 1229 1515 1299 prohibitum.
1572 1232 1753 1282 Motus
1797 1232 1943 1281 enim

74 1318 432 1370 vehementes
488 1317 764 1369 inducunt
817 1336 1080 1386 magnum
1136 1338 1231 1370 seu
1281 1322 1596 1388 proximum
1638 1319 1944 1389 periculum

74 1407 470 1474 consentiendi,
529 1415 708 1459 motus
761 1416 947 1458 autem
1001 1407 1152 1459 leves
1195 1426 1304 1459 non
1347 1409 1622 1460 inducunt
1661 1411 1766 1460 nisi
1809 1410 1945 1478 peri-

74 1496 259 1548 culum
300 1496 450 1560 leve3
495 1496 589 1547 sed
623 1498 939 1564 proximum
971 1515 1271 1549 consensus
1301 1497 1607 1566 periculum
1637 1497 1736 1549 sub
1767 1499 1942 1566 gravi,

73 1587 194 1638 leve
234 1585 541 1655 periculum
584 1584 760 1636 solum
802 1585 902 1636 sub
945 1584 1053 1636 levi
1096 1604 1379 1637 removere
1421 1595 1686 1640 tenemur.

226 1689 266 1718 ct.
291 1674 409 1717 Hinc
433 1674 718 1729 poenitentes
742 1673 821 1729 pii,
856 1674 931 1728 qui
955 1674 1002 1716 111
1026 1674 1361 1718 tentationibus
1384 1689 1483 1718 raro
1508 1676 1652 1719 solent
1677 1675 1942 1729 consentire,

74 1763 164 1794 non
198 1755 305 1793 sunt
337 1749 472 1792 facile
505 1748 727 1803 arguendi
762 1749 815 1791 de
848 1756 1031 1803 peccato
1065 1749 1210 1804 gravi,
1246 1749 1283 1792 si
1317 1763 1435 1793 mere
1467 1750 1683 1804 negative
1717 1763 1761 1793 se
1785 1749 1943 1793 habue-

70 1828 201 1876 runt;
237 1838 258 1868 e
282 1823 507 1867 contrario
541 1823 617 1877 qui
650 1823 697 1866 in
731 1823 1066 1866 tentationibus
1100 1837 1231 1878 saepe
1265 1823 1497 1878 labuntur,
1530 1824 1712 1867 facilius
1746 1824 1809 1867 rei
1850 1837 1943 1867 esse

70 1904 260 1955 possunt
294 1897 468 1954 peccati
502 1897 725 1952 mortalis,
770 1897 876 1941 licet
911 1898 957 1940 in
992 1912 1098 1941 casu
1131 1898 1399 1953 particulari
1436 1898 1761 1941 difficillimum
1796 1898 1857 1941 sit
1891 1899 1944 1941 de

71 1974 154 2017 hac
185 1987 232 2016 re
265 1977 437 2016 certum
470 1971 691 2015 iudicium
724 1974 856 2015 ferre.

219 2047 255 2089 b.
289 2046 551 2090 Notandum
585 2050 668 2100 est,
715 2046 752 2089 si
787 2051 936 2088 motus
971 2045 1116 2100 primo
1150 2046 1286 2100 primi
1326 2046 1449 2100 iique
1482 2046 1590 2089 mali
1624 2046 1671 2089 in
1704 2048 1944 2089 voluntate

69 2123 287 2168 existunt,
323 2121 368 2164 hi
404 2127 506 2176 post
539 2121 719 2175 plenam
754 2134 905 2164 eorum
939 2120 1276 2164 advertentiam
1310 2120 1539 2176 incipiunt
1570 2121 1670 2164 fieri
1696 2120 1941 2164 deliberate

71 2197 202 2248 mali;
237 2209 373 2250 quare
406 2209 582 2249 semper
613 2208 692 2250 per
724 2195 971 2250 positivam
1005 2194 1315 2238 resistentiam
1342 2196 1413 2238 vel
1451 2195 1702 2238 dissensum
1728 2195 1940 2250 abigendi

72 2276 202 2316 sunt:
238 2270 314 2326 qui
347 2269 468 2313 enim
502 2283 610 2324 erga
643 2269 865 2313 eiusmodi
899 2274 1049 2312 motus
1083 2269 1288 2324 graviter
1320 2271 1463 2313 malos
1497 2282 1616 2313 mere
1648 2270 1864 2324 negative
1897 2282 1942 2312 se

73 2346 222 2390 habet.
257 2344 463 2400 graviter
494 2348 664 2399 peccat.

220 2436 268 2486 3.
325 2434 430 2485 Per
472 2452 527 2485 se
570 2433 719 2484 nulla
761 2442 841 2484 est
882 2433 1144 2502 obligatio
1188 2434 1381 2485 directe
1424 2435 1706 2486 resistendi
1757 2436 1943 2503 pravis

73 2522 330 2590 motibus7
392 2522 486 2574 sed
545 2541 643 2592 per
697 2542 752 2574 se
807 2522 1012 2574 sufficit
1065 2524 1302 2592 positive
1357 2524 1433 2574 eis
1490 2526 1755 2586 resistere5
1814 2525 1942 2593 quia

71 2614 175 2665 hoc
223 2614 294 2665 ad
348 2613 715 2665 obtinendum
774 2613 938 2664 finem
993 2632 1090 2683 per
1142 2632 1196 2664 se
1240 2612 1458 2666 sufficit.
1540 2614 1645 2665 Per
1685 2613 1943 2664 accidens

71 2712 256 2755 autem
313 2702 504 2754 adesse
559 2710 739 2772 potest
793 2702 1054 2771 obligatio
1100 2703 1306 2754 directe
1361 2702 1668 2765 resistendi,
1721 2704 1764 2753 si
1807 2703 1942 2771 posi-

71 2796 187 2845 tiva
240 2794 553 2844 resistentia
605 2792 913 2861 periculum
974 2810 1271 2843 consensus
1325 2809 1435 2843 non
1477 2790 1814 2842 sufficienter
1854 2809 1939 2841 ex-

72 2882 261 2934 cludit.

221 2985 262 3013 a.
296 2970 410 3014 Sunt
443 2970 724 3014 tentationes
757 2984 792 3014 e.
828 2983 870 3025 g.
906 2974 1062 3013 contra
1110 2970 1262 3024 fidem,
1312 2974 1468 3012 contra
1501 2968 1779 3022 castitatem,
1828 2981 1941 3022 quae

71 3045 253 3088 facilius
286 3049 332 3088 et
364 3045 595 3088 efficacius
618 3045 841 3088 indirecta
865 3044 1127 3088 resistentia
1150 3044 1411 3098 vincuntur,
1444 3056 1493 3086 eo
1517 3042 1798 3098 praesertim,
1824 3043 1939 3096 quod

76 3133 201 3162 mens
234 3118 336 3162 aliis
369 3119 500 3162 rebus
534 3119 648 3162 serio
682 3124 936 3174 occupetur.
1309 3120 1311 3123 ’

221 3193 258 3235 b.
282 3193 405 3235 Medi
428 3193 624 3247 positive
647 3193 890 3237 resistendi
914 3207 968 3237 ex
990 3207 1026 3236 s.
1048 3193 1273 3249 Alplzonso
1297 3196 1402 3235 sunt
1427 3196 1663 3245 sequentes
1684 3210 1688 3233 :
1716 3205 1755 3232 α.
1781 3190 1938 3233 elicere

73 3270 226 3311 actum
261 3266 490 3309 dissensus
523 3280 600 3310 seu
645 3266 974 3321 displicentiae,
1023 3266 1116 3320 qui,
1165 3265 1251 3309 etsi
1300 3270 1474 3308 motum
1524 3263 1789 3319 praesertim
1839 3276 1938 3305 cum

73 3340 243 3384 carnali
277 3341 578 3384 delectatione
610 3341 899 3384 coniunctum
933 3355 1022 3384 non
1055 3340 1289 3395 reprimat,
1323 3345 1452 3382 cavet
1486 3343 1640 3382 tamen
1675 3350 1939 3381 consensum

224 3488 256 3543 ¹)
291 3488 629 3545 Castropalans‚
663 3488 786 3543 Opus
819 3489 988 3532 morale
1019 3492 1076 3531 tr.
1102 3488 1142 3531 2.
1168 3487 1282 3541 disp.
1308 3488 1346 3530 2.
1373 3501 1414 3541 p.
1441 3486 1507 3528 10.
1534 3485 1561 3540 ἓ
1584 3485 1623 3528 5.
1663 3484 1938 3527 Tambnrim'.

74 3562 250 3618 Explic.
286 3563 423 3609 decal.
456 3563 485 3606 l.
522 3563 590 3605 10.
625 3576 658 3606 0.
694 3564 734 3605 2.
798 3562 1018 3615 Lacroix,
1057 3561 1306 3616 Theologia
1340 3560 1522 3603 moralis
1556 3560 1584 3602 l.
1619 3559 1659 3604 ἴ),
1693 3573 1736 3601 11.
1771 3560 1869 3601 111.
1905 3572 1938 3601 s.
