2269 3898
731 190 797 232 De
830 189 1006 232 actibus
1040 190 1264 232 humanis.
1872 193 1926 234 52)

216 324 254 372 β.
289 324 453 376 Metus,
478 322 553 376 qui
577 321 700 365 cadit
721 322 765 363 in
790 322 932 364 cirum
960 325 1248 375 constantem,
1274 322 1507 376 significat
1532 328 1703 367 metum
1729 324 1933 367 absolute

65 409 275 452 gravem:
323 396 468 439 oritur
514 396 633 439 enim
679 409 732 438 ex
777 397 911 450 malo,
955 397 1073 450 quod
1115 397 1277 440 merito
1320 397 1541 440 formidat
1574 396 1710 439 etiam
1746 410 1934 452 persona

66 475 292 525 constans,
323 471 459 513 fortis
492 475 537 514 θῖ
571 471 771 514 cordata.

215 545 257 597 b.
302 546 531 595 Ratione
572 545 792 612 originis
833 545 889 594 in
933 551 1136 594 metum
1169 544 1231 594 ab
1260 547 1547 596 caetrinscco
1576 555 1628 595 et
1656 545 1724 595 ab
1748 546 1932 596 intrin-

66 652 177 685 seco
222 635 521 696 incussum,
563 641 725 701 prout
767 651 797 682 a
840 650 1004 682 causa
1047 645 1273 683 externa
1300 632 1388 683 vel
1419 638 1633 683 interna
1662 635 1931 702 provenit,

66 724 143 773 sic
192 729 368 773 metus
420 723 609 772 mortis
664 740 733 771 ex
790 720 1078 789 naufragio
1137 730 1216 772 θεῖ
1257 721 1326 772 ab
1371 723 1696 787 extrinseco,
1759 732 1934 772 metus

67 812 254 862 mortis
296 829 365 861 ex
407 810 595 861 morbo
639 818 719 860 est
759 809 828 860 ab
872 808 1239 879 intrinseco1).

216 898 395 950 Metus
436 898 504 950 ab
548 899 856 949 extrinseco
900 900 1095 949 iterum
1141 898 1413 950 dividitur
1442 900 1498 948 in
1529 906 1733 949 metum
1762 900 1936 949 incus·

67 1007 186 1039 sum
228 1007 260 1039 a
300 1005 463 1039 causa
501 989 802 1039 necessaria
842 995 900 1038 ut
942 1007 973 1038 a
1015 987 1324 1055 naufragio,
1378 988 1654 1053 incendio,
1714 989 1937 1038 incursu

65 1077 323 1146 ferarum,
367 1076 453 1128 vel
494 1096 526 1128 a
567 1097 729 1128 causa
770 1077 937 1128 libera
979 1076 1188 1128 scilicet
1229 1075 1297 1127 ab
1341 1075 1580 1129 homine.

193 1166 396 1240 ‘Metus
437 1185 468 1217 a
509 1185 676 1218 causa
715 1165 889 1217 libera
931 1167 1183 1217 incussus
1226 1167 1426 1218 iterum
1460 1165 1540 1216 vel
1582 1173 1661 1216 est
1689 1167 1819 1216 iuste
1848 1165 1936 1217 vel

68 1257 260 1307 iniuste
301 1257 571 1322 incussus,
626 1264 786 1325 prout
841 1273 1074 1325 persona
1117 1263 1322 1306 metum
1365 1255 1605 1306 inferens
1648 1257 1731 1306 ius
1772 1253 1938 1305 habet

69 1353 276 1396 metum
317 1345 624 1397 incutiendi
667 1353 727 1396 ut
766 1346 1023 1414 princeps
1065 1344 1153 1395 vel
1193 1353 1363 1413 pater,
1422 1345 1515 1413 qui
1572 1362 1806 1413 poenam
1862 1345 1937 1394 in-

69 1441 261 1499 tentat,
319 1442 414 1485 aut
465 1435 658 1486 iniuste
712 1442 918 1485 metum
970 1435 1168 1484 incutit
1210 1441 1270 1484 ut
1310 1433 1447 1484 latro
1492 1441 1721 1484 mortem
1764 1435 1935 1483 inten-

68 1532 191 1575 tans
231 1525 337 1574 nisi
382 1523 541 1575 detur
581 1525 834 1592 pecunia.

219 1633 259 1665 c.
334 1612 642 1664 Addendus
709 1620 788 1663 est
853 1621 1017 1663 metus
1079 1611 1460 1676 'reverentialim
1530 1613 1623 1680 qui
1689 1609 1937 1676 habetur,

71 1702 291 1772 quando
347 1703 468 1771 quis
520 1702 692 1767 timet,
749 1720 817 1752 ne
859 1702 1094 1752 offensos
1137 1708 1188 1750 et
1230 1699 1546 1768 indignatos
1589 1699 1791 1751 habeat
1831 1718 1937 1764 eos,

70 1809 206 1861 quos
247 1792 486 1843 revereri
531 1789 709 1856 debet,
763 1798 824 1841 ut
877 1798 1003 1841 sunt
1055 1796 1310 1858 parentes
1366 1797 1420 1841 et
1473 1790 1779 1858 superiores
1828 1791 1938 1859 qui-

73 1899 290 1950 cunque
343 1881 662 1950 (principes,
725 1878 972 1948 praelati,
1036 1879 1282 1947 episcopi
1336 1880 1481 1943 etc).
1559 1878 1811 1929 Refertur
1872 1879 1940 1929 ad

74 1977 279 2022 metum
334 1972 474 2021 iuste
527 1968 614 2020 vel
671 1969 873 2020 iniuste
926 1968 1226 2033 incussum,
1281 1975 1442 2036 prout
1497 1969 1612 2018 eius
1656 1986 1821 2018 causa
1863 1975 1942 2018 est

73 2062 214 2112 iusta
256 2059 343 2110 vel
385 2060 604 2112 iniusta.

221 2149 340 2192 Num
373 2151 518 2191 metus
549 2147 869 2191 rererem‘ialis
890 2146 1044 2201 possit
1075 2159 1174 2188 esse
1203 2145 1375 2201 [fresis.
1421 2171 1475 2174 »-
1519 2146 1668 2188 Metus
1712 2144 1856 2187 oritur
1888 2157 1941 2187 ex

73 2224 207 2278 malo,
249 2223 367 2277 quod
400 2222 565 2277 aliquis
599 2222 684 2265 sibi
717 2221 954 2264 imminere
987 2220 1247 2271 existimat;
1290 2219 1327 2263 si
1362 2232 1467 2274 ergo
1502 2233 1555 2262 ex
1590 2218 1836 2262 offensione
1869 2232 1940 2272 pa-

72 2301 253 2341 rentum
277 2297 349 2341 vel
374 2296 655 2352 superiorum
674 2295 911 2338 imminere
928 2298 1081 2349 potest
1100 2307 1239 2349 grave
1257 2295 1443 2347 malum,
1464 2298 1611 2336 metus
1630 2291 1942 2336 reverentialis

73 2375 226 2426 potest
270 2384 364 2414 esse
408 2371 576 2426 gravis.
654 2371 797 2424 Atqui
841 2373 990 2412 metus
1038 2368 1354 2411 reverentialis
1405 2367 1649 2422 dupliciter
1696 2366 1939 2422 accipitur:

77 2460 117 2488 α.
167 2446 411 2488 secundum
457 2458 503 2488 se
534 2449 671 2500 prout
705 2444 939 2499 significat
974 2442 1283 2485 confusionem
1318 2446 1364 2485 θῖ
1397 2441 1667 2494 molestiam,
1701 2454 1834 2495 quam
1868 2453 1942 2493 pa-

75 2519 193 2563 titur
214 2519 404 2562 inferior
426 2519 480 2562 ob
503 2520 643 2562 solam
671 2518 965 2562 offensionem
990 2521 1035 2561 et
1060 2516 1426 2571 indignationem
1452 2515 1718 2570 superiori&
1747 2516 1783 2564 β.
1809 2517 1943 2568 prout

76 2594 311 2649 significat
353 2594 445 2637 alia
486 2593 673 2648 insuper
714 2594 835 2636 mala
877 2596 931 2635 ut
975 2592 1240 2635 diuturnam
1284 2590 1660 2644 increpationem,
1717 2588 1940 2630 duriorem

77 2668 414 2723 tract-ationem,
448 2667 752 2723 privationem
777 2668 992 2711 bonorum
1016 2671 1100 2710 etc.
1145 2666 1242 2709 Iam
1267 2679 1370 2709 vero
1395 2664 1431 2707 si
1458 2670 1606 2708 metus
1631 2661 1943 2706 reverentialis

76 2743 158 2785 hoc
190 2743 333 2786 altero
367 2755 499 2785 sensu
532 2741 766 2796 accipitur,
802 2741 898 2785 sine
932 2741 1067 2784 dubio
1101 2740 1255 2795 gravis
1287 2752 1381 2782 esse
1404 2742 1578 2793 potest,·
1615 2737 1773 2792 quodsi
1797 2737 1943 2791 priore

77 2829 210 2860 sensu
252 2817 488 2871 accipitur,
532 2818 739 2859 censetur
780 2829 875 2860 esse
906 2816 1033 2859 levis.
1098 2815 1197 2857 Hac
1231 2813 1525 2856 distinctione
1557 2814 1682 2855 facta
1715 2811 1941 2855 conciliari

78 2896 267 2946 possunt
313 2895 532 2945 auctores,
575 2904 763 2946 quorum
808 2890 887 2934 alii
933 2894 1106 2933 metum
1149 2888 1494 2932 reverentialem
1540 2886 1710 2930 habent
1744 2899 1944 2941 gravem,

76 2965 156 3009 alii
189 2978 293 3009 vero
325 2966 484 3011 levem.

234 3098 265 3155 ¹)
298 3099 391 3142 Alii
424 3113 458 3143 θ.
486 3113 531 3155 g.
555 3099 842 3142 D‘Amzibale
874 3099 925 3152 (Ι.
958 3112 1000 3141 n.
1028 3098 1134 3152 138)
1168 3100 1340 3139 metum
1383 3095 1437 3137 ab
1479 3095 1736 3137 extrinseco
1770 3092 1941 3145 dicunt,

78 3173 116 3216 si
149 3173 205 3216 ab
237 3173 326 3216 alio
357 3173 584 3216 incutitur
616 3174 672 3216 ad
706 3173 1064 3227 extorquendum
1109 3184 1388 3223 consensum,
1434 3174 1480 3213 et
1513 3169 1567 3210 ab
1602 3168 1864 3218 intrinsece,
1907 3165 1943 3208 si

78 3247 227 3302 ipsum
253 3247 424 3290 malum
447 3247 689 3290 imminens
711 3246 856 3289 infert
879 3250 1066 3300 metum,
1101 3245 1195 3288 sive
1218 3245 1265 3287 id
1299 3244 1508 3299 provenit
1541 3257 1567 3285 a
1600 3254 1733 3285 causa
1765 3241 1945 3282 interna

78 3326 132 3364 ut
172 3324 243 3364 est
285 3320 549 3375 infirmitas,
593 3319 688 3363 sive
731 3334 758 3363 a
801 3334 936 3363 causa
974 3324 1161 3363 externa
1205 3323 1258 3361 ut
1302 3322 1371 3361 est
1415 3317 1595 3360 morbus
1641 3314 1944 3369 contagiosus,

81 3399 344 3451 tempestas,
366 3394 676 3448 naufragium,
701 3407 870 3449 poenae
887 3393 1053 3437 inferni
1073 3398 1156 3436 etc.
1192 3392 1444 3435 Secundum
1468 3391 1582 3432 hanc
1605 3387 1943 3431 distinctionem

82 3473 230 3513 metus
262 3469 318 3512 ab
351 3468 440 3512 alio
474 3467 655 3522 quidem
688 3467 909 3522 incussus,
951 3468 1027 3510 sed
1061 3480 1151 3510 non
1184 3467 1241 3509 ad
1274 3464 1631 3518 extorquendum
1667 3473 1944 3514 consensum,

80 3542 237 3586 referri
273 3543 405 3587 debet
437 3543 494 3586 ad
527 3547 698 3585 metum
732 3542 788 3586 ab
820 3542 1077 3585 intrinseco.
