2269 3898
635 143 700 186 De
731 143 828 187 iure
861 143 1187 187 matrimoniali
1220 144 1461 188 austriaco.
1898 145 1984 188 ‘201

115 274 396 317 matrimonii
432 274 609 320 asserit.
673 290 713 327 γ.
749 277 981 331 Responsa
1014 276 1419 332 congregationum
1453 277 1763 320 assistentiam
1800 291 1890 320 non
1924 278 1986 321 vi-

111 348 279 391 dentur
313 348 540 392 declarare
572 349 844 392 intrinsecus
878 350 1060 404 malam,
1094 350 1170 393 sed
1203 350 1250 394 in
1284 350 1635 405 particularibus
1668 350 1761 393 illis
1805 350 1981 394 casibus

111 435 293 477 prorsus
327 422 539 466 illicitam
564 422 658 465 sive
681 427 865 478 propter
897 423 1159 466 scandalum
1192 424 1397 467 fidelium
1432 423 1526 467 sive
1548 429 1732 479 propter
1755 425 1981 468 defectum

111 508 273 538 causae
306 495 669 551 cooperationem
705 496 1094 550 cohonestantis¹).

676 1015 1017 1099 Quaestio
1067 1014 1415 1081 secunda.

412 1181 496 1233 De
538 1180 688 1234 iure
731 1180 1257 1243 matrimoniau
1299 1180 1678 1233 austriaca

250 1339 377 1394 187.
433 1341 526 1392 Ius
575 1341 994 1405 matrimoniale,
1039 1341 1185 1411 quod
1231 1341 1396 1392 hodie
1437 1341 1494 1392 in
1535 1341 1764 1392 Austria
1805 1342 1972 1409 viget,

99 1430 413 1480 continetur
465 1430 521 1480 in
578 1448 620 1483 c,
666 1430 714 1483 2.
760 1430 967 1482 codicis
1011 1430 1192 1482 civilis
1235 1429 1559 1498 (Eherecht)
1611 1448 1713 1481 nec
1762 1447 1872 1481 non
1922 1431 1978 1481 in

98 1517 218 1586 lege
260 1516 346 1571 25.
392 1519 522 1569 maii
568 1519 731 1572 1868.

248 1607 332 1650 His
366 1606 544 1662 legibus
593 1612 797 1662 potestas
855 1608 1003 1652 civilis
1053 1609 1154 1651 iura
1202 1608 1249 1650 in
1300 1607 1593 1650 matrimonia
1640 1607 1846 1650 fidelium
1896 1607 1980 1651 sibi

98 1688 303 1736 arrogat,
337 1694 451 1735 quae
487 1681 570 1724 soli
604 1682 817 1725 ecclesiae
850 1686 1136 1737 competunt;
1172 1682 1272 1725 ideo
1307 1694 1511 1724 summus
1545 1680 1754 1735 pontifex
1788 1681 1977 1737 (221111.

100 1756 237 1805 1868)
268 1768 341 1798 eas
366 1755 646 1798 sollemniter
677 1756 939 1811 reproba-vit
969 1756 1170 1810 itemque
1204 1754 1400 1811 episcopi
1434 1767 1588 1797 omnes
1621 1759 1779 1798 contra
1796 1755 1974 1798 easdem

99 1830 426 1880 reclamarunt;
461 1829 600 1873 iidem
634 1834 789 1873 tamen
823 1831 960 1874 simul
993 1834 1198 1886 pastores
1220 1829 1476 1873 animarum
1500 1828 1698 1872 monitos
1721 1829 1978 1883 voluerunt,

96 1908 153 1947 ut
186 1904 309 1959 leges
344 1904 706 1948 matrimoniales
739 1905 787 1947 in
820 1905 1140 1948 contrahendis
1184 1903 1488 1947 matrimoniis
1534 1904 1591 1947 ad
1639 1903 1811 1947 maiora
1858 1905 1978 1948 mala

99 1978 294 2022 vitanda
326 1982 424 2022 tum
459 1992 485 2021 a
517 1979 894 2034 nupturientibus
928 1984 1027 2022 tum
1066 1993 1091 2022 a
1125 1978 1333 2034 parochis
1367 1983 1670 2022 servarentur.

251 2127 380 2182 188.
434 2127 518 2180 De
568 2128 972 2195 sponsalibus.
1058 2128 1178 2179 Lex
1226 2127 1413 2178 civilis
1465 2126 1708 2178 admittit
1749 2126 1972 2196 quidem

96 2215 390 2286 sponsalia,
435 2216 530 2268 sed
571 2218 686 2268 vim
730 2224 1043 2269 contractus
1086 2219 1162 2268 eis
1203 2235 1313 2268 non
1354 2215 1572 2282 tribuit,
1617 2234 1786 2286 quare
1816 2216 1972 2267 effec-

99 2314 213 2357 tum
267 2305 566 2357 iuridicum
621 2325 717 2357 seu
770 2306 1163 2375 obligationem
1216 2305 1447 2357 ineundi
1505 2306 1842 2356 matrimonii
1903 2323 1972 2356 ex

97 2393 449 2464 sponsalibus
490 2402 665 2446 ortam
707 2414 816 2447 non
866 2396 1129 2464 agnoscit.
1207 2395 1274 2446 Id
1315 2394 1489 2446 solum
1539 2395 1730 2463 exigit,
1784 2403 1845 2446 ut
1895 2413 1974 2445 re-

100 2491 323 2553 paretur
365 2483 647 2551 damnum,
691 2484 834 2554 quod
881 2484 1143 2536 alteruter
1183 2501 1509 2554 sponsorum
1551 2501 1745 2552 passus
1787 2491 1881 2546 est,
1911 2501 1971 2535 eo

97 2573 247 2642 quod
308 2572 445 2624 alter
504 2593 536 2625 a
597 2573 944 2643 sponsalibus
1004 2575 1246 2626 recessit.
1325 2571 1459 2624 Ideo
1521 2590 1648 2642 pars
1707 2574 1972 2624 innocens

95 2662 327 2714 alteram
369 2670 580 2731 partem
623 2663 798 2715 solum
841 2662 908 2714 de
948 2664 1298 2732 reparatione
1341 2663 1548 2728 damni,
1598 2661 1746 2732 quod
1793 2663 1973 2732 reipsa

96 2770 258 2822 passa
300 2760 397 2818 est,
442 2770 625 2804 coram
667 2751 850 2804 iudice
892 2754 1195 2803 convenire
1236 2745 1431 2821 potest.

250 2914 379 2969 189.
437 2915 523 2969 De
578 2915 1176 2983 proclamationibus.
1260 2917 1306 2967 1.
1366 2913 1833 2966 Proclamationes
1889 2922 1973 2966 ter

96 3004 216 3056 fieri
258 3003 476 3071 debent,
520 3005 596 3056 ita
636 3012 696 3056 ut
737 3006 1152 3056 matrimonium
1194 3004 1505 3056 invalidum
1546 3005 1630 3070 sit,
1687 3004 1730 3055 si
1783 3021 1972 3055 omnes

94 3095 435 3146 omittantur.
518 3093 576 3146 Si
634 3112 745 3145 una
801 3093 890 3145 vel
945 3095 1109 3145 etiam
1164 3093 1335 3145 altera
1384 3094 1684 3160 omittatur,
1741 3095 1872 3144 item
1926 3094 1969 3144 si

95 3183 278 3254 quoad
332 3183 567 3234 formam
621 3184 1018 3252 praescriptam
1073 3183 1322 3234 defectus
1381 3190 1649 3248 occurrat,
1708 3190 1824 3233 tum
1881 3201 1970 3251 pa-

95 3271 296 3324 rochus
336 3280 453 3323 tum
496 3273 880 3340 nupturientes
922 3290 1158 3341 poenam
1200 3273 1505 3323 incurrunt.

252 3419 281 3472 ²)
317 3419 382 3463 Cf.
418 3419 662 3463 Selmiteer
694 3434 736 3475 p.
775 3420 829 3463 78
873 3433 931 3463 ss.
998 3420 1215 3474 Gennari,
1265 3419 1613 3464 Consultazione
1662 3421 1744 3462 etc.
1792 3418 1966 3472 (Roma.

96 3493 320 3538 Monitore
352 3494 503 3538 eccles.
538 3494 671 3547 1902)
703 3493 735 3537 I.
769 3507 887 3537 cous.
921 3494 993 3537 41.
