2301 3962
273 215 299 257 6
1063 205 1364 250 Introductio,

278 353 444 414 gunt3
490 343 742 413 quamvis
785 358 910 408 ergo
939 342 995 390 in
1026 338 1259 390 diversis
1285 338 1595 406 theologiae
1625 336 1844 389 moralis
1873 337 2145 406 partibus,

278 440 441 503 prout
478 450 564 482 res
607 432 725 498 ipsa
753 428 1007 498 postulat,
1051 427 1158 479 alia
1187 427 1478 478 methodus
1507 446 1637 496 prae
1663 426 1784 478 aliis
1813 426 2150 495 praevaleat,

278 521 583 573 universim
636 527 821 569 tamen
876 518 1119 569 cernitur
1170 516 1461 568 methodus
1516 535 1587 568 ex
1642 515 1729 566 his
1778 515 1954 566 tribus
2009 534 2150 566 com-

281 611 459 679 posita
500 615 663 676 atque
704 607 995 675 permixta.

427 697 500 747 Et
564 702 711 746 recte
777 694 1001 764 quidem
1063 712 1188 745 cum
1250 693 1507 745 methodo
1564 692 2153 762 positiva-scholastica

280 788 445 838 etiam
488 786 780 837 casuistica
822 785 1191 851 coniungitur.

426 874 515 917 Ubi
550 873 668 917 enim
703 872 936 927 theologia
983 871 1168 915 moralis
1200 870 1372 914 futuris
1407 870 1693 913 confessariis
1725 870 2009 926 proponitur,
2058 871 2154 913 sola

280 947 503 1004 expositio
538 946 864 1002 principiorum
888 946 1128 989 moralium
1161 959 1251 988 non
1285 944 1476 999 sufficit,
1511 946 1588 989 sed
1620 944 1835 988 resolutio
1871 944 2151 988 diversorum

283 1035 469 1066 casuum
504 1026 550 1065 et
584 1020 900 1075 quaestionum
933 1034 987 1063 ex
1019 1020 1119 1063 vita
1151 1019 1353 1074 practica
1376 1020 1685 1062 desumtorum
1704 1033 1885 1074 prorsus
1903 1019 2154 1062 necessaria

281 1100 363 1140 est.
397 1095 658 1150 Applicatio
692 1095 810 1138 enim
843 1093 1168 1149 principiorum
1215 1094 1273 1136 ad
1308 1093 1594 1147 quaestiones
1627 1093 1851 1148 practicas
1885 1092 2152 1148 praesertim

284 1169 475 1213 diversis
509 1169 867 1213 circumstantiis
899 1169 1142 1212 intricatas
1193 1182 1272 1223 pro
1307 1167 1546 1222 tyronibus
1581 1167 1861 1210 difficultate
1893 1180 1983 1209 non
2016 1170 2154 1221 caret,

282 1257 394 1298 quae
429 1243 682 1286 difficultas
716 1243 918 1298 superari
959 1256 1048 1286 non
1081 1246 1234 1297 potest
1280 1242 1371 1285 nisi
1406 1242 1637 1284 diuturnis
1684 1255 1735 1284 ac
1767 1241 1960 1284 variatis
1993 1240 2154 1284 exerci-
2186 1251 2188 1253 ’

283 1317 548 1360 tationibus.

431 1391 622 1446 Insuper
654 1392 904 1434 multarum
939 1390 1257 1445 quaestionum
1293 1389 1598 1444 practicarum
1648 1389 1813 1432 solutio
1861 1403 1951 1432 non
2000 1394 2096 1432 tam
2130 1403 2157 1432 a

284 1465 418 1508 certis
450 1465 687 1520 principiis
721 1479 854 1519 quam
887 1479 914 1508 a
946 1464 1161 1520 prudenti
1185 1464 1435 1519 peritorum
1470 1463 1640 1506 iudicio
1673 1467 1812 1518 atque
1834 1463 2157 1506 aestimatione

286 1539 561 1592 desumitur3
596 1539 673 1582 sed
706 1540 904 1594 prudens
928 1539 1149 1582 eiusmodi
1183 1538 1445 1582 aestimatio
1477 1551 1568 1581 non
1600 1537 1852 1592 acquiritur
1884 1537 1973 1580 nisi
2007 1536 2160 1580 multi-

288 1612 396 1667 plici
432 1626 632 1667 casuum,
679 1626 788 1667 quos
821 1616 1027 1656 auctores
1062 1612 1319 1655 discutiunt
1352 1615 1397 1655 et
1430 1612 1680 1666 resolvunt,
1714 1611 2076 1654 consideratione
2110 1624 2161 1654 ac

285 1687 453 1730 studiO.

434 1761 546 1804 Inde
588 1762 659 1816 fit,
707 1766 762 1804 ut
808 1761 856 1804 in
903 1761 1137 1816 theologia
1169 1760 1345 1815 morali,
1394 1761 1662 1815 praesertim
1709 1760 1758 1802 in
1806 1758 2162 1814 quaestionibus,

288 1848 476 1888 quarum
512 1835 677 1878 solutio
711 1849 737 1878 a
769 1835 984 1890 prudenti
1017 1834 1339 1878 aestimatione
1373 1835 1612 1890 dependet,
1660 1848 1749 1877 non
1783 1835 1927 1877 solum
1962 1834 2160 1876 multum

290 1909 520 1952 deferatur
552 1909 821 1952 auctoritati
853 1909 1035 1952 illorum
1069 1909 1400 1964 theologorum,
1449 1908 1526 1963 qui
1574 1908 1790 1963 prudenti
1838 1907 2006 1950 iudicio
2056 1920 2163 1961 prae

288 1983 475 2038 reliquis
508 1984 752 2039 excellunt,
800 1984 877 2026 sed
925 1983 1063 2026 etiam
1114 1983 1415 2038 complurium
1464 1986 1701 2026 auctorum
1750 1982 1981 2025 sententia
2029 1980 2162 2024 citari

289 2058 445 2112 soleat,
494 2058 599 2112 quia
632 2057 831 2112 plurium
864 2057 912 2099 in
945 2056 1166 2100 eiusmodi
1202 2056 1548 2111 quaestionibus
1581 2058 1808 2099 conforme
1840 2055 2061 2099 iudicium
2094 2056 2157 2098 lu-

293 2133 526 2175 culentum
560 2131 774 2175 veritatis
806 2131 1122 2175 testimonium
1157 2130 1355 2173 exhibet.

441 2265 493 2319 7.
523 2266 777 2319 Divisio.
821 2265 895 2317 Ut
922 2264 1199 2334 theologia
1229 2264 1450 2316 moralis
1479 2264 1593 2330 fini,
1625 2282 1786 2334 quem
1817 2264 2164 2333 potissimum

291 2355 647 2418 intendimus,
691 2355 932 2424 practico
977 2355 1288 2420 conveniat,
1345 2355 1401 2404 in
1454 2362 1556 2405 tres
1589 2363 1777 2423 partes
1818 2359 1944 2421 apte
1987 2351 2164 2403 dividi

291 2450 485 2512 potest,
546 2461 778 2513 quarum
829 2444 1007 2511 prima
1061 2450 1141 2493 est
1183 2442 1249 2494 de
1290 2441 1667 2493 fundamentis
1707 2440 2015 2509 theologiae
2056 2458 2166 2491 mo-

290 2531 421 2583 ralis
462 2551 557 2584 seu
611 2533 677 2584 de
729 2533 922 2602 primis
976 2540 1028 2583 et
1074 2532 1429 2601 generalibus
1484 2531 1647 2582 huius
1702 2532 1966 2582 scientiae
2012 2531 2166 2600 prin-

293 2623 475 2691 cipiis;
527 2620 698 2672 altera
752 2629 832 2673 est
886 2621 949 2672 de
994 2623 1317 2691 praeceptis,
1374 2639 1513 2690 quae
1567 2621 1795 2689 exponit
1835 2637 2056 2671 normas
2098 2637 2169 2670 ex

292 2710 628 2761 revelatione
671 2710 973 2762 christiana
1015 2710 1312 2776 desumtaS‚
1368 2729 1504 2780 quas
1557 2709 1720 2761 homo
1772 2728 1841 2760 ex
1882 2709 2168 2761 voluntate

293 2800 401 2851 Dei
443 2818 662 2851 servare
705 2798 885 2862 debet,
930 2807 990 2850 ut
1030 2799 1197 2851 finem
1240 2799 1497 2850 ultimum
1539 2801 1688 2850 vitae
1729 2807 1984 2850 aeternae
2025 2816 2168 2850 asse-

296 2896 521 2958 quatur;
564 2889 725 2940 tertia
766 2896 846 2939 est
886 2889 949 2939 de
990 2890 1350 2955 sacramentiS,
1394 2907 1534 2958 quae
1561 2896 1689 2939 sunt
1726 2888 1958 2939 totidem
1985 2887 2169 2938 media

297 2995 392 3028 seu
433 2976 754 3028 adiumenta
795 2977 984 3029 salutis
1025 2978 1205 3029 a'Deo
1249 2979 1518 3042 instituta,
1561 2984 1620 3028 ut
1654 2976 1818 3028 homo
1846 2994 2036 3028 eorum
2066 2994 2169 3027 usu

297 3065 368 3117 ad
427 3067 601 3117 vitam
655 3074 932 3118 aeternam
989 3067 1294 3136 perveniat.
1371 3067 1586 3119 Horum
1636 3074 1820 3117 autem
1862 3064 2170 3117 mediorum

297 3172 456 3206 usum
487 3154 639 3205 Deus
664 3154 783 3223 lege
825 3156 1063 3224 positiva
1105 3157 1378 3224 praecipit
1418 3163 1471 3206 et
1512 3154 1742 3207 ecclesia
1784 3156 1896 3206 suis
1939 3155 2170 3206 decretis

302 3242 647 3296 determinat.

446 3331 515 3373 Ab
562 3331 646 3374 hac
694 3330 915 3375 divisione
961 3346 1051 3375 non
1101 3332 1257 3376 differt
1305 3346 1370 3387 ea,
1420 3346 1509 3387 qua
1552 3331 1784 3386 theologia
1827 3330 2010 3374 moralis
2058 3343 2170 3373 com—

299 3404 498 3447 muniter
532 3404 758 3448 dividitur
788 3404 837 3447 in
871 3405 987 3448 duas
1007 3409 1189 3461 partes,
1234 3419 1424 3460 quarum
1459 3406 1604 3449 altera
1633 3406 1868 3460 generalis
1900 3418 1979 3448 seu
2009 3404 2169 3447 funda-

300 3478 528 3532 mentalis,
562 3478 707 3521 altera
740 3479 952 3534 specialis
984 3484 1186 3523 vocatur.
1237 3479 1326 3523 Illa
1357 3479 1547 3534 exponit
1579 3478 1810 3534 generalia
1841 3491 2018 3521 morum
2053 3476 2170 3532 prin-

302 3550 435 3605 cipia,
484 3551 593 3593 haec
640 3552 871 3606 proprium
921 3552 1057 3596 huius
1108 3552 1326 3596 scientiae
1360 3553 1584 3596 obiectum
1617 3555 1884 3608 pertractat,
1933 3556 2032 3594 tum
2066 3550 2171 3594 obli-
