2269 3898
261 172 348 215 254
945 170 1022 213 IV.
1057 171 1123 213 De
1156 170 1444 213 conscientia.

260 305 482 375 quidem
526 323 740 373 semper
781 305 1013 366 interne,
1058 311 1302 354 attamen
1343 302 1524 355 saltem
1568 314 1798 368 eceterae,
1829 313 1881 356 et
1911 306 2137 374 quidem

259 404 480 463 propter
522 393 694 444 solam
735 393 1118 443 auctoritatem
1162 412 1199 445 s.
1244 392 1497 445 doctoris.

407 482 629 524 Iudicium
671 481 883 524 ecclesiae
918 481 971 523 de
1005 481 1214 535 operibus
1248 495 1281 524 s.
1314 481 1538 536 Alphonsi
1570 495 1661 524 non
1693 483 1891 525 refertur
1923 482 1982 524 ad
2025 482 2137 526 veri-

259 562 404 599 tatem
440 557 685 611 doctrinae,
719 556 796 599 sed
829 556 887 598 ad
920 555 1204 598 condiciones
1236 569 1316 610 pro
1340 555 1680 598 canonisatione
1702 555 1970 610 requisitas;
2007 557 2138 614 atqui

259 631 317 673 ad
355 631 475 672 hunc
506 631 644 673 finem
679 630 976 673 obtinendum
1011 643 1201 672 examen
1234 642 1418 684 operum
1453 630 1501 672 id
1536 630 1682 672 solum
1714 629 1986 685 investigat,
2027 644 2137 673 num

261 704 435 758 aliquid
467 704 516 747 in
548 704 605 747 iis
639 704 944 759 contineatur,
979 704 1097 758 quod
1130 708 1280 747 rectae
1311 704 1421 746 fidei
1454 709 1501 747 et
1533 704 1662 747 bonis
1695 704 1897 747 moribus
1937 705 2140 748 adverse-

260 786 338 822 tur
371 779 457 833 vel,
491 779 610 833 quod
643 779 798 821 eodem
831 777 968 831 redit,
1010 791 1119 820 num
1153 778 1329 832 aliquid
1375 778 1424 821 in
1456 777 1514 820 iis
1558 778 1862 833 contineatur,
1911 779 2029 833 quod
2077 779 2141 824 sit

263 867 451 897 censura
483 853 775 909 (theologica)
808 853 1015 907 dignum.

412 928 455 981 b.
498 928 631 979 Ideo
670 929 727 979 in
768 930 928 996 praxi
960 926 1193 996 quilibet
1223 926 1593 978 confessarius
1633 936 1749 978 tuto
1788 930 1943 998 sequi
1964 938 2144 998 potest

260 1017 562 1086 (nonnullis
592 1019 861 1086 exceptis)
890 1017 1180 1085 opiniones
1207 1035 1245 1068 s.
1274 1015 1569 1085 Alphonsi,
1612 1018 1689 1068 ita
1726 1025 1787 1068 ut
1826 1019 1982 1069 iuxta
2023 1017 2144 1069 illas

262 1125 419 1157 suam
461 1107 807 1175 aliorumque
849 1105 1051 1174 agendi
1093 1107 1367 1156 rationem
1411 1105 1629 1174 dirigat,
1690 1124 1803 1158 non
1855 1115 2041 1158 autem
2084 1118 2143 1158 ut

263 1214 329 1245 ex
373 1197 449 1246 eis
491 1195 857 1262 obligationes
899 1196 1205 1264 poenitenti
1248 1196 1513 1263 imponat.
1594 1195 1770 1246 Nemo
1824 1204 2011 1247 tamen
2053 1216 2145 1248 eas

263 1287 418 1354 sequi
461 1293 679 1351 tenetur,
737 1285 833 1336 sed
876 1286 1179 1354 unicuique
1230 1283 1468 1335 liberum
1511 1294 1591 1336 est
1631 1284 1892 1354 amplecti
1933 1293 2143 1337 senten-

261 1376 367 1426 tias
394 1374 628 1425 aliorum
657 1383 963 1439 auctorum,
1005 1374 1166 1425 modo
1198 1375 1307 1425 sint
1333 1392 1462 1425 vere
1501 1383 1554 1425 et
1592 1373 1763 1426 solide
1795 1374 2144 1443 probabiles3

263 1482 432 1533 quare
462 1463 829 1515 confessarius
859 1483 891 1514 a
920 1465 1032 1514 suis
1072 1462 1488 1532 poenitentibus
1531 1465 1754 1531 exigere
1795 1482 1905 1515 non
1949 1472 2143 1533 potest,

264 1562 324 1604 ut
365 1563 666 1622 sequantur
707 1555 995 1622 opiniones
1038 1572 1077 1604 s,
1123 1553 1377 1604 doctoris.

412 1642 720 1697 Excipiendae
753 1647 862 1686 sunt
894 1643 1001 1686 illae
1034 1642 1306 1697 sententiae,
1339 1655 1453 1697 quae
1487 1657 1526 1684 α.
1562 1643 1634 1685 vel
1667 1646 1775 1686 ante
1799 1643 1872 1686 vel
1895 1647 2000 1698 post
2021 1643 2148 1686 edita

263 1730 398 1772 opera
431 1730 464 1760 s.
499 1717 696 1760 doctoris
728 1718 783 1761 ab
818 1717 1005 1761 ecclesia
1037 1717 1306 1772 reprobatae
1351 1721 1459 1760 sunt
1498 1721 1552 1759 ut
1596 1717 1650 1759 de
1698 1716 1881 1771 patrino
1925 1717 2146 1760 catholico

266 1791 314 1834 in
348 1790 627 1846 baptismate
660 1806 686 1835 a
719 1792 931 1835 ministro
965 1792 1192 1834 haeretico
1226 1792 1422 1842 collato;
1466 1792 1520 1833 de
1553 1791 1840 1834 absolutione
1872 1791 2149 1847 moribundi,

264 1879 399 1920 quam
434 1866 639 1909 concedit
672 1866 865 1921 simplex
900 1866 1106 1909 sacerdos
1139 1871 1379 1921 praesente
1411 1865 1685 1920 approbato;
1736 1866 1790 1909 de
1834 1866 2042 1921 episcopo
2086 1880 2148 1910 re-

265 1940 431 1996 gulari,
466 1954 596 1995 quem
631 1956 664 1985 s,
698 1941 960 1996 Alphonsus
993 1954 1083 1984 non
1116 1940 1374 1995 obligatum
1408 1944 1658 1995 putaverat
1690 1953 1835 1994 neque
1868 1941 1925 1983 ad
1958 1944 2067 1984 vota
2099 1940 2147 1984 in

269 2015 491 2070 religione
524 2016 689 2059 emissa
720 2030 865 2071 neque
897 2017 955 2060 ad
988 2016 1195 2071 regulam
1230 2016 1300 2059 sui
1343 2015 1579 2067 ordinis¹);
1631 2029 1745 2070 quae
1771 2016 1810 2065 β.
1845 2016 2149 2058 adversantur

267 2090 586 2133 consuetudini
621 2090 716 2134 sive
748 2096 855 2134 ante
900 2091 996 2134 sive
1028 2096 1132 2146 post
1175 2096 1384 2146 tempora
1427 2106 1460 2134 s.
1513 2090 1710 2134 doctoris
1756 2090 1966 2145 legitime
2011 2090 2149 2133 intro-

267 2165 430 2207 ductae
464 2178 498 2209 e.
534 2178 577 2219 g.
613 2165 730 2208 circa
761 2165 1001 2220 ieiunium,
1049 2165 1167 2208 circa
1200 2179 1335 2220 opera
1368 2165 1578 2214 servilia;
1631 2178 1745 2220 quae
1793 2179 1832 2217 γ.
1883 2170 2150 2219 supponunt

267 2239 488 2282 adiuncta
520 2239 741 2294 temporis
775 2253 807 2282 s.
842 2239 1082 2294 Alphonsi,
1116 2253 1230 2294 quae
1269 2240 1488 2283 adiuncta
1532 2244 1691 2295 postea
1732 2240 1983 2282 immutata
2014 2240 2146 2293 sunt,

266 2318 319 2358 ut
354 2314 591 2368 quantitas
624 2314 781 2369 gravis
813 2314 862 2358 in
893 2316 1043 2368 furto;
1078 2328 1193 2369 quae
1226 2314 1264 2357 ὃ.
1300 2315 1507 2358 evidenti
1531 2314 1601 2358 vel
1624 2318 1748 2358 certa
1769 2314 1948 2358 ratione
1971 2315 2148 2357 demon-

270 2394 481 2432 strantur
512 2389 680 2432 falsae:
715 2389 998 2444 impossibile
1031 2389 1152 2432 enim
1186 2393 1256 2433 est
1290 2389 1616 2433 conscientiam
1649 2389 1847 2444 practice
1869 2393 2038 2431 certam
2063 2388 2149 2431 sibi

273 2465 472 2507 formare
503 2464 637 2507 iuxta
669 2464 962 2519 sententiam,
997 2477 1113 2518 quae
1145 2463 1437 2519 cognoscitur
1470 2476 1565 2506 esse
1595 2463 1728 2506 falsa.

420 2555 564 2605 Num
589 2554 949 2624 confessarius
983 2553 1252 2605 absolvere
1281 2552 1468 2604 debeat
1500 2554 1870 2622 poenitentem,
1913 2553 2002 2622 qui
2040 2552 2151 2603 vult

269 2646 414 2714 sequi
453 2645 752 2714 opinionem
792 2645 1092 2713 oppositam
1132 2645 1422 2694 sententiae
1464 2642 1795 2712 confessarii.

421 2769 469 2799 a.
528 2747 584 2799 Si
637 2749 820 2815 agitur
862 2747 929 2798 de
970 2746 1344 2816 opinionibus,
1388 2765 1530 2815 quae
1570 2748 1877 2815 respiciunt
1915 2746 2150 2797 admini-

272 2838 592 2888 strationem
655 2837 1012 2903 sacramenti,
1082 2836 1373 2887 manifesto
1430 2836 1799 2888 confessarius
1852 2835 2150 2904 procedere

273 2925 437 2977 debet
478 2927 783 2978 secundum
827 2927 1133 2995 opiniones,
1177 2944 1314 2996 quas
1368 2927 1486 2996 ipse
1540 2935 1726 2977 tenet:
1783 2943 1911 2976 nam
1963 2927 2151 2992 agenti

271 3015 586 3084 probabiles
629 3034 743 3066 esse
788 3015 994 3067 debent
1035 3016 1356 3079 sententiae⁷
1403 3034 1540 3084 quas
1581 3016 1843 3085 sequitur.

423 3104 467 3158 b.
519 3104 578 3157 Si
627 3107 809 3172 agitur
850 3105 917 3156 de
969 3106 1269 3169 sententiiS‚
1315 3123 1455 3174 quae
1495 3114 1790 3156 versantur
1831 3105 1978 3156 circa
2019 3102 2150 3155 obli-

272 3195 526 3261 gationes
578 3196 928 3262 poenitentis,
986 3194 1355 3246 confessarius
1405 3201 1624 3245 tenetur
1677 3193 2003 3263 dispositum
2059 3192 2151 3244 ab·

278 3283 508 3349 solvere,
566 3285 923 3352 quantumvis
982 3286 1136 3353 sequi
1194 3282 1330 3334 velit
1383 3284 1672 3352 opiniones
1728 3284 2007 3352 oppositas
2065 3283 2147 3349 iis,

436 3461 465 3518 ¹)
500 3461 568 3504 Cf.
601 3461 818 3504 resolutio
852 3462 892 3506 S.
928 3462 974 3505 (l.
1007 3462 1088 3516 Ep.
1124 3466 1170 3504 et
1205 3461 1319 3515 Reg.
1353 3461 1393 3504 6.
1427 3460 1536 3503 maii
1573 3460 1689 3503 1864
1730 3466 1777 3504 et
1818 3461 1935 3503 Acta
1981 3473 2015 3502 s.
2058 3459 2152 3503 sed.

274 3535 310 3578 I.
343 3536 429 3578 449
464 3549 518 3578 ss.
