2269 3898
681 175 748 217 De
779 172 1031 216 virtutibus
1063 172 1381 216 cardinalibus.
1874 173 1959 216 267

708 405 1000 463 Articulus
1044 406 1337 464 secundus,

848 543 925 581 De
958 539 1220 595 iustitia1).

639 688 672 742 ,ὃς
703 690 754 732 1.
790 690 874 732 De
905 694 1120 733 natura
1151 691 1418 732 iustitiae.

244 822 375 876 240.
417 821 599 875 Notio
641 822 819 874 iuris.
886 821 1048 871 Notio
1091 821 1332 871 iustitiae
1386 823 1645 889 supponit
1686 822 1963 872 notionem

94 912 247 975 iuris,
290 910 436 980 quod
480 917 560 961 est
601 911 717 960 eius
760 909 1054 962 obiectum.
1135 909 1225 960 Ius
1276 927 1440 959 sensu
1493 910 1711 977 proprio
1768 917 1819 959 et
1861 910 1962 977 pri-

96 1001 268 1051 mario
311 999 584 1066 signifieat
622 1016 888 1067 personae
922 1006 1237 1068 potestatem
1280 996 1540 1048 moralem
1581 996 1963 1048 inviolabilem

95 1087 306 1158 aliquid
347 1087 607 1153 habendi,
649 1087 888 1138 faciendi
920 1086 1007 1137 vel
1033 1085 1319 1154 exigendi3
1363 1085 1466 1136 hoe
1507 1104 1670 1138 sensu
1699 1086 1963 1137 dicimus:

96 1178 269 1228 utitur
306 1178 421 1228 iure
462 1194 574 1239 suo,
617 1177 700 1227 ius
740 1194 898 1227 suum
939 1178 996 1226 in
1037 1175 1268 1226 alterum
1311 1175 1595 1241 transfert3
1639 1175 1962 1226 secundario

97 1265 374 1335 signifieat
414 1265 488 1333 id,
533 1265 678 1334 quod
708 1267 929 1331 iustum,
972 1263 1200 1334 aequale
1242 1283 1335 1316 seu
1366 1264 1512 1334 quod
1554 1263 1707 1315 alteri
1737 1263 1965 1314 debitum

97 1363 194 1418 est,
237 1356 356 1424 ipsa
396 1372 594 1422 nempe
636 1353 870 1421 obieeta,
915 1355 1063 1405 eirea
1105 1372 1244 1423 quae
1286 1353 1378 1405 illa
1417 1360 1656 1423 potestas
1685 1361 1960 1416 versatur3

96 1443 202 1494 hoe
243 1462 401 1494 sensu
448 1444 712 1494 dicimus:
765 1444 1066 1511 unicuique
1122 1441 1479 1492 tribuendum
1535 1449 1614 1493 est
1664 1443 1746 1492 ius
1788 1459 1963 1494 suum.

96 1533 219 1583 Hae
261 1532 401 1583 duae
442 1533 576 1583 iuris
603 1532 1034 1598 significationes
1063 1530 1421 1582 correlativae
1450 1539 1604 1589 sunt;
1648 1530 1821 1582 altera
1849 1547 1964 1580 rem

98 1620 360 1687 debitam,
415 1620 585 1672 altera
636 1619 856 1671 titulum
911 1620 1082 1671 debiti
1140 1618 1394 1670 exhibet:
1448 1619 1586 1670 nihil
1627 1621 1774 1670 enim
1829 1626 1968 1669 esset

97 1711 339 1779 cuipiam
383 1709 647 1776 debitum,
702 1710 808 1760 nisi
861 1708 1090 1761 haberet
1137 1716 1461 1777 potestatem
1517 1707 1652 1759 illud
1706 1706 1966 1776 exigendi

98 1798 187 1849 vel
238 1799 530 1852 retinendi.
608 1799 726 1850 Iam
783 1814 911 1849 vero
967 1800 1067 1864 ius7
1132 1806 1292 1866 prout
1346 1796 1620 1865 signifieat
1676 1797 1750 1858 id,
1819 1795 1966 1865 quod

100 1887 256 1939 alteri
300 1887 545 1939 debitum
588 1896 683 1953 est,
727 1889 1011 1938 constituit
1051 1886 1326 1938 obiectum
1368 1887 1670 1950 iustitiae2).

251 2005 294 2033 a.
329 1991 539 2034 Potestas
572 1991 763 2033 moralis
798 1990 979 2044 dicitur,
1014 1994 1112 2032 tum
1147 1989 1253 2044 quia
1283 2003 1373 2033 non
1407 1998 1475 2032 est
1508 1989 1708 2051 physica,
1741 1993 1839 2031 tum
1864 1987 1971 2041 quia

105 2070 174 2109 est
206 2065 338 2108 iuxta
369 2069 538 2108 rectam
573 2065 816 2113 rationem;
853 2065 1125 2107 sncz'olabilis
1159 2064 1340 2119 dieitur,
1374 2064 1478 2118 quia
1521 2063 1828 2117 unusquisque
1871 2076 1967 2104 eam

109 2140 345 2183 observare
376 2144 574 2194 tenetur,
606 2145 659 2182 ut
691 2140 792 2183 ideo
826 2139 922 2182 sine
954 2140 1086 2194 eulpa
1118 2138 1279 2182 violari
1312 2152 1402 2181 non
1434 2138 1593 2193 possit.
1655 2138 1792 2180 Ratio
1816 2141 1968 2179 autem

106 2218 153 2258 et
185 2215 537 2257 fundamentum
576 2214 710 2256 huius
758 2212 1131 2257 inviolabilitatis
1173 2218 1242 2256 est
1277 2212 1480 2267 dignitas
1514 2216 1569 2258 1et
1611 2209 1971 2265 independentia

104 2301 334 2343 personae,
367 2288 411 2331 vi
447 2288 573 2331 cuius
605 2288 706 2343 ipsa
739 2288 919 2342 exigere
951 2292 1116 2342 potest,
1149 2291 1203 2330 ut
1226 2287 1340 2330 bona
1373 2291 1523 2330 creata
1554 2292 1784 2340 tamquam
1821 2284 1969 2328 media

103 2363 159 2406 ad
185 2375 282 2406 eam
317 2363 583 2406 ordinentur
616 2362 744 2416 eique
771 2361 937 2405 servire
972 2361 1178 2415 debeant,
1212 2368 1435 2415 quatenus
1468 2361 1524 2403 ad
1559 2360 1825 2403 obtinendos
1858 2360 1970 2400 fines

101 2450 204 2479 suos
235 2436 534 2480 necessarium
570 2441 651 2480 est.

255 2526 290 2567 b.
326 2526 537 2568 Potestas
570 2525 754 2568 moralis
788 2538 864 2568 seu
898 2525 969 2567 ius
993 2524 1159 2578 duplex
1183 2523 1502 2578 distinguitur,
1526 2523 1769 2578 improprie
1792 2521 1969 2575 dictum,

103 2601 221 2654 quod
253 2601 476 2643 fundatur
507 2599 555 2642 in
589 2598 911 2654 superioritate
945 2607 990 2642 et
1023 2598 1151 2641 reddi
1185 2599 1241 2641 ad
1276 2598 1599 2652 aequalitatem
1623 2596 1796 2649 nequit,
1829 2594 1968 2637 ouius-

103 2674 225 2718 modi
258 2679 340 2718 est.
391 2674 475 2717 Dei
508 2674 585 2717 ius¹
602 2674 659 2717 ad
693 2674 880 2728 cultum,
914 2673 1058 2728 patris
1100 2674 1156 2715 ad
1199 2672 1522 2717 obedientiam:
1556 2670 1747 2725 proprie
1789 2669 1969 2720 dictum,

260 2852 293 2903 ι)
327 2851 372 2895 S.
412 2851 604 2893 Thomas
635 2851 693 2893 Π.
728 2850 789 2894 ΙΙ.
823 2865 863 2905 q.
897 2850 952 2893 57
987 2864 1019 2893 s.
1053 2864 1092 2904 q.
1127 2850 1197 2892 61.
1261 2849 1450 2900 Molina,
1483 2850 1548 2891 De
1580 2847 1764 2890 iustitia
1795 2851 1840 2890 et
1873 2847 1969 2889 iure

104 2929 236 2969 tract.
272 2926 311 2967 1.
345 2924 554 2977 Les-sius)
586 2925 653 2967 De
684 2924 868 2967 iustitia
900 2928 945 2967 et
976 2924 1074 2966 iure
1106 2924 1208 2966 LQ.
1254 2930 1360 2968 sect.
1411 2924 1448 2964 1.
1495 2936 1527 2967 c.
1575 2922 1598 2963 1
1644 2935 1676 2965 s.
1711 2921 1856 2976 LzzyO,
1903 2921 1969 2962 De

102 3000 202 3043 iure
234 3003 279 3042 et
310 2998 495 3041 iustitia
529 2998 642 3052 disp.
678 3000 717 3041 1.
751 3002 856 3041 sect.
892 2998 931 3041 1.
964 2998 1246 3053 {Holemcmm
1280 2996 1527 3050 Theologia
1573 2995 1756 3038 moralis
1804 2994 1876 3036 IV.
1924 3007 1967 3036 n.

105 3073 355 3117 286—336.
404 3072 710 3125 Vermeersch,
744 3072 1038 3126 Quaestiones
1074 3073 1127 3115 de
1148 3072 1332 3115 iustitia
1366 3070 1562 3126 (Brugis.
1596 3072 1802 3123 Beyaert.
1838 3068 1968 3116 1901)

103 3161 147 3190 n.
184 3147 343 3190 1—76.
408 3146 603 3199 Pottier,
636 3146 703 3190 De
735 3146 832 3190 iure
865 3152 911 3190 et
959 3146 1143 3189 iustitia
1187 3145 1372 3198 (Leodii.
1399 3136 1601 3188 Aneion.
1644 3144 1789 3195 1900).
1868 3141 1969 3183 Vict.

108 3221 341 3273 Catlzrez'n,
373 3220 457 3263 Die
490 3220 880 3275 Cardinaltugend
915 3221 992 3263 der
1024 3220 1368 3274 Gereehtigkeit
1400 3219 1683 3272 (Zeitschrift-
1724 3219 1798 3259 fur
1840 3217 1968 3259 kath.

108 3295 354 3349 Theologie
388 3294 519 3348 1901)
552 3294 592 3336 S.
628 3294 712 3337 635
745 3296 794 3336 ff.

257 3367 291 3422 2)
322 3368 387 3412 Cf.
423 3381 535 3422 quae
570 3368 623 3411 de
654 3368 766 3410 iuris
798 3373 965 3411 natura
997 3372 1043 3411 et
1076 3366 1432 3422 proprietatibus
1466 3366 1697 3409 subtiliter
1739 3377 1877 3418 aeque
1918 3378 1969 3406 ac

104 3442 341 3499 ingeniose
374 3443 614 3497 disputant
646 3442 776 3497 Lugyo
806 3442 878 3495 (de
908 3441 1092 3484 iustitia
1134 3441 1248 3496 disp.
1293 3443 1331 3484 1.
1381 3455 1424 3484 n.
1456 3440 1499 3496 5⁸2
1548 3442 1621 3493 ss.)
1680 3437 1968 3481 Vfflvneerselz

106 3519 150 3570 (l.
185 3531 220 3560 e.
252 3531 296 3560 n.
329 3517 355 3560 ὃ
389 3518 464 3571 ss.)
499 3515 713 3559 Catlzrein
746 3515 1191 3570 (Moralphilosophie
1221 3515 1256 3557 Ι.
1294 3515 1337 3557 S.
1368 3514 1454 3556 415
1488 3515 1560 3569 ff.)
1594 3513 1772 3567 aliique.
