2269 3898
701 157 767 199 De
799 156 1098 200 celebratione
1130 156 1423 199 matrimonii.
1917 158 1999 201 167

132 293 249 343 sive
301 290 630 360 impuberes,
690 290 852 341 modo
905 291 1132 341 rationis
1182 308 1340 341 usum
1390 289 1633 342 habeant
1674 304 1726 346 et
1768 295 1834 346 de
1877 313 1998 351 con«

130 389 303 432 tracto
347 380 696 431 matrimonio
739 380 926 429 testari
971 381 1194 446 possint.

280 468 395 522 Quia
427 469 648 523 parochus
682 475 750 511 est
785 468 918 510 testis
952 467 1221 522 praecipuus
1256 475 1301 511 et
1335 470 1640 526 qualificatus,
1681 472 1919 516 concilium
1952 473 2001 515 in

131 544 234 587 aliis
266 544 462 586 testibus
495 542 766 598 peculiarem
802 542 1073 597 qualitatem
1107 556 1196 585 non
1229 543 1388 598 exigit.
1460 547 1681 590 Attamen
1725 546 1888 590 illicite
1927 547 1999 590 ad-

129 618 344 661 hibentur
376 621 513 660 tesles
546 617 799 669 acatholici,
831 616 908 660 ubi
943 616 1154 659 catholici
1188 616 1342 659 haberi
1375 624 1565 672 possunt
1579 620 1605 673 ¹)

280 708 326 760 2.
373 707 447 758 Ut
488 706 555 757 de
596 707 946 757 matrimonio
990 706 1173 757 valide
1214 709 1401 757 testari
1437 711 1661 776 possint,
1702 711 2001 778 requiritur

131 797 376 847 omnium
412 797 634 846 testium
669 795 920 865 (parochi
951 803 1003 846 et
1031 795 1284 862 aliorum)
1326 799 1637 864 praesentia
1680 818 1727 849 α.
1759 799 2000 868 physica,

130 894 189 936 ut-
241 886 379 936 scire
435 885 661 954 possint,
714 884 848 953 quid
903 893 1126 954 agatur3
1186 885 1229 938 b.
1286 885 1632 938 simultcmca:
1683 905 1807 938 cum
1850 889 1997 939 enim

132 975 198 1026 de
254 974 446 1026 eodem
504 982 631 1025 actu
694 973 860 1024 fidem
920 974 1100 1025 facere
1160 974 1421 1040 debeant,
1485 977 1534 1026 ei
1594 976 1750 1027 simu-Z
1809 977 1999 1027 adesse

131 1063 358 1127 debent3
416 1084 456 1114 c.
498 1061 758 1133 formalis
799 1065 831 1116 i.
876 1081 919 1116 e.
965 1063 1350 1115 contrahentes
1392 1066 1753 1117 intentionem
1795 1065 2003 1117 habere

130 1152 334 1204 debent
375 1153 566 1203 utendi
610 1170 797 1203 eorum
832 1155 1143 1221 praesentia
1179 1152 1248 1204 ad
1280 1155 1691 1206 matrimonium
1723 1154 2000 1206 celebran-

130 1241 278 1309 dum,
323 1261 487 1311 quam
530 1243 892 1293 intentionem
943 1241 1131 1308 oculiS,
1183 1250 1321 1294 nutu
1371 1253 1473 1297 etc.
1525 1244 1865 1295 sufficienter
1912 1263 1996 1295 ex-

130 1332 365 1400 primere
400 1340 644 1400 possunt,
689 1331 853 1383 modo
881 1340 1046 1383 testes
1076 1331 1220 1383 hanc
1249 1333 1609 1384 intentionem
1639 1332 1996 1400 advertant2).

279 1435 317 1460 α.
344 1421 464 1475 Ergo
498 1420 637 1464 etiam
672 1421 724 1475 is,
759 1421 835 1475 qui
870 1433 975 1464 casu
1009 1421 1152 1475 adest,
1187 1421 1262 1476 qui
1298 1422 1413 1476 dolo,
1446 1422 1491 1465 vi
1524 1422 1594 1464 vel
1627 1426 1753 1466 metu
1785 1422 1842 1465 ad
1875 1421 2001 1464 testi-

128 1495 355 1538 ficandum
391 1495 638 1550 inducitur,
684 1496 835 1538 valide
876 1496 1009 1539 testis
1051 1509 1145 1539 esse
1178 1500 1344 1550 potest,
1388 1497 1506 1551 quod
1540 1497 1679 1540 etiam
1723 1497 1775 1539 de
1807 1496 2002 1551 parocho

129 1569 264 1611 valet.
330 1569 440 1612 Cum
475 1569 593 1612 enim
628 1569 753 1612 aliud
787 1583 876 1612 non
912 1570 1184 1624 requiratur,
1217 1570 1305 1613 nisi
1339 1578 1393 1613 ut-
1426 1571 1559 1613 testis
1593 1571 1668 1625 sit,
1701 1583 1879 1613 necesse
1910 1584 2001 1613 non

128 1652 211 1697 est,
260 1643 392 1686 utin
440 1643 676 1686 functione
714 1644 901 1699 praesit
946 1645 1015 1686 vel
1067 1658 1251 1694 sponsos
1285 1645 1550 1700 im‘errogset,
1599 1645 1675 1687 sed
1726 1644 1902 1687 sufficit
1948 1649 2001 1686 ut

116 1731 349 1772 praesens
380 1721 426 1761 et
459 1731 485 1761 a
518 1717 692 1773 sponsis
728 1721 963 1772 tamquam
999 1718 1132 1761 testis
1166 1718 1396 1761 adhibitus
1435 1720 1495 1762 sit
1527 1719 1556 1762 i.
1592 1733 1627 1762 e.
1661 1725 1711 1762 ut
1748 1719 1898 1775 sponsi
1933 1733 2002 1763 ex-

129 1791 285 1846 plicite
307 1792 379 1834 vel
402 1791 627 1847 implicite
652 1792 797 1835 velint
819 1806 919 1835 eum
945 1806 1039 1836 esse
1062 1796 1226 1835 testem
1247 1794 1543 1848 matrimonii,
1568 1795 1684 1848 quod
1708 1794 1997 1837 contrahunt.

279 1868 317 1915 13.
351 1866 472 1921 Ergo
507 1866 645 1909 etiam
681 1880 850 1921 caecus,
894 1867 1024 1909 modo
1059 1880 1114 1910 ex
1144 1868 1511 1912 contrahentium
1546 1869 1708 1923 verbis,
1743 1876 1787 1912 et
1821 1869 1999 1922 surdus,

128 1943 259 1985 modo
292 1955 346 1985 ex
369 1943 737 1986 contrahentium
764 1942 908 1998 signis
937 1948 1192 1998 cognoscat,
1227 1942 1333 1997 quid
1359 1949 1540 1998 agatur,
1573 1943 1725 1986 valide
1748 1943 1882 1986 testis
1905 1955 2001 1985 esse

127 2022 301 2071 potest;
338 2017 413 2071 qui
447 2023 600 2060 autem
636 2017 798 2060 surdus
832 2024 877 2061 et
911 2018 1047 2060 simul
1081 2031 1236 2061 caecus
1270 2026 1353 2072 est,
1397 2018 1547 2061 valide
1581 2018 1793 2060 assistere
1826 2017 1999 2071 nequit.

277 2106 316 2142 γ.
351 2092 592 2146 Parochus,
640 2092 716 2146 qui
751 2092 1069 2136 contrahentes
1103 2092 1197 2135 sive
1242 2092 1295 2135 ob
1336 2092 1601 2135 caecitatem
1648 2092 1741 2135 sive
1776 2092 1828 2134 ob
1861 2092 1998 2135 aliam

127 2180 308 2209 causam
333 2181 421 2210 non
445 2167 576 2220 ridet,
609 2167 761 2211 valide
784 2167 978 2222 assistit,
1002 2168 1133 2210 modo
1158 2167 1523 2211 contrahentium
1550 2181 1813 2210 consensum
1838 2167 2000 2211 audiat

128 2253 370 2295 eorumque
403 2255 532 2285 voces
566 2249 821 2296 cognoscat.

788 2478 1081 2536 Articulus
1122 2479 1349 2536 ‘neurius¹

564 2617 642 2655 De
674 2617 793 2665 ipsa
827 2615 1183 2655 celebratione
1216 2616 1556 2656 matrimonii.

275 2762 365 2814 Ad
420 2763 754 2814 matrimonii
809 2762 1236 2814 celebrationem
1289 2762 1439 2814 aliud
1482 2781 1551 2814 ex
1592 2770 1746 2832 parte
1789 2770 1998 2858 contra·

127 2851 393 2919 hentium,
436 2850 586 2902 aliud
628 2870 698 2902 ex
738 2860 893 2920 parte
935 2851 1160 2920 parochi
1202 2854 1513 2922 requiritur.

273 3015 401 3069 157.
458 3014 552 3068 Ex
604 3018 775 3083 parte
831 3016 1318 3069 contrahentium
1370 3017 1731 3083 requiritur.
1825 3018 1874 3067 1.
1924 3015 1999 3067 Ut

130 3096 542 3155 matrimonium
587 3105 642 3156 in
683 3103 901 3156 eccles-icc·
951 3123 1076 3156 cum
1118 3107 1226 3156 ritu
1269 3124 1422 3156 sacro
1465 3105 1534 3157 ab
1578 3105 1808 3156 ecclesia
1849 3124 1995 3174 prae-

283 3294 312 3351 1>
348 3296 393 3338 S.
423 3296 628 3352 Officium
656 3297 722 3339 19.
749 3310 852 3351 aug.
881 3298 993 3340 1891
1029 3297 1211 3352 statuit,
1247 3311 1363 3353 „non
1398 3311 1492 3341 esse
1524 3297 1801 3341 adhibendos
1834 3297 1995 3350 (haere-

127 3369 277 3424 ticos);
313 3384 441 3425 posse
465 3375 619 3414 tamen
652 3370 707 3414 ab
741 3370 968 3413 ordinario
992 3370 1178 3414 tolerari
1209 3384 1262 3414 ex
1296 3372 1427 3426 gravi
1451 3385 1598 3425 causa,
1634 3372 1874 3414 dummodo
1906 3384 1995 3414 non

126 3443 250 3486 adsit
290 3444 596 3487 scandalum··'·

282 3515 311 3571 ²)
344 3519 827 3561 Ballermi-Palmieri
857 3519 932 3561 VI.
967 3533 1010 3561 n.
1045 3520 1144 3562 859.
