2269 3898
247 130 336 173 324
979 129 1056 171 VI.
1091 129 1159 171 De
1192 128 1405 183 peccatis.

247 265 342 334 qui
386 282 454 314 ex
497 281 660 332 opere
702 261 844 313 malo
902 270 1127 313 secutus
1186 271 1291 328 θεῖς
1351 262 1400 315 d.
1463 281 1601 332 opus
1657 263 1864 314 malum
1910 273 2138 335 propter

247 354 433 404 bonum
473 351 721 422 effectum.

398 500 531 554 298.
574 499 904 567 Principia.
995 501 1041 552 1.
1102 498 1386 552 Gaudium
1442 500 1504 550 de
1557 501 1673 570 ipso
1727 499 1866 550 malo
1915 510 2137 571 peracto

247 598 535 660 peccatum
594 597 676 641 est
726 588 972 640 eiusdem
1040 588 1333 657 gravitatis
1387 596 1440 639 et
1479 591 1682 658 speciei
1737 597 1901 660 atque
1955 592 2137 660 ipsum

247 679 456 732 malum
518 687 821 748 peractum.
903 678 1062 729 Ratio
1118 679 1290 747 primi
1341 685 1437 743 est,
1500 680 1630 748 quia
1683 687 1838 731 actus
1890 682 2140 731 internus

268 740 441 756 >mo-e...

247 769 438 838 gaudii
481 768 749 819 malitiam
792 769 998 837 accipit
1043 767 1112 819 ab
1146 767 1379 834 obiecto,
1424 787 1549 819 cum
1593 770 1662 820 sit
1690 769 2017 839 approbatio
2059 771 2137 821 rei

249 859 442 924 malae,
497 876 639 928 quae
696 875 912 927 semper
972 856 1120 908 mala
1179 865 1275 923 est,
1336 859 1452 908 sive
1511 859 1567 910 in
1624 877 1680 910 se
1738 862 1856 910 sive
1914 859 2137 911 demum

247 958 471 1019 propter
511 946 943 1017 prohibitionem
988 946 1138 997 mala
1182 956 1277 1013 est,
1322 955 1381 997 ut
1405 947 1649 1016 gaudere
1693 948 1759 999 de
1790 948 2140 1018 blasphemia

249 1037 339 1089 vel
381 1038 448 1089 de
491 1056 664 1089 coena
707 1036 795 1087 die
839 1037 1034 1088 ieiunii
1070 1044 1268 1088 sumta.
1347 1035 1482 1087 Ideo
1525 1037 1793 1104 gaudium
1839 1056 2010 1106 grave
2052 1036 2140 1088 vel

249 1129 372 1180 leve
414 1136 705 1197 peceatum
752 1135 834 1178 est
875 1145 970 1196 pro
1033 1128 1309 1195 gravitate
1363 1129 1643 1179 materiae.
1723 1127 1883 1179 Ratio
1925 1127 2145 1180 secundi

248 1227 346 1282 est,
390 1219 520 1287 quia
546 1216 804 1268 voluntas
847 1215 1121 1286 approbat
1168 1235 1283 1268 rem
1317 1216 1537 1284 malam,
1580 1226 1743 1287 prout
1770 1226 1986 1286 patrata
2028 1226 2141 1283 est3

250 1327 377 1377 ergo
419 1307 600 1359 induit
643 1308 809 1357 etiam
837 1325 1026 1358 omnes
1054 1306 1308 1374 malitias,
1354 1325 1490 1376 quas
1519 1309 1677 1358 novit
1719 1326 1843 1358 cum
1883 1326 1942 1359 re
1971 1308 2141 1358 fuisse

249 1400 586 1451 coniunctas.

401 1487 527 1531 Sicut
560 1486 782 1542 gaudium
819 1487 871 1529 de
905 1487 1024 1529 malo
1063 1490 1263 1541 peracto,
1311 1486 1380 1529 ita
1414 1486 1552 1529 etiam
1586 1486 1761 1529 trisfitu
1800 1486 1855 1529 de
1891 1487 2010 1529 bono'
2035 1501 2145 1544 per·

251 1567 348 1608 aeto
381 1570 618 1619 peccatum
653 1569 736 1616 est,
771 1566 816 1605 et
840 1562 1022 1616 quidem

263 1642 269 1645 ’
405 1653 446 1681 a
481 1637 662 1703 tristita
712 1637 766 1679 de
814 1635 929 1679 bono
980 1640 1179 1691 peracto,
1229 1636 1347 1690 quod
1396 1635 1479 1678 sub
1527 1636 1658 1690 giavi
1702 1640 1995 1692 praeceptum
2031 1642 2147 1692 erat,

250 1710 391 1772 grave
417 1694 658 1769 peccatum
693 1716 783 1763 est3

404 1790 440 1831 b.
474 1787 675 1831 tristitia
708 1787 762 1830 de
795 1786 909 1829 bono
943 1790 1145 1840 peracto,
1179 1786 1297 1840 quod
1331 1785 1414 1828 sub
1446 1785 1536 1828 levi
1569 1789 1861 1840 praeceptum
1898 1790 2010 1840 erat,
2043 1786 2144 1828 leve

252 1868 489 1921 peccatum
524 1867 613 1913 est;

405 1953 439 1981 c.
474 1936 673 1980 tristitia
698 1936 752 1979 de
785 1936 897 1978 bono
932 1939 1131 1990 peracto,
1166 1936 1284 1989 quod
1317 1938 1608 1990 praeceptum
1642 1949 1732 1978 non
1766 1939 1878 1990 erat,
1913 1948 1947 1980 θ.
1995 1948 2037 1990 g.
2085 1935 2140 1978 de

251 2019 358 2058 voto
378 2012 557 2066 emisso,
580 2012 633 2054 de
651 2014 861 2066 suscepto
885 2009 1154 2065 sacerdotiO,
1181 2011 1280 2072 leve
1295 2024 1386 2071 11011
1405 2010 1598 2067 excedit,
1618 2011 1862 2055 dummodo
1886 2010 2143 2053 retineatur

251 2090 466 2133 voluntas
500 2085 724 2141 implendi
762 2085 1090 2140 obligationem
1135 2071 1409 2139 susceptam.
1472 2084 1588 2126 Num
1630 2085 1730 2128 leve
1776 2091 2013 2139 peccatum
2063 2085 2142 2139 sit,

253 2164 422 2220 pendet
454 2177 481 2205 a
513 2161 701 2216 motivo,
734 2165 920 2216 propter
953 2160 1071 2214 quod
1106 2159 1273 2214 aliquis
1307 2159 1538 2214 tristatur,
1571 2165 1728 2202 utrum
1761 2173 1924 2214 nempe
1940 2160 2143 2202 rationa-

254 2239 344 2282 bile
377 2238 439 2281 sit
471 2250 552 2280 nec
583 2249 659 2290 ne3
707 2234 937 2277 ordinarie
968 2240 1124 2277 tamen
1158 2233 1381 2277 eiusmodi
1416 2233 1615 2277 tristitia
1655 2234 1919 2277 rationabili
1966 2235 2143 2277 motivo

253 2316 389 2356 caret.

405 2387 446 2430 d.
481 2385 680 2429 tristitia
711 2398 801 2427 non
836 2384 889 2427 de
921 2383 1020 2438 ipso
1056 2383 1171 2426 bono
1205 2387 1403 2438 peracto,
1437 2383 1514 2426 sed
1550 2383 1603 2426 de
1635 2383 1866 2426 adiunctis
1900 2383 2042 2426 bonae
2074 2397 2144 2426 ac·

253 2462 395 2520 tionis
429 2475 465 2505 e.
500 2474 544 2516 g.
580 2461 633 2503 (le
664 2459 950 2503 incommodo
985 2462 1032 2501 et
1065 2458 1218 2501 labore
1251 2462 1485 2513 peccatum
1519 2471 1609 2500 non
1643 2462 1725 2502 est.

407 2567 559 2610 Nota.
624 2565 743 2608 Hinc
775 2564 1014 2620 poenitens
1047 2563 1096 2606 in
1132 2562 1413 2606 confessione
1445 2561 1672 2617 explicare
1707 2562 1840 2605 debet
1871 2575 1960 2604 non
1995 2562 2140 2604 solum

257 2643 482 2686 obiectum
507 2640 719 2685 desiderii
744 2644 789 2683 et
813 2639 989 2695 gaudii,
1013 2639 1093 2682 sed.
1120 2638 1256 2681 etiam
1285 2636 1656 2680 circumstantias
1680 2637 1869 2691 speciem
1891 2641 2143 2691 mutantes,

256 2719 389 2761 modo
423 2716 636 2771 cognitae
666 2714 856 2769 fuerint,
891 2727 925 2759 e.
963 2727 1007 2769 g.
1040 2713 1088 2756 111
1124 2712 1295 2768 gaudio
1331 2713 1384 2756 de
1416 2711 1705 2767 percussione
1738 2710 1903 2766 clerici,
1948 2711 1995 2754 in
2031 2711 2142 2754 desi·

189 2804 191 2807 ·
256 2793 378 2836 derio
412 2790 667 2834 fornicandi
702 2804 803 2832 cuin
837 2788 1186 2844 consanguinea.

409 2867 457 2918 2.
501 2865 759 2918 Gaudere
801 2883 911 2915 non
953 2863 1020 2914 de
1063 2881 1227 2933 opere
1259 2861 1421 2928 malo,
1464 2862 1557 2913 sed
1519 2861 1872 2937 9101119611-οὶ-
1898 2879 2004 2929 quo
2033 2878 2142 2911 ma-

255 2957 369 3008 lum
413 2966 689 3025 patratum
734 2962 829 3019 est,
873 2972 984 3004 non
1027 2962 1109 3004 θεῖ
1128 2964 1474 3025 peccatum
1533 2960 1688 3002 actus
1742 2953 1889 3002 enim
1954 2949 2141 3000 v·olun

257 3047 385 3097 tatis
426 3047 482 3096 in
525 3044 630 3095 hoc
673 3063 801 3094 casu
830 3024 1004 3094 fertur
1032 3044 1087 3093 in
1119 3041 1416 3105 obiectum,
1459 3049 1518 3092 ut
1544 3042 1888 3110 supponitim
1915 3040 2142 3092 bonum

409 3135 617 3179 Gaudere
649 3133 758 3176 licet
793 3134 846 3176 de
879 3133 1073 3188 picturis
1108 3132 1180 3175 vel
1230 3130 1475 3174 comoediis
1524 3129 1753 3173 obscoenis
1802 3133 1988 3184 propter
2034 3127 2141 3171 arti-

257 3210 431 3265 ficium,
465 3222 552 3264 quo
586 3212 801 3251 exaratae
834 3212 961 3259 sunt;
1000 3208 1054 3251 de
1088 3207 1321 3250 furto'vel
1354 3206 1518 3249 fraude
1550 3208 1736 3260 propter
1769 3204 2050 3259 singularem
2096 3209 2144 3245 et·

258 3285 545 3341 ingeniosam
599 3283 842 3333 astutiam;
912 3284 965 3326 de
1017 3281 1281 3325 narratione
1332 3281 1507 3324 lubrica
1560 3280 1615 3323 ob
1666 3279 1870 3334 lepidum
1923 3275 2141 3320 narrandi

259 3362 473 3410 modum;
510 3360 565 3404 de
595 3360 729 3413 lapsu
762 3357 961 3400 hominis
995 3358 1049 3401 ob
1082 3357 1292 3411 ridicula,
1326 3369 1441 3410 quae
1472 3356 1671 3410 inlapsu
1696 3353 1972 3397 acciderunt.
2015 3351 2139 3394 Eius-

260 3436 382 3478 modi
424 3440 580 3478 tamen
615 3433 787 3489 gaudia
819 3433 1020 3487 periculo
1053 3446 1142 3475 non
1178 3435 1348 3486 carent,
1399 3431 1505 3485 quia
1536 3430 1687 3474 facilis
1721 3432 1791 3473 est
1841 3426 2067 3470 transitus
2115 3439 2146 3468 a

259 3511 390 3553 modo
424 3510 481 3553 ad
513 3509 663 3564 ipsum
698 3521 823 3563 opus.
