2269 3898
291 100 318 140 ἰ)
329 102 340 141 l
353 99 378 140 Ξ.)
1028 93 1095 134 De
1127 90 1432 134 matrimonio.

293 240 438 277 natus
484 230 569 286 (rel
607 227 744 281 nata)
790 227 869 272 die
906 260 913 268 .
952 261 959 267 .
996 260 1004 268 .
1049 225 1231 271 mensis
1266 260 1276 269 .
1312 260 1320 269 .
1357 259 1365 269 .
1412 223 1528 269 anni
1563 261 1572 270 .
1609 261 1617 270 .
1655 262 1663 270 .
1708 226 1759 270 in
1803 223 2042 284 parochia
2076 259 2084 268 .
2122 260 2130 268 .
2166 260 2177 268 .

295 304 515 351 civitatis
551 339 558 348 .
597 339 604 347 .
642 338 649 347 .
698 300 936 346 dioecesis
973 334 980 340 .
1016 334 1024 341 .
1061 334 1070 341 .
1115 304 1165 345 et
1214 298 1514 344 domicilium
1562 299 1706 345 hodie
1756 300 1944 345 habens
1978 299 2030 344 in
2063 310 2177 344 mea

294 378 530 438 parochia
562 375 835 421 humillime
871 374 1132 432 supplic-at,
1181 380 1236 418 ut
1270 387 1376 417 cum
1411 372 1516 430 ipso
1551 372 1640 428 (rel
1672 373 1800 431 ipsa)
1834 374 2047 431 benigne
2082 372 2178 418 dis-

294 458 531 512 pensetur
564 452 675 505 (cels
709 449 760 494 in
793 449 896 494 eius
930 446 1153 495 favorem
1190 445 1336 493 Sedis
1368 446 1695 505 Apostolicae
1731 447 2036 506 dispensatio
2070 460 2179 505 pro-

297 525 518 582 curetur)
554 538 701 582 super
744 522 1096 581 impedimento
1144 520 1458 579 disparitatis
1507 521 1668 566 cultus
1715 523 1804 576 (cel
1845 522 2028 567 mixtae
2061 521 2182 567 reli-

295 600 488 659 gionis),
520 604 576 645 ut
610 612 715 644 cum
739 597 775 644 J
780 611 940 643 oanna
974 596 1027 643 C.
1064 597 1151 649 (iel
1180 594 1336 641 Petro
1368 594 1452 650 D.)
1486 595 1653 642 valide
1689 597 1779 651 (rel
1808 596 1964 653 licite,
1997 596 2042 639 si
2072 609 2180 651 aqa-

296 680 371 719 tnr
403 674 458 718 de
489 675 633 716 mitta
667 672 909 728 reliqione)
944 670 1310 716 matrimonium
1345 670 1472 715 inire
1507 670 1676 728 possit.

445 748 641 795 Causae
677 745 1060 805 dispensationis
1097 750 1232 790 sunt:
1283 744 1402 790 vani
1437 749 1642 790 conatus
1689 744 1894 790 admissi
1940 745 2004 790 ad
2040 758 2182 790 aver-

297 824 499 870 tendam
542 829 736 882 partem
783 821 1077 868 catholicam
1127 821 1188 866 ab
1222 820 1358 865 hisce
1405 819 1591 878 nuptiis
1633 820 1885 876 ineundis3
1930 834 2042 878 spes
2074 817 2183 865 fun-

299 900 417 945 data
453 897 787 944 conversionis
822 897 981 954 partis
1015 894 1230 940 infidelis
1265 895 1351 947 (rel
1380 894 1715 951 haei‘eticae);
1752 895 1981 941 educatio
2017 895 2185 941 catho-

295 974 394 1020 lica
426 971 741 1032 procuranda
762 971 929 1029 prolis,
965 984 1108 1028 quani
1142 984 1258 1028 pars
1288 969 1551 1015 haeretica
1584 969 1671 1025 (rel
1701 968 1938 1023 infidelis)
1971 968 2184 1014 retinuit

298 1063 356 1094 ex
378 1047 534 1106 priori
557 1045 896 1101 matrimoni03
933 1044 1222 1090 scandalum
1245 1043 1506 1089 vitandum
1531 1057 1591 1089 ex
1615 1057 1685 1100 eo,
1721 1043 1849 1101 quod
1872 1043 2050 1089 mulier
2083 1043 2183 1088 iam

297 1123 361 1169 sit
394 1123 767 1180 impraegnat&
803 1120 1075 1178 periculum
1100 1118 1404 1164 matrimonii
1430 1118 1592 1164 civilis
1617 1118 1703 1173 (cel
1736 1131 1898 1163 eorum
1936 1131 2183 1176 praecone

296 1196 670 1256 protestantico,
715 1196 783 1238 rel
823 1193 1196 1248 concubinatus)
1244 1199 1336 1239 etc.
1403 1191 1763 1245 (Conferantur
1810 1206 1960 1251 supra
2006 1206 2185 1238 causae

297 1271 565 1317 canonicae
610 1270 862 1315 indicatae
899 1276 950 1315 et
983 1269 1114 1315 serio
1151 1268 1478 1324 examinetur,
1521 1274 1686 1313 utrum
1719 1268 1802 1314 vel
1847 1281 2090 1325 quaenam
2126 1281 2186 1313 ex

300 1346 369 1391 eis
404 1345 453 1390 in
487 1359 603 1390 casu
638 1351 868 1391 concreto
901 1345 1156 1391 veraciter
1191 1343 1408 1402 allegari
1441 1342 1685 1397 valeant).

446 1418 631 1465 Partes
657 1433 824 1465 coram
857 1433 934 1465 me
959 1419 1296 1477 promiserunt
1330 1433 1380 1464 se
1416 1424 1708 1464 servaturas
1744 1432 1851 1464 esse
1887 1432 2052 1464 omnes
2078 1431 2186 1464 con-

301 1494 520 1540 diciones
558 1495 618 1540 ab
653 1493 889 1540 Ecclesia
922 1493 1280 1552 praescriptas,
1324 1493 1398 1538 uti
1431 1498 1665 1538 notanter
1707 1496 1903 1538 constat
1937 1506 1997 1538 ex
2031 1492 2189 1538 chiro-

298 1569 485 1627 grapho
521 1583 550 1614 a
582 1575 726 1628 parte
773 1569 1054 1615 acatholica
1096 1568 1283 1626 scripto
1328 1573 1378 1614 et
1413 1568 1542 1626 apud
1576 1582 1651 1614 me
1688 1567 1978 1626 consignato
2012 1566 2114 1621 (vel,
2147 1568 2192 1611 si

290 1645 622 1700 praescribant
667 1644 790 1700 leyes
834 1644 1156 1687 dioecesanae:
1207 1643 1343 1688 cuius
1380 1643 1569 1701 copiam
1601 1642 1985 1689 Illustrissimae
2017 1641 2190 1688 Domi-

298 1719 488 1765 nationi
547 1718 765 1764 Vestrae
822 1733 949 1764 nunc
1002 1717 1327 1773 transmitto).
1391 1717 1550 1763 Porro
1603 1717 1896 1776 praemissa,
1953 1717 2190 1774 quantum

300 1794 409 1840 fieri
442 1794 617 1852 potuit,
667 1793 897 1851 diligenti
933 1793 991 1838 de
1026 1793 1314 1850 praemissis
1359 1791 1712 1838 informatione
1744 1806 1920 1850 preces
1965 1792 2186 1838 veritate

299 1870 524 1915 nituntur
556 1883 713 1926 neque
750 1868 894 1914 adest
931 1868 1063 1914 ratio
1099 1868 1230 1914 serio
1265 1867 1526 1913 dubitandi
1562 1867 1620 1913 de
1656 1867 1951 1913 sinceritate
1984 1867 2190 1926 promis-

301 1944 449 1990 sionis
483 1944 701 2002 partium
743 1943 828 1989 vel
869 1943 1077 1989 timendi
1121 1943 1393 2001 periculum
1441 1942 1683 2000 quoddam
1730 1942 2188 1988 extraordinarium

299 2018 634 2077 perversionis
668 2032 757 2075 pro
790 2024 935 2076 parte
972 2018 1235 2064 catholica.

449 2092 578 2139 Pars
629 2093 880 2139 catholica
928 2093 1047 2138 mihi
1098 2094 1247 2139 solvit
1283 2101 1346 2149 (v.
1383 2092 1475 2150 gr.)
1509 2091 1569 2138 fr.
1603 2092 1663 2138 25
1708 2107 1798 2151 pro
1848 2092 2075 2151 expensis
2107 2092 2194 2146 (rel

298 2169 495 2215 ratione
532 2169 911 2227 eleemosynae).

314 2408 427 2461 Vll.
473 2399 866 2478 Formuldpro
903 2408 1138 2478 petenda
1180 2409 1577 2478 dispensatione
1611 2411 1667 2460 ‘in
1695 2408 1882 2459 ordine
1909 2409 1983 2459 ad
2010 2410 2192 2460 *matri-

306 2498 534 2549 monium
576 2498 987 2549 contrahendum
1028 2516 1188 2568 super
1228 2497 1617 2567 impedimento,
1669 2498 1733 2549 de
1766 2497 1924 2567 facto
1957 2497 2195 2568 publico,

289 2596 487 2641 neutro
525 2588 858 2639 ‘machinante
900 2589 1138 2639 criminis
1180 2589 1286 2639 sive
1330 2588 1618 2658 affinitatis
1660 2607 1725 2638 eoe
1761 2587 1955 2657 copula
1981 2585 2194 2642 illicita.

664 2751 1012 2797 Illustrissime
1050 2765 1107 2797 ac
1140 2750 1583 2798 Reverendissime
1617 2751 1846 2804 Domine,

455 2869 638 2916 Petrus
661 2871 726 2916 A.
761 2871 1029 2930 parochiae
1053 2868 1115 2917 X.
1152 2871 1394 2917 dioecesis
1422 2871 1480 2918 Z.
1517 2877 1568 2917 et
1598 2871 1759 2917 Lucia
1791 2871 1852 2917 B.
1887 2871 2198 2930 parochiana

308 2959 415 2990 mea
466 2945 834 2991 matrimonium
891 2946 1018 2992 inire
1071 2946 1286 3005 cupiunt.
1354 2944 1541 2992 Obstat
1588 2960 1709 2993 vero
1764 2945 1946 3005 duplex
1992 2945 2199 3006 impedi-

308 3024 526 3065 mentum
562 3019 820 3066 dirimens:
860 3022 908 3065 10
943 3020 1209 3066 affinitatis
1255 3019 1403 3078 primi
1447 3020 1632 3078 gradus
1675 3020 1841 3066 lineae
1888 3019 2199 3066 collateralis

307 3095 530 3152 aequalis
567 3109 626 3140 ex
649 3083 836 3153 ¹copula
869 3095 1068 3152 illicita,
1119 3109 1263 3153 quam
1300 3094 1485 3141 Petrus
1530 3095 1643 3141 olim
1676 3095 1854 3141 habuit
1889 3108 1997 3141 cum
2030 3108 2199 3140 sorore

305 3167 512 3226 Luciae,
563 3169 688 3227 quod
737 3170 1140 3227 impedimentum
1193 3179 1270 3215 est
1318 3178 1485 3215 notum
1536 3171 1584 3216 in
1635 3176 1742 3216 tota
1791 3169 2030 3228 parochia
2063 3182 2199 3224 mea;

305 3244 358 3289 2⁰
392 3243 611 3290 criminis
654 3249 814 3290 ortum
861 3259 921 3290 ex
956 3245 1131 3304 copula
1173 3245 1369 3291 carnali
1408 3245 1541 3291 inter
1584 3246 1716 3303 ipsos
1753 3251 1978 3290 oratores
2010 3243 2200 3299 habita,

309 3325 474 3365 stante
521 3319 678 3377 priori
721 3320 1034 3365 matrimonio
1068 3319 1228 3377 Petri,
1276 3326 1325 3366 et
1361 3320 1633 3366 accedente
1674 3320 1999 3379 promissione
2042 3317 2201 3364 futuri

309 3393 613 3439 matrimonii
669 3393 801 3439 inter
856 3394 1120 3452 complices
1176 3395 1297 3441 data
1352 3400 1402 3441 et
1459 3400 1741 3453 acceptata,
1802 3399 1978 3440 neutro
2031 3398 2200 3440 tamen

310 3468 641 3526 machinante,
676 3469 805 3526 quod
837 3468 1242 3528 impedimentum
1279 3476 1354 3515 est
1389 3470 1540 3516 etiam
1575 3474 1740 3515 notum
1775 3468 1824 3514 in
1861 3467 2115 3526 parochia.
