2269 3898
623 173 689 216 De
721 172 1077 228 proprietatibus
1110 172 1404 216 matrimonii.
1885 177 1942 219 35

76 311 262 349 taverat
295 310 339 349 et
373 304 717 349 matrimonium
752 310 1158 360 consummaverat,
1193 306 1323 349 modo
1363 319 1467 361 pars
1508 306 1657 349 fidelis
1700 312 1805 362 post
1845 307 1948 364 bap·

80 381 269 424 tismum
302 393 387 422 non
421 380 602 423 dederit
630 379 674 421 ei
704 379 869 422 iustam
904 393 1086 422 cansam
1121 379 1383 422 discedendi
1412 393 1446 423 e.
1481 392 1525 434 g.
1559 392 1638 434 per
1669 380 1947 424 adulterium

77 454 418 508 commissum&

231 530 281 580 4.
336 528 412 580 Ut
461 527 757 596 praecedat
805 527 1166 597 interpellatio
1223 529 1472 595 coniugis
1524 528 1779 594 infidelis,
1835 531 1942 582 nisi

80 616 151 668 ab
196 635 258 667 ea
299 616 525 667 obtenta
565 616 729 666 fuerit
772 615 1124 685 dispensatio.

232 779 320 834 33.
363 779 448 832 De
490 779 977 847 interpellatione
1018 779 1312 832 facienda.

238 885 285 936 1.
330 883 460 934 Post
488 892 800 952 susceptum
832 882 1185 952 baptismum,
1216 892 1513 952 antequam
1539 902 1746 936 novum
1777 888 1956 937 matri-

87 974 333 1024 monium
389 972 755 1038 contrahitur,
815 971 1151 1041 interpellari
1209 971 1373 1024 debet
1427 974 1631 1024 coniux
1687 974 1955 1026 infidelis:

83 1082 136 1115 a.
180 1080 311 1114 num
361 1061 494 1112 velit
536 1062 744 1130 etipse
798 1064 1045 1113 converti
1102 1062 1173 1113 ad
1229 1061 1420 1127 fidem,
1477 1061 1519 1115 b.
1577 1081 1708 1114 num
1767 1062 1958 1115 saltem

89 1151 318 1220 pacifice
362 1150 679 1202 cohabitare
722 1150 856 1201 velit
899 1169 1022 1202 cum
1066 1159 1219 1220 parte
1260 1150 1424 1203 fideli.

239 1256 287 1307 2.
348 1254 722 1324 Interpellatio
788 1256 843 1306 in
904 1256 1034 1306 hunc
1085 1255 1242 1323 finem
1288 1257 1645 1325 praecipitur,
1700 1265 1760 1308 ut
1816 1266 1962 1308 certo

90 1352 302 1395 constet
345 1344 411 1395 de
442 1345 673 1395 discessu
714 1343 937 1395 alterius
972 1346 1172 1413 partis;
1218 1353 1551 1414 quapropter
1591 1348 1635 1397 si
1671 1346 1738 1397 de
1774 1345 1964 1398 volun-

89 1441 201 1485 tate
245 1432 570 1485 discedendi
613 1435 783 1502 partis
826 1432 1064 1484 infidelis
1108 1435 1216 1485 iam
1260 1442 1488 1501 constat,
1530 1443 1590 1486 ut
1631 1434 1725 1486 ubi
1760 1437 1846 1486 vir
1887 1437 1964 1486 in-

94 1522 270 1574 fidelis
312 1541 541 1574 uxorem
585 1540 907 1574 conversam
944 1542 971 1573 e
1002 1523 1161 1574 domo
1205 1524 1406 1590 eiiciat,
1451 1542 1560 1574 non
1603 1532 1683 1574 est
1724 1542 1962 1590 necesse,

92 1619 152 1662 ut
193 1612 288 1662 fiat
329 1611 713 1680 interpellatio.

246 1714 285 1742 α.
322 1700 436 1743 Sunt
471 1701 669 1755 quidem,
703 1700 779 1754 qui
814 1701 1093 1743 contendant
1126 1700 1266 1743 etiam
1300 1701 1348 1743 in
1380 1701 1461 1743 hoc
1486 1714 1606 1755 casu,
1639 1700 1715 1744 ubi
1741 1702 1794 1744 ‹le
1816 1702 1971 1745 volun-

93 1778 194 1817 tate
217 1774 363 1829 partis
390 1774 591 1818 infidelis
614 1775 706 1817 iam
731 1779 851 1818 certo
875 1779 1069 1829 constat,
1091 1775 1389 1818 necessariam
1415 1788 1508 1818 esse
1530 1774 1970 1831 interpellationem;

96 1862 253 1892 verum
287 1849 344 1891 ad
378 1862 471 1892 rem
505 1849 721 1892 inutilem
754 1849 882 1892 nulla
915 1855 982 1892 est
1018 1849 1256 1904 obligatio.

246 1924 282 1965 h.
317 1922 433 1966 Sunt
466 1924 689 1978 regiones,
730 1923 778 1966 in
813 1923 974 1978 quibus
1008 1929 1192 1979 propter
1234 1936 1470 1967 commune
1511 1924 1812 1979 perversionis
1861 1924 1972 1978 peri—

93 1998 249 2040 culum
284 2003 329 2040 et
361 2004 547 2053 propter
596 1999 859 2042 scandalum
909 1999 1034 2041 fideli
1084 2012 1173 2041 non
1222 1998 1510 2053 permittitur
1563 1998 1819 2041 cohabitare
1867 2011 1969 2041 cum

99 2080 230 2127 parte
261 2072 454 2116 infideli.
517 2073 569 2116 In
604 2087 767 2129 genere
800 2074 1089 2128 permittitur
1122 2073 1400 2117 cohabitatio
1433 2074 1481 2116 in
1513 2073 1773 2128 regionibus
1817 2073 1974 2115 infide·

97 2147 218 2190 libus
252 2152 296 2189 et
331 2146 597 2202 prohibetur
630 2147 677 2190 in
710 2147 972 2202 regionibus
1007 2147 1290 2201 christianis;
1332 2148 1498 2202 ubique
1531 2153 1684 2190 autem
1709 2147 1975 2202 prohibetur

95 2221 327 2264 ⁴conversis
371 2221 650 2265 cohabitatio
693 2235 793 2264 cum
840 2221 1031 2277 iudaeis,
1072 2222 1160 2265 nisi
1194 2222 1397 2265 converti
1445 2222 1592 2265 velint
1633 2228 1677 2265 et
1719 2220 1860 2277 ipsiff).
1923 2221 1975 2264 In

100 2295 380 2350 regionibus,
414 2296 461 2339 in
496 2296 658 2350 quibus
694 2297 748 2339 ad
783 2297 1105 2339 removendum
1140 2296 1443 2351 per-versionis
1477 2296 1725 2352 periculum
1761 2296 1831 2339 vel
1856 2309 1976 2339 scan-

99 2370 258 2412 dalum
309 2370 410 2425 lege
458 2369 761 2413 ecclesiastica
811 2370 1089 2413 cohabitatio
1143 2383 1243 2413 cum
1296 2370 1473 2414 infideli
1526 2370 1804 2425 prohibetur,
1858 2369 1980 2424 parti

103 2444 231 2488 fideli
264 2445 321 2487 ad
354 2444 469 2488 alias
501 2444 689 2499 nuptias
722 2444 918 2488 transire
965 2445 1086 2499 licet,
1135 2444 1171 2487 si
1220 2444 1418 2487 infidelis
1466 2444 1667 2487 converti
1715 2444 1846 2498 nolit,
1896 2444 1982 2487 etsi

100 2519 363 2562 cohabitare
396 2519 522 2562 velit.

257 2608 304 2659 3.
361 2608 738 2678 Interpellatio
792 2610 1092 2660 ¹necessaria
1147 2616 1223 2659 est
1276 2609 1347 2659 acl
1398 2608 1693 2671 Z‘iceitatem,
1750 2626 1858 2659 non
1913 2608 1984 2659 ad

109 2696 354 2748 valorem
399 2699 529 2749 novi
573 2699 938 2763 matrimonii3
998 2697 1129 2748 hinc
1178 2705 1386 2766 peccat,
1444 2699 1536 2766 qui
1579 2686 1779 2748 omissa
1820 2699 1985 2748 inter-

111 2785 406 2855 pellatione
461 2786 531 2838 ad
586 2787 721 2838 alias
775 2789 998 2856 nuptias
1037 2788 1249 2852 transit,
1294 2788 1398 2838 nisi
1443 2787 1909 2855 dispensationem
1958 2805 1988 2838 a

115 2875 374 2926 facienda
432 2875 872 2944 interpellatione
933 2876 1265 2942 obtinuerit3
1332 2876 1743 2926 matrimonium
1804 2883 1987 2926 autem

116 2963 364 3016 validum
410 2974 505 3030 est,
562 2967 605 3016 si
661 2965 898 3016 infidelis
939 2969 1120 3034 reipsa
1160 2973 1371 3030 renuat,
1427 2972 1479 3015 et
1531 2964 1838 3015 invalidum
1895 2972 1990 3027 est,

118 3055 162 3103 si
205 3054 511 3104 consentiat
552 3055 782 3122 pacifice
825 3053 1156 3108 cohabitare.

268 3142 390 3186 Haec
435 3142 666 3186 sententia
708 3142 831 3197 aptis
876 3142 1057 3197 quidem
1091 3142 1344 3186 rationibus
1388 3143 1652 3196 firmatur-³),
1697 3141 1993 3184 nihilominus

108 3220 237 3270 sunt,
272 3217 348 3271 qui
393 3217 672 3261 contendant
717 3217 1134 3271 interpellationem
1179 3216 1362 3271 requiri,
1405 3229 1494 3259 non
1537 3217 1683 3259 solum
1729 3219 1780 3258 ut
1829 3214 1982 3258 licitae

273 3381 303 3435 ¹)
336 3381 383 3424 S.
422 3381 628 3437 Officium
663 3382 703 3422 ὦ.
737 3393 843 3434 aug.
879 3379 1013 3430 1752&
1053 3381 1121 3421 11.
1155 3379 1235 3422 iul.
1270 3379 1398 3423 1886.

229 3520 232 3523 .
270 3455 303 3509 2)
335 3456 381 3498 C.
415 3455 580 3497 Iudaei
612 3454 680 3497 10.
714 3468 749 3497 c.
783 3454 851 3499 28.
887 3467 927 3508 q.
961 3455 1002 3496 1.

277 3528 309 3583 ³)
341 3528 829 3572 Ballerini-Palmiem·
859 3528 932 3571 VI.
966 3542 1008 3570 n.
1045 3529 1145 3571 435.
1181 3527 1238 3569 D·
1273 3527 1496 3570 Annibale
1528 3527 1611 3571 ΙΠ.
1644 3540 1687 3569 n.
1721 3526 1822 3568 476.

1768 3600 1821 3642 323
