<?xml version="1.0" encoding="UTF-8"?>
<!DOCTYPE html PUBLIC "-//W3C//DTD XHTML 1.0 Transitional//EN"
    "http://www.w3.org/TR/xhtml1/DTD/xhtml1-transitional.dtd">
<html xmlns="http://www.w3.org/1999/xhtml" xml:lang="en" lang="en">
 <head>
  <title>
</title>
<meta http-equiv="Content-Type" content="text/html;charset=utf-8" />
  <meta name='ocr-system' content='tesseract 3.04.00' />
  <meta name='ocr-capabilities' content='ocr_page ocr_carea ocr_par ocr_line ocrx_word'/>
</head>
<body>
  <div class='ocr_page' id='page_1' title='image "./summatheologiaem00nold_0225.png"; bbox 0 0 2269 3898; ppageno 0'>
   <div class='ocr_carea' id='block_1_1' title="bbox 701 125 1932 170">
    <p class='ocr_par' dir='ltr' id='par_1_1' title="bbox 701 125 1932 170">
     <span class='ocr_line' id='line_1_1' title="bbox 701 125 1932 170; baseline 0.001 -2"><span class='ocrx_word' id='word_1_1' title='bbox 701 127 768 168; x_wconf 92' lang='lat' dir='ltr'>De</span> <span class='ocrx_word' id='word_1_2' title='bbox 800 128 966 168; x_wconf 84' lang='lat' dir='ltr'>natura</span> <span class='ocrx_word' id='word_1_3' title='bbox 998 125 1311 169; x_wconf 87' lang='lat' dir='ltr'>conscientiae.</span> <span class='ocrx_word' id='word_1_4' title='bbox 1846 127 1932 170; x_wconf 77' lang='lat'>215</span> 
     </span>
    </p>
   </div>
   <div class='ocr_carea' id='block_1_2' title="bbox 72 257 1932 327">
    <p class='ocr_par' dir='ltr' id='par_1_2' title="bbox 72 257 1932 327">
     <span class='ocr_line' id='line_1_2' title="bbox 72 257 1932 327; baseline 0 -17"><span class='ocrx_word' id='word_1_5' title='bbox 72 278 202 310; x_wconf 84' lang='lat' dir='ltr'>vere</span> <span class='ocrx_word' id='word_1_6' title='bbox 230 267 375 310; x_wconf 90' lang='lat' dir='ltr'>certa</span> <span class='ocrx_word' id='word_1_7' title='bbox 403 258 470 309; x_wconf 86' lang='lat' dir='ltr'>de</span> <span class='ocrx_word' id='word_1_8' title='bbox 499 257 784 309; x_wconf 88' lang='lat' dir='ltr'>honestate</span> <span class='ocrx_word' id='word_1_9' title='bbox 810 259 1073 323; x_wconf 80' lang='lat' dir='ltr'>actionis3</span> <span class='ocrx_word' id='word_1_10' title='bbox 1104 260 1256 327; x_wconf 92' lang='lat' dir='ltr'>atqui</span> <span class='ocrx_word' id='word_1_11' title='bbox 1287 260 1625 310; x_wconf 89' lang='lat' dir='ltr'>conscientia</span> <span class='ocrx_word' id='word_1_12' title='bbox 1655 259 1932 310; x_wconf 81' lang='lat' dir='ltr'>moraliter</span> 
     </span>
    </p>
   </div>
   <div class='ocr_carea' id='block_1_3' title="bbox 74 353 717 399">
    <p class='ocr_par' dir='ltr' id='par_1_3' title="bbox 74 353 717 399">
     <span class='ocr_line' id='line_1_3' title="bbox 74 353 717 399; baseline -0.006 0"><span class='ocrx_word' id='word_1_13' title='bbox 74 355 222 399; x_wconf 88' lang='lat' dir='ltr'>certa</span> <span class='ocrx_word' id='word_1_14' title='bbox 263 355 344 399; x_wconf 89' lang='lat' dir='ltr'>est</span> <span class='ocrx_word' id='word_1_15' title='bbox 383 365 511 398; x_wconf 89' lang='lat' dir='ltr'>vere</span> <span class='ocrx_word' id='word_1_16' title='bbox 554 353 717 396; x_wconf 88' lang='lat' dir='ltr'>certa.</span> 
     </span>
    </p>
   </div>
   <div class='ocr_carea' id='block_1_4' title="bbox 71 432 1934 785">
    <p class='ocr_par' dir='ltr' id='par_1_4' title="bbox 71 432 1934 785">
     <span class='ocr_line' id='line_1_4' title="bbox 221 432 1931 491; baseline -0.001 -12"><span class='ocrx_word' id='word_1_17' title='bbox 221 434 530 479; x_wconf 80' lang='lat' dir='ltr'>Conscientiae</span> <span class='ocrx_word' id='word_1_18' title='bbox 562 432 882 476; x_wconf 75' lang='lat' dir='ltr'>certitudinem</span> <span class='ocrx_word' id='word_1_19' title='bbox 915 447 1004 476; x_wconf 92' lang='lat' dir='ltr'>non</span> <span class='ocrx_word' id='word_1_20' title='bbox 1044 433 1239 488; x_wconf 88' lang='lat' dir='ltr'>impedit</span> <span class='ocrx_word' id='word_1_21' title='bbox 1281 434 1459 476; x_wconf 75' lang='lat' dir='ltr'>dubium</span> <span class='ocrx_word' id='word_1_22' title='bbox 1501 436 1771 491; x_wconf 73' lang='lat' dir='ltr'>nefflttienm,</span> <span class='ocrx_word' id='word_1_23' title='bbox 1814 437 1931 490; x_wconf 86' lang='lat' dir='ltr'>quod</span> 
     </span>
     <span class='ocr_line' id='line_1_5' title="bbox 71 506 1934 566; baseline 0 -15"><span class='ocrx_word' id='word_1_24' title='bbox 71 510 144 552; x_wconf 83' lang='lat' dir='ltr'>vel</span> <span class='ocrx_word' id='word_1_25' title='bbox 175 509 302 551; x_wconf 89' lang='lat' dir='ltr'>nulla</span> <span class='ocrx_word' id='word_1_26' title='bbox 333 508 405 551; x_wconf 76' lang='lat' dir='ltr'>vel</span> <span class='ocrx_word' id='word_1_27' title='bbox 437 508 580 550; x_wconf 93' lang='lat' dir='ltr'>solum</span> <span class='ocrx_word' id='word_1_28' title='bbox 615 506 783 550; x_wconf 84' lang='lat' dir='ltr'>leviore</span> <span class='ocrx_word' id='word_1_29' title='bbox 815 512 952 566; x_wconf 85' lang='lat' dir='ltr'>atque</span> <span class='ocrx_word' id='word_1_30' title='bbox 982 507 1108 550; x_wconf 90' lang='lat' dir='ltr'>inani</span> <span class='ocrx_word' id='word_1_31' title='bbox 1140 507 1316 550; x_wconf 91' lang='lat' dir='ltr'>ratione</span> <span class='ocrx_word' id='word_1_32' title='bbox 1347 509 1570 551; x_wconf 76' lang='lat' dir='ltr'>fundatur</span> <span class='ocrx_word' id='word_1_33' title='bbox 1602 514 1647 552; x_wconf 92' lang='lat' dir='ltr'>et</span> <span class='ocrx_word' id='word_1_34' title='bbox 1682 509 1737 552; x_wconf 85' lang='lat' dir='ltr'>ab</span> <span class='ocrx_word' id='word_1_35' title='bbox 1769 512 1934 563; x_wconf 79' lang='lat' dir='ltr'>agente</span> 
     </span>
     <span class='ocr_line' id='line_1_6' title="bbox 71 580 1933 637; baseline -0.001 -11"><span class='ocrx_word' id='word_1_36' title='bbox 71 588 126 626; x_wconf 89' lang='lat' dir='ltr'>ut</span> <span class='ocrx_word' id='word_1_37' title='bbox 157 583 266 626; x_wconf 89' lang='lat' dir='ltr'>talis</span> <span class='ocrx_word' id='word_1_38' title='bbox 298 581 596 637; x_wconf 75' lang='lat' dir='ltr'>cognoscitur.</span> <span class='ocrx_word' id='word_1_39' title='bbox 663 580 747 634; x_wconf 81' lang='lat' dir='ltr'>Qui</span> <span class='ocrx_word' id='word_1_40' title='bbox 781 594 888 636; x_wconf 82' lang='lat' dir='ltr'>ergo</span> <span class='ocrx_word' id='word_1_41' title='bbox 922 595 1021 624; x_wconf 90' lang='lat' dir='ltr'>cum</span> <span class='ocrx_word' id='word_1_42' title='bbox 1056 581 1276 624; x_wconf 86' lang='lat' dir='ltr'>eiusmodi</span> <span class='ocrx_word' id='word_1_43' title='bbox 1313 581 1446 624; x_wconf 90' lang='lat' dir='ltr'>dubio</span> <span class='ocrx_word' id='word_1_44' title='bbox 1480 582 1593 636; x_wconf 78' lang='lat' dir='ltr'>agit,</span> <span class='ocrx_word' id='word_1_45' title='bbox 1636 582 1933 625; x_wconf 82' lang='lat' dir='ltr'>nihilominus</span> 
     </span>
     <span class='ocr_line' id='line_1_7' title="bbox 72 655 1933 710; baseline 0 -11"><span class='ocrx_word' id='word_1_46' title='bbox 72 656 391 699; x_wconf 85' lang='lat' dir='ltr'>conscientiam</span> <span class='ocrx_word' id='word_1_47' title='bbox 425 655 622 710; x_wconf 90' lang='lat' dir='ltr'>practice</span> <span class='ocrx_word' id='word_1_48' title='bbox 654 659 822 698; x_wconf 87' lang='lat' dir='ltr'>certam</span> <span class='ocrx_word' id='word_1_49' title='bbox 857 656 1005 698; x_wconf 85' lang='lat' dir='ltr'>habet.</span> <span class='ocrx_word' id='word_1_50' title='bbox 1049 656 1119 698; x_wconf 76' lang='lat' dir='ltr'>Ex</span> <span class='ocrx_word' id='word_1_51' title='bbox 1152 669 1237 710; x_wconf 89' lang='lat' dir='ltr'>quo</span> <span class='ocrx_word' id='word_1_52' title='bbox 1271 659 1399 710; x_wconf 88' lang='lat' dir='ltr'>patet</span> <span class='ocrx_word' id='word_1_53' title='bbox 1440 655 1624 698; x_wconf 89' lang='lat' dir='ltr'>dubium</span> <span class='ocrx_word' id='word_1_54' title='bbox 1665 656 1933 710; x_wconf 74' lang='lat' dir='ltr'>negativum</span> 
     </span>
     <span class='ocr_line' id='line_1_8' title="bbox 72 729 1764 785; baseline -0.002 -11"><span class='ocrx_word' id='word_1_55' title='bbox 72 730 372 785; x_wconf 88' lang='lat' dir='ltr'>spernendum</span> <span class='ocrx_word' id='word_1_56' title='bbox 407 736 452 773; x_wconf 92' lang='lat' dir='ltr'>et</span> <span class='ocrx_word' id='word_1_57' title='bbox 485 730 628 772; x_wconf 88' lang='lat' dir='ltr'>solum</span> <span class='ocrx_word' id='word_1_58' title='bbox 662 729 910 783; x_wconf 80' lang='lat' dir='ltr'>positivum</span> <span class='ocrx_word' id='word_1_59' title='bbox 943 729 991 773; x_wconf 91' lang='lat' dir='ltr'>in</span> <span class='ocrx_word' id='word_1_60' title='bbox 1024 743 1070 772; x_wconf 90' lang='lat' dir='ltr'>re</span> <span class='ocrx_word' id='word_1_61' title='bbox 1103 729 1262 772; x_wconf 89' lang='lat' dir='ltr'>morali</span> <span class='ocrx_word' id='word_1_62' title='bbox 1295 729 1623 772; x_wconf 87' lang='lat' dir='ltr'>attendendum</span> <span class='ocrx_word' id='word_1_63' title='bbox 1658 742 1764 772; x_wconf 90' lang='lat' dir='ltr'>esse.</span> 
     </span>
    </p>
   </div>
   <div class='ocr_carea' id='block_1_5' title="bbox 71 817 1936 1317">
    <p class='ocr_par' dir='ltr' id='par_1_5' title="bbox 71 817 1936 1317">
     <span class='ocr_line' id='line_1_9' title="bbox 221 817 1935 887; baseline -0.001 -16"><span class='ocrx_word' id='word_1_64' title='bbox 221 820 269 871; x_wconf 81' lang='lat'>3.</span> <span class='ocrx_word' id='word_1_65' title='bbox 326 819 416 870; x_wconf 84' lang='lat' dir='ltr'>Ad</span> <span class='ocrx_word' id='word_1_66' title='bbox 471 817 619 869; x_wconf 85' lang='lat' dir='ltr'>licite</span> <span class='ocrx_word' id='word_1_67' title='bbox 675 818 1018 887; x_wconf 87' lang='lat' dir='ltr'>operandum</span> <span class='ocrx_word' id='word_1_68' title='bbox 1067 818 1275 869; x_wconf 87' lang='lat' dir='ltr'>sufficit</span> <span class='ocrx_word' id='word_1_69' title='bbox 1315 820 1545 887; x_wconf 86' lang='lat' dir='ltr'>quaevis</span> <span class='ocrx_word' id='word_1_70' title='bbox 1599 820 1935 869; x_wconf 88' lang='lat' dir='ltr'>conscientia</span> 
     </span>
     <span class='ocr_line' id='line_1_10' title="bbox 71 907 1934 977; baseline -0.001 -19"><span class='ocrx_word' id='word_1_71' title='bbox 71 910 312 977; x_wconf 87' lang='lat' dir='ltr'>practice</span> <span class='ocrx_word' id='word_1_72' title='bbox 354 915 501 959; x_wconf 91' lang='lat' dir='ltr'>certa</span> <span class='ocrx_word' id='word_1_73' title='bbox 543 909 700 958; x_wconf 73' lang='lat' dir='ltr'>etiam</span> <span class='ocrx_word' id='word_1_74' title='bbox 740 908 1034 959; x_wconf 68' lang='lat' dir='ltr'>indirecta:</span> <span class='ocrx_word' id='word_1_75' title='bbox 1084 908 1154 959; x_wconf 86' lang='lat' dir='ltr'>ad</span> <span class='ocrx_word' id='word_1_76' title='bbox 1213 907 1363 960; x_wconf 91' lang='lat' dir='ltr'>licite</span> <span class='ocrx_word' id='word_1_77' title='bbox 1406 907 1746 976; x_wconf 90' lang='lat' dir='ltr'>operandum</span> <span class='ocrx_word' id='word_1_78' title='bbox 1788 908 1934 958; x_wconf 89' lang='lat' dir='ltr'>enim</span> 
     </span>
     <span class='ocr_line' id='line_1_11' title="bbox 72 995 1936 1066; baseline -0.001 -20"><span class='ocrx_word' id='word_1_79' title='bbox 72 995 223 1047; x_wconf 89' lang='lat' dir='ltr'>aliud</span> <span class='ocrx_word' id='word_1_80' title='bbox 264 1014 375 1047; x_wconf 90' lang='lat' dir='ltr'>non</span> <span class='ocrx_word' id='word_1_81' title='bbox 415 997 714 1066; x_wconf 87' lang='lat' dir='ltr'>requiritur</span> <span class='ocrx_word' id='word_1_82' title='bbox 754 998 859 1047; x_wconf 88' lang='lat' dir='ltr'>nisi</span> <span class='ocrx_word' id='word_1_83' title='bbox 902 1005 1047 1047; x_wconf 86' lang='lat' dir='ltr'>certa</span> <span class='ocrx_word' id='word_1_84' title='bbox 1089 998 1384 1065; x_wconf 72' lang='lat' dir='ltr'>persuasio,</span> <span class='ocrx_word' id='word_1_85' title='bbox 1437 997 1710 1047; x_wconf 88' lang='lat' dir='ltr'>actionem</span> <span class='ocrx_word' id='word_1_86' title='bbox 1752 996 1843 1047; x_wconf 88' lang='lat' dir='ltr'>hic</span> <span class='ocrx_word' id='word_1_87' title='bbox 1884 1003 1936 1045; x_wconf 93' lang='lat' dir='ltr'>et</span> 
     </span>
     <span class='ocr_line' id='line_1_12' title="bbox 73 1084 1933 1155; baseline -0.001 -19"><span class='ocrx_word' id='word_1_88' title='bbox 73 1104 222 1137; x_wconf 89' lang='lat' dir='ltr'>nunc</span> <span class='ocrx_word' id='word_1_89' title='bbox 263 1085 576 1155; x_wconf 90' lang='lat' dir='ltr'>ponendam</span> <span class='ocrx_word' id='word_1_90' title='bbox 619 1104 733 1136; x_wconf 91' lang='lat' dir='ltr'>esse</span> <span class='ocrx_word' id='word_1_91' title='bbox 775 1085 1090 1150; x_wconf 82' lang='lat' dir='ltr'>honestam3</span> <span class='ocrx_word' id='word_1_92' title='bbox 1146 1087 1297 1154; x_wconf 90' lang='lat' dir='ltr'>atqui</span> <span class='ocrx_word' id='word_1_93' title='bbox 1339 1084 1483 1136; x_wconf 87' lang='lat' dir='ltr'>hanc</span> <span class='ocrx_word' id='word_1_94' title='bbox 1524 1085 1933 1154; x_wconf 87' lang='lat' dir='ltr'>persuasionem</span> 
     </span>
     <span class='ocr_line' id='line_1_13' title="bbox 73 1173 1932 1243; baseline -0.002 -17"><span class='ocrx_word' id='word_1_95' title='bbox 73 1174 390 1243; x_wconf 86' lang='lat' dir='ltr'>suppeditat</span> <span class='ocrx_word' id='word_1_96' title='bbox 443 1176 671 1243; x_wconf 84' lang='lat' dir='ltr'>quaevis</span> <span class='ocrx_word' id='word_1_97' title='bbox 727 1176 1068 1227; x_wconf 90' lang='lat' dir='ltr'>conscientia</span> <span class='ocrx_word' id='word_1_98' title='bbox 1125 1175 1366 1243; x_wconf 87' lang='lat' dir='ltr'>practice</span> <span class='ocrx_word' id='word_1_99' title='bbox 1419 1183 1566 1225; x_wconf 90' lang='lat' dir='ltr'>certa</span> <span class='ocrx_word' id='word_1_100' title='bbox 1622 1175 1739 1225; x_wconf 87' lang='lat' dir='ltr'>sive</span> <span class='ocrx_word' id='word_1_101' title='bbox 1781 1173 1932 1223; x_wconf 90' lang='lat' dir='ltr'>certi-</span> 
     </span>
     <span class='ocr_line' id='line_1_14' title="bbox 72 1263 936 1317; baseline 0.002 -3"><span class='ocrx_word' id='word_1_102' title='bbox 72 1263 265 1314; x_wconf 86' lang='lat' dir='ltr'>tudine</span> <span class='ocrx_word' id='word_1_103' title='bbox 307 1263 514 1314; x_wconf 84' lang='lat' dir='ltr'>directa</span> <span class='ocrx_word' id='word_1_104' title='bbox 555 1265 672 1314; x_wconf 87' lang='lat' dir='ltr'>sive</span> <span class='ocrx_word' id='word_1_105' title='bbox 712 1263 936 1317; x_wconf 84' lang='lat' dir='ltr'>reflexa.</span> 
     </span>
    </p>
   </div>
   <div class='ocr_carea' id='block_1_6' title="bbox 587 1456 1418 1511">
    <p class='ocr_par' dir='ltr' id='par_1_6' title="bbox 587 1456 1418 1511">
     <span class='ocr_line' id='line_1_15' title="bbox 587 1456 1418 1511; baseline 0 -12"><span class='ocrx_word' id='word_1_106' title='bbox 587 1456 619 1511; x_wconf 56' lang='grc' dir='ltr'><em>ἕ</em></span> <span class='ocrx_word' id='word_1_107' title='bbox 650 1459 703 1500; x_wconf 77' lang='lat'>2.</span> <span class='ocrx_word' id='word_1_108' title='bbox 737 1458 821 1500; x_wconf 78' lang='lat' dir='ltr'>De</span> <span class='ocrx_word' id='word_1_109' title='bbox 853 1459 1194 1503; x_wconf 73' lang='lat' dir='ltr'>couscientia</span> <span class='ocrx_word' id='word_1_110' title='bbox 1226 1458 1418 1500; x_wconf 78' lang='lat' dir='ltr'>dubia.</span> 
     </span>
    </p>
   </div>
   <div class='ocr_carea' id='block_1_7' title="bbox 75 1572 1938 1730">
    <p class='ocr_par' dir='ltr' id='par_1_7' title="bbox 75 1572 1938 1730">
     <span class='ocr_line' id='line_1_16' title="bbox 224 1572 1938 1640; baseline -0.004 -13"><span class='ocrx_word' id='word_1_111' title='bbox 224 1573 349 1627; x_wconf 84' lang='grc'>196.</span> <span class='ocrx_word' id='word_1_112' title='bbox 408 1573 604 1627; x_wconf 75' lang='lat' dir='ltr'>Notio.</span> <span class='ocrx_word' id='word_1_113' title='bbox 689 1572 1041 1624; x_wconf 84' lang='lat' dir='ltr'>Conscientia</span> <span class='ocrx_word' id='word_1_114' title='bbox 1095 1573 1264 1624; x_wconf 86' lang='lat' dir='ltr'>dubia</span> <span class='ocrx_word' id='word_1_115' title='bbox 1329 1592 1392 1623; x_wconf 88' lang='lat' dir='ltr'>ea</span> <span class='ocrx_word' id='word_1_116' title='bbox 1445 1580 1551 1639; x_wconf 81' lang='lat' dir='ltr'>est,</span> <span class='ocrx_word' id='word_1_117' title='bbox 1609 1589 1716 1640; x_wconf 89' lang='lat' dir='ltr'>qua</span> <span class='ocrx_word' id='word_1_118' title='bbox 1784 1588 1938 1620; x_wconf 85' lang='lat' dir='ltr'>mens</span> 
     </span>
     <span class='ocr_line' id='line_1_17' title="bbox 75 1659 1933 1730; baseline -0.002 -18"><span class='ocrx_word' id='word_1_119' title='bbox 75 1662 344 1713; x_wconf 89' lang='lat' dir='ltr'>iudicium</span> <span class='ocrx_word' id='word_1_120' title='bbox 389 1662 455 1713; x_wconf 91' lang='lat' dir='ltr'>de</span> <span class='ocrx_word' id='word_1_121' title='bbox 505 1663 737 1713; x_wconf 84' lang='lat' dir='ltr'>actionis</span> <span class='ocrx_word' id='word_1_122' title='bbox 789 1662 1073 1713; x_wconf 88' lang='lat' dir='ltr'>honestate</span> <span class='ocrx_word' id='word_1_123' title='bbox 1116 1661 1401 1730; x_wconf 87' lang='lat' dir='ltr'>suspendit</span> <span class='ocrx_word' id='word_1_124' title='bbox 1442 1659 1529 1711; x_wconf 91' lang='lat' dir='ltr'>vel</span> <span class='ocrx_word' id='word_1_125' title='bbox 1580 1661 1787 1720; x_wconf 30' lang='lat' dir='ltr'>format,</span> <span class='ocrx_word' id='word_1_126' title='bbox 1820 1660 1933 1727; x_wconf 90' lang='lat' dir='ltr'>qui-</span> 
     </span>
    </p>
   </div>
   <div class='ocr_carea' id='block_1_8' title="bbox 76 1751 1134 1818">
    <p class='ocr_par' dir='ltr' id='par_1_8' title="bbox 76 1751 1134 1818">
     <span class='ocr_line' id='line_1_18' title="bbox 76 1751 1134 1818; baseline 0 -16"><span class='ocrx_word' id='word_1_127' title='bbox 76 1751 218 1818; x_wconf 77' lang='lat' dir='ltr'>dem,</span> <span class='ocrx_word' id='word_1_128' title='bbox 262 1751 356 1802; x_wconf 84' lang='lat' dir='ltr'>sed</span> <span class='ocrx_word' id='word_1_129' title='bbox 399 1769 522 1802; x_wconf 92' lang='lat' dir='ltr'>cum</span> <span class='ocrx_word' id='word_1_130' title='bbox 565 1751 857 1802; x_wconf 86' lang='lat' dir='ltr'>formidine</span> <span class='ocrx_word' id='word_1_131' title='bbox 899 1751 1134 1804; x_wconf 87' lang='lat' dir='ltr'>errandi.</span> 
     </span>
    </p>
   </div>
   <div class='ocr_carea' id='block_1_9' title="bbox 76 1836 1946 2858">
    <p class='ocr_par' dir='ltr' id='par_1_9' title="bbox 76 1836 1941 2191">
     <span class='ocr_line' id='line_1_19' title="bbox 225 1836 1935 1895; baseline -0.002 -13"><span class='ocrx_word' id='word_1_132' title='bbox 225 1854 266 1882; x_wconf 79' lang='lat' dir='ltr'>a.</span> <span class='ocrx_word' id='word_1_133' title='bbox 299 1839 499 1882; x_wconf 89' lang='lat' dir='ltr'>Dubium</span> <span class='ocrx_word' id='word_1_134' title='bbox 532 1839 580 1882; x_wconf 93' lang='lat' dir='ltr'>in</span> <span class='ocrx_word' id='word_1_135' title='bbox 612 1852 774 1894; x_wconf 84' lang='lat' dir='ltr'>genere</span> <span class='ocrx_word' id='word_1_136' title='bbox 806 1845 1040 1895; x_wconf 88' lang='lat' dir='ltr'>acceptum</span> <span class='ocrx_word' id='word_1_137' title='bbox 1083 1843 1151 1883; x_wconf 88' lang='lat' dir='ltr'>est</span> <span class='ocrx_word' id='word_1_138' title='bbox 1192 1842 1342 1882; x_wconf 86' lang='lat' dir='ltr'>status</span> <span class='ocrx_word' id='word_1_139' title='bbox 1387 1838 1554 1881; x_wconf 88' lang='lat' dir='ltr'>mentis</span> <span class='ocrx_word' id='word_1_140' title='bbox 1588 1837 1704 1880; x_wconf 86' lang='lat' dir='ltr'>circa</span> <span class='ocrx_word' id='word_1_141' title='bbox 1736 1836 1935 1890; x_wconf 86' lang='lat' dir='ltr'>aliquam</span> 
     </span>
     <span class='ocr_line' id='line_1_20' title="bbox 76 1909 1941 1970; baseline -0.003 -13"><span class='ocrx_word' id='word_1_142' title='bbox 76 1913 444 1970; x_wconf 84' lang='lat' dir='ltr'>propositionem,</span> <span class='ocrx_word' id='word_1_143' title='bbox 489 1927 574 1968; x_wconf 88' lang='lat' dir='ltr'>quo</span> <span class='ocrx_word' id='word_1_144' title='bbox 615 1927 741 1957; x_wconf 88' lang='lat' dir='ltr'>mens</span> <span class='ocrx_word' id='word_1_145' title='bbox 774 1919 896 1957; x_wconf 83' lang='lat' dir='ltr'>earet</span> <span class='ocrx_word' id='word_1_146' title='bbox 928 1914 1224 1957; x_wconf 84' lang='lat' dir='ltr'>certitudine:</span> <span class='ocrx_word' id='word_1_147' title='bbox 1272 1913 1434 1956; x_wconf 83' lang='lat' dir='ltr'>dubius</span> <span class='ocrx_word' id='word_1_148' title='bbox 1478 1912 1596 1956; x_wconf 85' lang='lat' dir='ltr'>enim</span> <span class='ocrx_word' id='word_1_149' title='bbox 1642 1911 1823 1965; x_wconf 86' lang='lat' dir='ltr'>dicitur,</span> <span class='ocrx_word' id='word_1_150' title='bbox 1865 1909 1941 1964; x_wconf 89' lang='lat' dir='ltr'>qui</span> 
     </span>
     <span class='ocr_line' id='line_1_21' title="bbox 80 1985 1941 2044; baseline -0.003 -12"><span class='ocrx_word' id='word_1_151' title='bbox 80 2003 170 2032; x_wconf 90' lang='lat' dir='ltr'>non</span> <span class='ocrx_word' id='word_1_152' title='bbox 204 1992 273 2032; x_wconf 87' lang='lat' dir='ltr'>est</span> <span class='ocrx_word' id='word_1_153' title='bbox 306 1993 468 2042; x_wconf 85' lang='lat' dir='ltr'>certus,</span> <span class='ocrx_word' id='word_1_154' title='bbox 502 1987 597 2031; x_wconf 81' lang='lat' dir='ltr'>sive</span> <span class='ocrx_word' id='word_1_155' title='bbox 628 1988 847 2031; x_wconf 88' lang='lat' dir='ltr'>iudicium</span> <span class='ocrx_word' id='word_1_156' title='bbox 882 1988 1133 2044; x_wconf 86' lang='lat' dir='ltr'>suspendit,</span> <span class='ocrx_word' id='word_1_157' title='bbox 1166 1988 1261 2031; x_wconf 81' lang='lat' dir='ltr'>sive</span> <span class='ocrx_word' id='word_1_158' title='bbox 1294 1988 1351 2031; x_wconf 90' lang='lat' dir='ltr'>ad</span> <span class='ocrx_word' id='word_1_159' title='bbox 1374 2001 1510 2038; x_wconf 82' lang='lat' dir='ltr'>unam</span> <span class='ocrx_word' id='word_1_160' title='bbox 1534 1991 1709 2041; x_wconf 88' lang='lat' dir='ltr'>partem</span> <span class='ocrx_word' id='word_1_161' title='bbox 1731 1985 1941 2038; x_wconf 86' lang='lat' dir='ltr'>inclinat,</span> 
     </span>
     <span class='ocr_line' id='line_1_22' title="bbox 76 2059 1940 2118; baseline -0.003 -12"><span class='ocrx_word' id='word_1_162' title='bbox 76 2064 170 2106; x_wconf 72' lang='lat' dir='ltr'>sive</span> <span class='ocrx_word' id='word_1_163' title='bbox 202 2063 282 2106; x_wconf 89' lang='lat' dir='ltr'>uni</span> <span class='ocrx_word' id='word_1_164' title='bbox 315 2062 436 2117; x_wconf 87' lang='lat' dir='ltr'>parti</span> <span class='ocrx_word' id='word_1_165' title='bbox 470 2076 569 2105; x_wconf 92' lang='lat' dir='ltr'>cum</span> <span class='ocrx_word' id='word_1_166' title='bbox 601 2062 844 2106; x_wconf 75' lang='lat' dir='ltr'>formidine</span> <span class='ocrx_word' id='word_1_167' title='bbox 878 2063 932 2106; x_wconf 91' lang='lat' dir='ltr'>de</span> <span class='ocrx_word' id='word_1_168' title='bbox 965 2062 1171 2118; x_wconf 86' lang='lat' dir='ltr'>opposito</span> <span class='ocrx_word' id='word_1_169' title='bbox 1204 2062 1412 2105; x_wconf 84' lang='lat' dir='ltr'>assentit.</span> <span class='ocrx_word' id='word_1_170' title='bbox 1476 2062 1596 2115; x_wconf 77' lang='lat' dir='ltr'>Ergo</span> <span class='ocrx_word' id='word_1_171' title='bbox 1639 2060 1824 2103; x_wconf 84' lang='lat' dir='ltr'>dubium</span> <span class='ocrx_word' id='word_1_172' title='bbox 1857 2059 1940 2101; x_wconf 90' lang='lat' dir='ltr'>hoc</span> 
     </span>
     <span class='ocr_line' id='line_1_23' title="bbox 77 2135 1185 2191; baseline -0.002 -10"><span class='ocrx_word' id='word_1_173' title='bbox 77 2151 210 2180; x_wconf 88' lang='lat' dir='ltr'>sensu</span> <span class='ocrx_word' id='word_1_174' title='bbox 242 2141 475 2191; x_wconf 83' lang='lat' dir='ltr'>acceptum</span> <span class='ocrx_word' id='word_1_175' title='bbox 511 2135 593 2178; x_wconf 90' lang='lat' dir='ltr'>soli</span> <span class='ocrx_word' id='word_1_176' title='bbox 627 2135 894 2179; x_wconf 84' lang='lat' dir='ltr'>certitudini</span> <span class='ocrx_word' id='word_1_177' title='bbox 929 2136 1185 2191; x_wconf 83' lang='lat' dir='ltr'>opponitur.</span> 
     </span>
    </p>

    <p class='ocr_par' dir='ltr' id='par_1_10' title="bbox 76 2210 1945 2634">
     <span class='ocr_line' id='line_1_24' title="bbox 227 2210 1942 2266; baseline -0.005 -11"><span class='ocrx_word' id='word_1_178' title='bbox 227 2212 264 2255; x_wconf 83' lang='lat' dir='ltr'>b.</span> <span class='ocrx_word' id='word_1_179' title='bbox 310 2212 490 2266; x_wconf 79' lang='lat' dir='ltr'>Duplex</span> <span class='ocrx_word' id='word_1_180' title='bbox 524 2210 900 2265; x_wconf 82' lang='lat' dir='ltr'>distinguendum</span> <span class='ocrx_word' id='word_1_181' title='bbox 935 2215 1004 2254; x_wconf 91' lang='lat' dir='ltr'>est</span> <span class='ocrx_word' id='word_1_182' title='bbox 1037 2211 1239 2265; x_wconf 85' lang='lat' dir='ltr'>dubium,</span> <span class='ocrx_word' id='word_1_183' title='bbox 1279 2210 1485 2253; x_wconf 76' lang='lat' dir='ltr'>strictum</span> <span class='ocrx_word' id='word_1_184' title='bbox 1529 2214 1573 2252; x_wconf 88' lang='lat' dir='ltr'>et-</span> <span class='ocrx_word' id='word_1_185' title='bbox 1606 2210 1774 2250; x_wconf 78' lang='lat' dir='ltr'>laz‘nm:</span> <span class='ocrx_word' id='word_1_186' title='bbox 1818 2219 1942 2248; x_wconf 91' lang='lat' dir='ltr'>mens</span> 
     </span>
     <span class='ocr_line' id='line_1_25' title="bbox 78 2279 1942 2340; baseline -0.003 -12"><span class='ocrx_word' id='word_1_187' title='bbox 78 2286 212 2340; x_wconf 80' lang='lat' dir='ltr'>enim,</span> <span class='ocrx_word' id='word_1_188' title='bbox 246 2299 359 2339; x_wconf 90' lang='lat' dir='ltr'>quae</span> <span class='ocrx_word' id='word_1_189' title='bbox 390 2286 573 2327; x_wconf 87' lang='lat' dir='ltr'>firmum</span> <span class='ocrx_word' id='word_1_190' title='bbox 603 2284 823 2327; x_wconf 89' lang='lat' dir='ltr'>iudicium</span> <span class='ocrx_word' id='word_1_191' title='bbox 857 2285 910 2328; x_wconf 90' lang='lat' dir='ltr'>de</span> <span class='ocrx_word' id='word_1_192' title='bbox 934 2285 1126 2328; x_wconf 89' lang='lat' dir='ltr'>actionis</span> <span class='ocrx_word' id='word_1_193' title='bbox 1152 2286 1390 2328; x_wconf 89' lang='lat' dir='ltr'>honestate</span> <span class='ocrx_word' id='word_1_194' title='bbox 1411 2298 1500 2326; x_wconf 91' lang='lat' dir='ltr'>non</span> <span class='ocrx_word' id='word_1_195' title='bbox 1524 2282 1739 2338; x_wconf 83' lang='lat' dir='ltr'>possidet,</span> <span class='ocrx_word' id='word_1_196' title='bbox 1774 2279 1942 2335; x_wconf 88' lang='lat' dir='ltr'>duplici</span> 
     </span>
     <span class='ocr_line' id='line_1_26' title="bbox 79 2356 1945 2414; baseline -0.003 -12"><span class='ocrx_word' id='word_1_197' title='bbox 79 2361 209 2403; x_wconf 90' lang='lat' dir='ltr'>modo</span> <span class='ocrx_word' id='word_1_198' title='bbox 242 2373 288 2403; x_wconf 91' lang='lat' dir='ltr'>se</span> <span class='ocrx_word' id='word_1_199' title='bbox 319 2359 481 2402; x_wconf 87' lang='lat' dir='ltr'>habere</span> <span class='ocrx_word' id='word_1_200' title='bbox 514 2363 687 2414; x_wconf 87' lang='lat' dir='ltr'>potest:</span> <span class='ocrx_word' id='word_1_201' title='bbox 729 2360 801 2402; x_wconf 85' lang='lat' dir='ltr'>vel</span> <span class='ocrx_word' id='word_1_202' title='bbox 843 2360 962 2402; x_wconf 89' lang='lat' dir='ltr'>enim</span> <span class='ocrx_word' id='word_1_203' title='bbox 1003 2359 1155 2402; x_wconf 86' lang='lat' dir='ltr'>neutri</span> <span class='ocrx_word' id='word_1_204' title='bbox 1197 2358 1333 2413; x_wconf 89' lang='lat' dir='ltr'>parti,</span> <span class='ocrx_word' id='word_1_205' title='bbox 1377 2371 1457 2401; x_wconf 90' lang='lat' dir='ltr'>nec</span> <span class='ocrx_word' id='word_1_206' title='bbox 1499 2371 1578 2412; x_wconf 90' lang='lat' dir='ltr'>pro</span> <span class='ocrx_word' id='word_1_207' title='bbox 1621 2356 1823 2399; x_wconf 87' lang='lat' dir='ltr'>liceitate</span> <span class='ocrx_word' id='word_1_208' title='bbox 1864 2367 1945 2396; x_wconf 88' lang='lat' dir='ltr'>nec</span> 
     </span>
     <span class='ocr_line' id='line_1_27' title="bbox 76 2428 1944 2488; baseline -0.004 -11"><span class='ocrx_word' id='word_1_209' title='bbox 76 2439 234 2477; x_wconf 87' lang='lat' dir='ltr'>contra</span> <span class='ocrx_word' id='word_1_210' title='bbox 270 2433 535 2488; x_wconf 86' lang='lat' dir='ltr'>liceitatem,</span> <span class='ocrx_word' id='word_1_211' title='bbox 569 2433 778 2487; x_wconf 86' lang='lat' dir='ltr'>assentit,</span> <span class='ocrx_word' id='word_1_212' title='bbox 812 2434 889 2476; x_wconf 89' lang='lat' dir='ltr'>sed</span> <span class='ocrx_word' id='word_1_213' title='bbox 922 2447 1152 2476; x_wconf 83' lang='lat' dir='ltr'>assensum</span> <span class='ocrx_word' id='word_1_214' title='bbox 1187 2431 1425 2487; x_wconf 89' lang='lat' dir='ltr'>suspendit</span> <span class='ocrx_word' id='word_1_215' title='bbox 1457 2430 1662 2484; x_wconf 88' lang='lat' dir='ltr'>(dubium</span> <span class='ocrx_word' id='word_1_216' title='bbox 1697 2428 1944 2480; x_wconf 82' lang='lat' dir='ltr'>strictum),</span> 
     </span>
     <span class='ocr_line' id='line_1_28' title="bbox 81 2500 1944 2563; baseline -0.004 -12"><span class='ocrx_word' id='word_1_217' title='bbox 81 2509 149 2552; x_wconf 83' lang='lat' dir='ltr'>vel</span> <span class='ocrx_word' id='word_1_218' title='bbox 182 2507 263 2551; x_wconf 90' lang='lat' dir='ltr'>uni</span> <span class='ocrx_word' id='word_1_219' title='bbox 296 2508 418 2562; x_wconf 89' lang='lat' dir='ltr'>parti</span> <span class='ocrx_word' id='word_1_220' title='bbox 452 2507 600 2563; x_wconf 84' lang='lat' dir='ltr'>magis</span> <span class='ocrx_word' id='word_1_221' title='bbox 634 2521 767 2561; x_wconf 83' lang='lat' dir='ltr'>quam</span> <span class='ocrx_word' id='word_1_222' title='bbox 801 2507 935 2550; x_wconf 89' lang='lat' dir='ltr'>alteri</span> <span class='ocrx_word' id='word_1_223' title='bbox 968 2507 1178 2561; x_wconf 85' lang='lat' dir='ltr'>assentit,</span> <span class='ocrx_word' id='word_1_224' title='bbox 1223 2507 1298 2550; x_wconf 89' lang='lat' dir='ltr'>sed</span> <span class='ocrx_word' id='word_1_225' title='bbox 1342 2519 1440 2548; x_wconf 89' lang='lat' dir='ltr'>cum</span> <span class='ocrx_word' id='word_1_226' title='bbox 1480 2504 1723 2547; x_wconf 81' lang='lat' dir='ltr'>formidine</span> <span class='ocrx_word' id='word_1_227' title='bbox 1764 2500 1944 2544; x_wconf 86' lang='lat' dir='ltr'>errandi</span> 
     </span>
     <span class='ocr_line' id='line_1_29' title="bbox 81 2582 496 2634; baseline -0.005 -9"><span class='ocrx_word' id='word_1_228' title='bbox 81 2582 286 2634; x_wconf 85' lang='lat' dir='ltr'>(dubium</span> <span class='ocrx_word' id='word_1_229' title='bbox 320 2583 496 2633; x_wconf 76' lang='lat' dir='ltr'>latum).</span> 
     </span>
    </p>

    <p class='ocr_par' dir='ltr' id='par_1_11' title="bbox 78 2646 1946 2858">
     <span class='ocr_line' id='line_1_30' title="bbox 226 2646 1944 2710; baseline -0.006 -11"><span class='ocrx_word' id='word_1_230' title='bbox 226 2671 259 2700; x_wconf 79' lang='lat' dir='ltr'>c.</span> <span class='ocrx_word' id='word_1_231' title='bbox 294 2655 493 2699; x_wconf 87' lang='lat' dir='ltr'>Dubium</span> <span class='ocrx_word' id='word_1_232' title='bbox 526 2655 706 2710; x_wconf 88' lang='lat' dir='ltr'>proprie</span> <span class='ocrx_word' id='word_1_233' title='bbox 749 2659 795 2698; x_wconf 89' lang='lat' dir='ltr'>et</span> <span class='ocrx_word' id='word_1_234' title='bbox 829 2655 986 2698; x_wconf 82' lang='lat' dir='ltr'>stricte</span> <span class='ocrx_word' id='word_1_235' title='bbox 1033 2655 1220 2709; x_wconf 85' lang='lat' dir='ltr'>dictum,</span> <span class='ocrx_word' id='word_1_236' title='bbox 1262 2668 1360 2697; x_wconf 89' lang='lat' dir='ltr'>cum</span> <span class='ocrx_word' id='word_1_237' title='bbox 1407 2653 1468 2696; x_wconf 88' lang='lat' dir='ltr'>sit</span> <span class='ocrx_word' id='word_1_238' title='bbox 1511 2649 1742 2705; x_wconf 87' lang='lat' dir='ltr'>suspensio</span> <span class='ocrx_word' id='word_1_239' title='bbox 1785 2646 1944 2690; x_wconf 87' lang='lat' dir='ltr'>iudicii</span> 
     </span>
     <span class='ocr_line' id='line_1_31' title="bbox 80 2717 1946 2785; baseline -0.005 -13"><span class='ocrx_word' id='word_1_240' title='bbox 80 2744 158 2773; x_wconf 90' lang='lat' dir='ltr'>seu</span> <span class='ocrx_word' id='word_1_241' title='bbox 191 2729 424 2785; x_wconf 86' lang='lat' dir='ltr'>suspensio</span> <span class='ocrx_word' id='word_1_242' title='bbox 457 2717 665 2772; x_wconf 86' lang='lat' dir='ltr'>assensus</span> <span class='ocrx_word' id='word_1_243' title='bbox 699 2729 816 2772; x_wconf 85' lang='lat' dir='ltr'>circa</span> <span class='ocrx_word' id='word_1_244' title='bbox 847 2729 1046 2783; x_wconf 86' lang='lat' dir='ltr'>aliquam</span> <span class='ocrx_word' id='word_1_245' title='bbox 1071 2728 1439 2784; x_wconf 86' lang='lat' dir='ltr'>propositionem,</span> <span class='ocrx_word' id='word_1_246' title='bbox 1474 2725 1717 2781; x_wconf 80' lang='lat' dir='ltr'>opponitur</span> <span class='ocrx_word' id='word_1_247' title='bbox 1739 2721 1946 2765; x_wconf 87' lang='lat' dir='ltr'>omnibus</span> 
     </span>
     <span class='ocr_line' id='line_1_32' title="bbox 78 2796 1945 2858; baseline -0.005 -12"><span class='ocrx_word' id='word_1_248' title='bbox 78 2803 245 2846; x_wconf 90' lang='lat' dir='ltr'>mentis</span> <span class='ocrx_word' id='word_1_249' title='bbox 281 2802 493 2857; x_wconf 87' lang='lat' dir='ltr'>statibus,</span> <span class='ocrx_word' id='word_1_250' title='bbox 537 2802 700 2856; x_wconf 87' lang='lat' dir='ltr'>quibus</span> <span class='ocrx_word' id='word_1_251' title='bbox 732 2816 858 2845; x_wconf 92' lang='lat' dir='ltr'>mens</span> <span class='ocrx_word' id='word_1_252' title='bbox 891 2803 1042 2858; x_wconf 89' lang='lat' dir='ltr'>aliquo</span> <span class='ocrx_word' id='word_1_253' title='bbox 1076 2804 1207 2846; x_wconf 86' lang='lat' dir='ltr'>modo</span> <span class='ocrx_word' id='word_1_254' title='bbox 1249 2800 1547 2857; x_wconf 81' lang='lat' dir='ltr'>plopositioni</span> <span class='ocrx_word' id='word_1_255' title='bbox 1590 2796 1808 2841; x_wconf 86' lang='lat' dir='ltr'>assentit:</span> <span class='ocrx_word' id='word_1_256' title='bbox 1856 2808 1945 2838; x_wconf 89' lang='lat' dir='ltr'>sus-</span> 
     </span>
    </p>
   </div>
   <div class='ocr_carea' id='block_1_10' title="bbox 1845 2851 1933 2863">
    <p class='ocr_par' dir='ltr' id='par_1_12' title="bbox 1845 2851 1933 2863">
     <span class='ocr_line' id='line_1_33' title="bbox 1845 2851 1933 2863; baseline -0.013 0"><span class='ocrx_word' id='word_1_257' title='bbox 1845 2851 1933 2863; x_wconf 48' lang='lat' dir='ltr'>...re-‘-</span> 
     </span>
    </p>
   </div>
   <div class='ocr_carea' id='block_1_11' title="bbox 78 2871 1964 3448">
    <p class='ocr_par' dir='ltr' id='par_1_13' title="bbox 78 2871 1947 3142">
     <span class='ocr_line' id='line_1_34' title="bbox 78 2871 1945 2940; baseline -0.005 -20"><span class='ocrx_word' id='word_1_258' title='bbox 78 2877 261 2933; x_wconf 85' lang='lat' dir='ltr'>picioni,</span> <span class='ocrx_word' id='word_1_259' title='bbox 310 2876 511 2931; x_wconf 90' lang='lat' dir='ltr'>opinioni</span> <span class='ocrx_word' id='word_1_260' title='bbox 560 2880 606 2920; x_wconf 89' lang='lat' dir='ltr'>et</span> <span class='ocrx_word' id='word_1_261' title='bbox 654 2876 935 2940; x_wconf 57' lang='lat' dir='ltr'>certitudini.</span> <span class='ocrx_word' id='word_1_262' title='bbox 998 2877 1052 2919; x_wconf 88' lang='lat' dir='ltr'>In</span> <span class='ocrx_word' id='word_1_263' title='bbox 1092 2877 1344 2932; x_wconf 75' lang='lat' dir='ltr'>snspz&#39;czone</span> <span class='ocrx_word' id='word_1_264' title='bbox 1387 2874 1505 2918; x_wconf 91' lang='lat' dir='ltr'>enim</span> <span class='ocrx_word' id='word_1_265' title='bbox 1549 2885 1675 2915; x_wconf 88' lang='lat' dir='ltr'>mens</span> <span class='ocrx_word' id='word_1_266' title='bbox 1717 2871 1765 2913; x_wconf 92' lang='lat' dir='ltr'>in</span> <span class='ocrx_word' id='word_1_267' title='bbox 1807 2882 1945 2912; x_wconf 88' lang='lat' dir='ltr'>unam</span> 
     </span>
     <span class='ocr_line' id='line_1_35' title="bbox 78 2932 1947 3006; baseline -0.005 -13"><span class='ocrx_word' id='word_1_268' title='bbox 78 2955 254 3006; x_wconf 87' lang='lat' dir='ltr'>partem</span> <span class='ocrx_word' id='word_1_269' title='bbox 287 2932 508 3004; x_wconf 46' lang='lat' dir='ltr'>inclinat*</span> <span class='ocrx_word' id='word_1_270' title='bbox 539 2950 647 3004; x_wconf 92' lang='lat' dir='ltr'>quin</span> <span class='ocrx_word' id='word_1_271' title='bbox 657 2932 884 3004; x_wconf 59' lang='grc' dir='ltr'>11100οἙ1</span> <span class='ocrx_word' id='word_1_272' title='bbox 917 2950 1161 3000; x_wconf 88' lang='lat' dir='ltr'>assentiat;</span> <span class='ocrx_word' id='word_1_273' title='bbox 1202 2950 1249 2992; x_wconf 90' lang='lat' dir='ltr'>in</span> <span class='ocrx_word' id='word_1_274' title='bbox 1292 2949 1496 3004; x_wconf 75' lang='lat' dir='ltr'>opi&#39;nzone</span> <span class='ocrx_word' id='word_1_275' title='bbox 1535 2959 1661 2990; x_wconf 85' lang='lat' dir='ltr'>mens</span> <span class='ocrx_word' id='word_1_276' title='bbox 1702 2944 1781 2988; x_wconf 89' lang='lat' dir='ltr'>uni</span> <span class='ocrx_word' id='word_1_277' title='bbox 1825 2942 1947 2997; x_wconf 88' lang='lat' dir='ltr'>parti</span> 
     </span>
     <span class='ocr_line' id='line_1_36' title="bbox 78 3016 1947 3078; baseline -0.005 -10"><span class='ocrx_word' id='word_1_278' title='bbox 78 3024 288 3078; x_wconf 79' lang='lat' dir='ltr'>assentit,</span> <span class='ocrx_word' id='word_1_279' title='bbox 345 3024 421 3067; x_wconf 88' lang='lat' dir='ltr'>sed</span> <span class='ocrx_word' id='word_1_280' title='bbox 474 3037 572 3067; x_wconf 89' lang='lat' dir='ltr'>cum</span> <span class='ocrx_word' id='word_1_281' title='bbox 625 3024 891 3077; x_wconf 78' lang='lat' dir='ltr'>formidine:</span> <span class='ocrx_word' id='word_1_282' title='bbox 946 3024 993 3067; x_wconf 90' lang='lat' dir='ltr'>in</span> <span class='ocrx_word' id='word_1_283' title='bbox 1047 3023 1314 3067; x_wconf 65' lang='lat' dir='ltr'>certitudine</span> <span class='ocrx_word' id='word_1_284' title='bbox 1366 3023 1549 3065; x_wconf 88' lang='lat' dir='ltr'>tandem</span> <span class='ocrx_word' id='word_1_285' title='bbox 1605 3018 1797 3063; x_wconf 82' lang='lat' dir='ltr'>assentit</span> <span class='ocrx_word' id='word_1_286' title='bbox 1852 3016 1947 3059; x_wconf 89' lang='lat' dir='ltr'>sine</span> 
     </span>
     <span class='ocr_line' id='line_1_37' title="bbox 79 3097 337 3142; baseline 0 -2"><span class='ocrx_word' id='word_1_287' title='bbox 79 3097 337 3142; x_wconf 76' lang='lat' dir='ltr'>formidine.</span> 
     </span>
    </p>

    <p class='ocr_par' dir='ltr' id='par_1_14' title="bbox 79 3165 1964 3448">
     <span class='ocr_line' id='line_1_38' title="bbox 229 3165 1964 3230; baseline -0.004 -16"><span class='ocrx_word' id='word_1_288' title='bbox 229 3171 270 3214; x_wconf 80' lang='lat' dir='ltr'>d.</span> <span class='ocrx_word' id='word_1_289' title='bbox 302 3170 501 3214; x_wconf 90' lang='lat' dir='ltr'>Dubium</span> <span class='ocrx_word' id='word_1_290' title='bbox 534 3171 713 3226; x_wconf 87' lang='lat' dir='ltr'>proprie</span> <span class='ocrx_word' id='word_1_291' title='bbox 745 3175 789 3214; x_wconf 91' lang='lat' dir='ltr'>et</span> <span class='ocrx_word' id='word_1_292' title='bbox 824 3171 983 3215; x_wconf 82' lang='lat' dir='ltr'>stricte</span> <span class='ocrx_word' id='word_1_293' title='bbox 1026 3175 1227 3214; x_wconf 87' lang='lat' dir='ltr'>sumtum</span> <span class='ocrx_word' id='word_1_294' title='bbox 1269 3184 1323 3214; x_wconf 83' lang='lat' dir='ltr'>ex</span> <span class='ocrx_word' id='word_1_295' title='bbox 1357 3170 1527 3225; x_wconf 85' lang='lat' dir='ltr'>duplici</span> <span class='ocrx_word' id='word_1_296' title='bbox 1562 3169 1736 3212; x_wconf 87' lang='lat' dir='ltr'>ratione</span> <span class='ocrx_word' id='word_1_297' title='bbox 1769 3165 1964 3230; x_wconf 56' lang='lat' dir='ltr'>evenire}</span> 
     </span>
     <span class='ocr_line' id='line_1_39' title="bbox 79 3232 1964 3301; baseline -0.005 -11"><span class='ocrx_word' id='word_1_298' title='bbox 79 3249 249 3301; x_wconf 87' lang='lat' dir='ltr'>potest:</span> <span class='ocrx_word' id='word_1_299' title='bbox 285 3249 365 3289; x_wconf 92' lang='lat' dir='ltr'>aut</span> <span class='ocrx_word' id='word_1_300' title='bbox 399 3246 505 3300; x_wconf 87' lang='lat' dir='ltr'>quia</span> <span class='ocrx_word' id='word_1_301' title='bbox 537 3259 591 3288; x_wconf 83' lang='lat' dir='ltr'>ex</span> <span class='ocrx_word' id='word_1_302' title='bbox 623 3249 816 3299; x_wconf 86' lang='lat' dir='ltr'>utraque</span> <span class='ocrx_word' id='word_1_303' title='bbox 848 3250 979 3300; x_wconf 88' lang='lat' dir='ltr'>parte</span> <span class='ocrx_word' id='word_1_304' title='bbox 1011 3247 1083 3288; x_wconf 84' lang='lat' dir='ltr'>vel</span> <span class='ocrx_word' id='word_1_305' title='bbox 1115 3246 1268 3288; x_wconf 88' lang='lat' dir='ltr'>nullae</span> <span class='ocrx_word' id='word_1_306' title='bbox 1291 3246 1364 3288; x_wconf 85' lang='lat' dir='ltr'>vel</span> <span class='ocrx_word' id='word_1_307' title='bbox 1397 3245 1518 3288; x_wconf 76' lang='lat' dir='ltr'>leves</span> <span class='ocrx_word' id='word_1_308' title='bbox 1541 3245 1719 3285; x_wconf 86' lang='lat' dir='ltr'>tantum</span> <span class='ocrx_word' id='word_1_309' title='bbox 1746 3232 1964 3290; x_wconf 66' lang='lat' dir='ltr'>rationes}</span> 
     </span>
     <span class='ocr_line' id='line_1_40' title="bbox 80 3307 1963 3373; baseline -0.004 -11"><span class='ocrx_word' id='word_1_310' title='bbox 80 3321 263 3367; x_wconf 71' lang='lat' dir='ltr'>adsunt,</span> <span class='ocrx_word' id='word_1_311' title='bbox 296 3324 378 3362; x_wconf 87' lang='lat' dir='ltr'>aut</span> <span class='ocrx_word' id='word_1_312' title='bbox 411 3319 516 3373; x_wconf 89' lang='lat' dir='ltr'>quia</span> <span class='ocrx_word' id='word_1_313' title='bbox 548 3332 602 3362; x_wconf 80' lang='lat' dir='ltr'>ex</span> <span class='ocrx_word' id='word_1_314' title='bbox 633 3323 827 3373; x_wconf 87' lang='lat' dir='ltr'>utraque</span> <span class='ocrx_word' id='word_1_315' title='bbox 861 3323 991 3373; x_wconf 87' lang='lat' dir='ltr'>parte</span> <span class='ocrx_word' id='word_1_316' title='bbox 1024 3320 1232 3373; x_wconf 87' lang='lat' dir='ltr'>aequales</span> <span class='ocrx_word' id='word_1_317' title='bbox 1265 3319 1337 3362; x_wconf 81' lang='lat' dir='ltr'>vel</span> <span class='ocrx_word' id='word_1_318' title='bbox 1380 3320 1474 3361; x_wconf 74' lang='lat' dir='ltr'>fere</span> <span class='ocrx_word' id='word_1_319' title='bbox 1507 3317 1715 3371; x_wconf 89' lang='lat' dir='ltr'>aequales</span> <span class='ocrx_word' id='word_1_320' title='bbox 1747 3307 1963 3372; x_wconf 83' lang='lat' dir='ltr'>rationes</span> 
     </span>
     <span class='ocr_line' id='line_1_41' title="bbox 80 3388 1949 3448; baseline -0.005 -11"><span class='ocrx_word' id='word_1_321' title='bbox 80 3394 302 3439; x_wconf 88' lang='lat' dir='ltr'>militant.</span> <span class='ocrx_word' id='word_1_322' title='bbox 364 3394 418 3436; x_wconf 85' lang='lat' dir='ltr'>In</span> <span class='ocrx_word' id='word_1_323' title='bbox 453 3393 587 3436; x_wconf 89' lang='lat' dir='ltr'>dubio</span> <span class='ocrx_word' id='word_1_324' title='bbox 619 3393 766 3448; x_wconf 81' lang='lat' dir='ltr'>igitur</span> <span class='ocrx_word' id='word_1_325' title='bbox 799 3393 957 3436; x_wconf 87' lang='lat' dir='ltr'>stricte</span> <span class='ocrx_word' id='word_1_326' title='bbox 989 3398 1170 3448; x_wconf 89' lang='lat' dir='ltr'>accepto</span> <span class='ocrx_word' id='word_1_327' title='bbox 1204 3406 1331 3436; x_wconf 90' lang='lat' dir='ltr'>mens</span> <span class='ocrx_word' id='word_1_328' title='bbox 1373 3396 1442 3436; x_wconf 90' lang='lat' dir='ltr'>est</span> <span class='ocrx_word' id='word_1_329' title='bbox 1474 3390 1618 3434; x_wconf 84' lang='lat' dir='ltr'>veluti</span> <span class='ocrx_word' id='word_1_330' title='bbox 1650 3388 1828 3443; x_wconf 82' lang='lat' dir='ltr'>lingula</span> <span class='ocrx_word' id='word_1_331' title='bbox 1860 3390 1949 3429; x_wconf 88' lang='lat' dir='ltr'>sta-</span> 
     </span>
    </p>
   </div>
   <div class='ocr_carea' id='block_1_12' title="bbox 81 3463 1953 3523">
    <p class='ocr_par' dir='ltr' id='par_1_15' title="bbox 81 3463 1953 3523">
     <span class='ocr_line' id='line_1_42' title="bbox 81 3463 1953 3523; baseline -0.004 -12"><span class='ocrx_word' id='word_1_332' title='bbox 81 3471 220 3523; x_wconf 86' lang='lat' dir='ltr'>terae,</span> <span class='ocrx_word' id='word_1_333' title='bbox 252 3480 365 3522; x_wconf 90' lang='lat' dir='ltr'>quae</span> <span class='ocrx_word' id='word_1_334' title='bbox 397 3468 445 3510; x_wconf 91' lang='lat' dir='ltr'>in</span> <span class='ocrx_word' id='word_1_335' title='bbox 477 3467 743 3521; x_wconf 87' lang='lat' dir='ltr'>aequilibrio</span> <span class='ocrx_word' id='word_1_336' title='bbox 777 3466 928 3521; x_wconf 88' lang='lat' dir='ltr'>posita</span> <span class='ocrx_word' id='word_1_337' title='bbox 958 3480 1102 3521; x_wconf 90' lang='lat' dir='ltr'>neque</span> <span class='ocrx_word' id='word_1_338' title='bbox 1129 3466 1177 3509; x_wconf 93' lang='lat' dir='ltr'>in</span> <span class='ocrx_word' id='word_1_339' title='bbox 1199 3480 1337 3509; x_wconf 91' lang='lat' dir='ltr'>unam</span> <span class='ocrx_word' id='word_1_340' title='bbox 1370 3478 1513 3519; x_wconf 83' lang='lat' dir='ltr'>neque</span> <span class='ocrx_word' id='word_1_341' title='bbox 1545 3464 1592 3506; x_wconf 91' lang='lat' dir='ltr'>in</span> <span class='ocrx_word' id='word_1_342' title='bbox 1626 3463 1817 3506; x_wconf 85' lang='lat' dir='ltr'>alteram</span> <span class='ocrx_word' id='word_1_343' title='bbox 1848 3474 1953 3516; x_wconf 52' lang='lat' dir='ltr'>par«</span> 
     </span>
    </p>
   </div>
  </div>
 </body>
</html>
