2269 3898
284 138 370 180 138
1020 133 1086 175 De
1118 131 1423 174 matrimonio.

287 272 532 340 pensatio
590 271 656 321 ab
717 267 1113 336 impedimento
1171 263 1392 333 publico
1449 264 1654 333 petitur
1695 283 1726 315 a
1769 264 1996 330 dataria,
2055 267 2165 318 dis-

285 360 531 428 pensatio
573 365 757 407 autem
812 355 880 406 ab
937 353 1335 423 impedimento
1390 351 1605 403 occulto
1648 371 1680 403 a
1720 355 2164 421 poenitentiaria.

284 447 350 498 In
390 445 575 497 libello
618 443 853 513 supplici
896 453 1100 510 tamen,
1160 442 1307 512 quod
1349 443 1647 511 porrigitur
1687 443 2162 510 poenitentiariae,

286 534 539 587 facienda
580 543 659 584 est
699 534 905 584 mentio
934 531 1318 601 impedimenti
1363 530 1589 600 publici,
1634 550 1665 582 a
1708 549 1813 600 quo
1856 533 1965 582 iam
1995 533 2169 601 petita

287 623 373 674 vel
401 622 640 692 petenda
681 630 761 673 est
804 622 1139 690 dispensatio
1183 639 1214 671 a
1256 620 1497 671 dataria:
1542 639 1714 671 unum
1746 621 1893 671 enim
1922 618 2167 672 tribunal

285 715 555 779 integram
599 729 822 762 causam
866 728 1193 779 cognoscere
1237 709 1415 761 debet.

908 991 1202 1048 Articulus
1244 989 1540 1048 secundus

743 1130 834 1167 De
869 1128 1120 1168 causis
1155 1125 1710 1180 dispensandff).

439 1291 570 1344 137.
634 1291 1105 1344 Declarationes.
1188 1291 1233 1341 1.
1298 1289 1374 1341 Ut
1435 1289 1770 1358 dispensatio
1834 1288 2021 1341 valida
2085 1292 2171 1356 sit,

289 1383 429 1432 iusta
470 1380 824 1451 dispensandi
864 1399 1027 1431 causa
1067 1380 1381 1448 requiritur,
1439 1397 1549 1430 non
1591 1378 1767 1430 solum
1818 1379 1913 1431 ubi
1956 1379 2170 1449 dispen-

288 1472 423 1522 satio
486 1473 542 1521 vi
603 1471 889 1539 potestatis
950 1470 1195 1520 vicariae
1237 1468 1307 1520 ab
1370 1470 1626 1537 episcopo
1692 1468 1779 1521 vel
1839 1468 1945 1520 alio
1987 1469 2174 1521 iudice

289 1560 554 1629 delegatO,
614 1559 710 1611 sed
752 1561 918 1610 etiam
974 1558 1069 1610 ubi
1126 1560 1181 1608 vi
1223 1561 1508 1627 potestatis
1564 1560 1819 1628 propriae
1874 1578 1906 1610 a
1958 1577 2173 1610 summo

286 1649 548 1719 pontifice
610 1649 949 1715 conceditur,
1012 1650 1142 1718 quia
1200 1649 1315 1699 sine
1375 1666 1542 1700 causa
1602 1648 1791 1699 illicite
1853 1648 2174 1718 dispensare

289 1757 399 1791 non
444 1738 573 1790 vult.
655 1738 722 1790 In
778 1738 1038 1790 omnibus
1093 1756 1220 1806 ergo
1265 1737 1772 1807 dispensationibus
1814 1737 2167 1807 subintelligi-

287 1840 375 1880 tur
417 1828 688 1894 condicio,
745 1830 790 1879 si
825 1847 1005 1898 preces
1057 1829 1279 1879 veritate
1319 1829 1579 1893 ozitcmi‘ur,
1639 1836 1690 1878 et
1743 1826 1894 1879 nulla
1949 1837 2030 1879 est
2071 1827 2174 1878 dis-

289 1920 556 1988 pensatio,
600 1901 654 1969 si⁴
687 1917 839 1969 nulla
880 1919 949 1969 sit
991 1936 1158 1969 causa
1200 1918 1409 1968 motiva
1451 1916 1878 1986 dispensandi2).

440 2023 488 2075 2.
532 2022 610 2075 Ut
651 2023 795 2073 iusta
847 2021 1119 2073 habeatur
1171 2021 1531 2091 dispensandi
1590 2040 1772 2088 causa,
1829 2040 1898 2072 ex
1940 2020 2176 2072 concilio

289 2112 589 2164 tridentino
647 2130 811 2164 causa
863 2113 1042 2180 φάυίε
1083 2120 1131 2162 ez}
1161 2112 1582 2181 proportionata
1633 2111 1994 2181 requiritur3)‚
2051 2112 2084 2163 i.
2129 2129 2174 2163 e.

291 2221 351 2254 eo
394 2204 631 2270 gravior,
690 2220 795 2271 quo
838 2204 1065 2270 gravius
1108 2212 1188 2252 est
1229 2201 1707 2270 impedimentum,
1751 2221 1783 2252 a
1824 2219 1930 2271 quo
1971 2202 2179 2270 petitur

293 2293 645 2362 dispensatio.
731 2292 879 2343 Hinc
933 2291 1051 2343 fieri
1106 2300 1302 2361 potest,
1361 2301 1420 2342 ut
1476 2310 1642 2343 causa
1695 2290 1880 2361 aliqua
1937 2290 2179 2342 sufficiat

292 2382 515 2452 quidem
573 2382 644 2433 ad
703 2381 1064 2433 obtinendam
1122 2381 1591 2451 dispensationem
1649 2380 1719 2432 ab
1777 2380 2176 2450 impedimento

293 2473 474 2523 minus
533 2473 692 2540 gravi
748 2480 800 2522 et
854 2471 1074 2522 facilius
1128 2470 1505 2540 dispensabili,
1564 2479 1620 2522 at
1660 2489 1770 2522 non
1825 2469 2066 2521 sufficiat
2105 2468 2175 2521 ad

293 2580 412 2613 eam
463 2560 823 2612 obtinendam
886 2563 942 2612 in
1004 2561 1402 2631 impedimento
1463 2561 1721 2628 graviore
1782 2568 1835 2611 et
1895 2558 2179 2611 difficilius

294 2651 667 2720 dispensabili.

442 2756 491 2808 3.
554 2756 782 2806 Praeter
843 2754 1175 2822 divisionem
1238 2773 1530 2806 causarum
1593 2753 1971 2824 dispensandi,
2037 2771 2179 2824 quae

295 2844 551 2895 omnibus
595 2843 1104 2913 dispensationibus
1143 2845 1452 2896 communis
1495 2854 1589 2906 est,
1634 2844 1845 2896 scilicet
1884 2845 1940 2894 in
1983 2862 2181 2895 causas

453 3051 480 3104 1>
513 3051 579 3095 Cf.
616 3051 866 3095 Foruzulae
899 3053 1172 3108 apostolicae
1204 3053 1438 3096 Datariae
1461 3067 1539 3108 pro
1564 3052 1980 3097 matrimonialibus
2005 3053 2179 3108 dispen-

296 3126 549 3169 sationibus
580 3127 780 3179 (Romae.
817 3127 1142 3182 Typographia
1175 3128 1517 3182 augustiniana.
1554 3128 1704 3183 1901).
1767 3128 1949 3171 Praxz's
1972 3127 2179 3183 apostoli-

296 3214 450 3243 carum
485 3200 871 3256 clispensationnnc
907 3216 1042 3256 super
1073 3202 1416 3257 impedimentis
1450 3202 1732 3246 matrimonii
1764 3203 2179 3258 (RomaeTypogr.

296 3275 638 3330 augustiniana.
675 3276 819 3329 1902).
885 3276 1051 3319 Libelli
1084 3276 1133 3319 in
1166 3277 1249 3320 hac
1281 3289 1328 3320 re
1361 3277 1528 3319 summi
1562 3277 1782 3320 momenti
1817 3282 1940 3331 sunt,
1986 3275 2093 3330 quia
2125 3288 2179 3319 ex

296 3349 359 3392 eis
394 3349 599 3404 discitur,
634 3350 854 3404 quomodo
889 3350 1114 3405 supplices
1147 3351 1291 3394 libelli
1324 3351 1541 3394 exarandi
1575 3351 1681 3394 sint.

451 3424 482 3479 ²)
521 3424 764 3467 Concilium
797 3424 904 3466 trid.
939 3438 1045 3468 sess.
1079 3425 1147 3467 ⁶24.
1184 3439 1219 3468 ο,
1253 3427 1291 3467 5.
1329 3427 1395 3469 De
1427 3428 1508 3469 ref.
1544 3431 1678 3469 matr.

451 3497 480 3549 ³)
516 3498 758 3541 Concilium
791 3499 897 3541 trid.
933 3498 1040 3541 ibid.
