2269 3898
273 160 359 217 151
1009 154 1081 198 ΙΙΙ.
1116 155 1184 198 De
1214 154 1408 210 legibus.

272 293 455 363 potius
495 292 633 359 legis
676 291 926 341 extensio
972 297 1024 340 et
1064 307 1211 340 nova
1264 288 1568 358 legislati03
1623 288 1748 340 ideo
1802 287 1940 339 haec
1993 290 2154 339 inter·

272 383 505 452 pretatio
549 381 715 431 etiam
758 397 905 430 nova
946 379 1391 448 promulgatione
1433 378 1661 447 indiget.

420 485 536 527 Num
573 483 893 539 intetyn’etatio
917 483 1302 539 conqffelzensica,
1333 487 1388 526 ut
1409 465 1609 527 valorem
1633 482 1750 538 legis
1773 481 2007 533 sortiatur,
2041 493 2154 524 noca

266 559 633 615 promnlfflttione
666 557 891 613 indigeat,
925 562 1132 601 auctores
1165 571 1255 600 non
1275 557 1579 601 conveniunt.
1619 556 1874 600 Dissidiuni
1907 557 2015 600 inde
2047 555 2156 599 oriri

270 634 469 688 videtur,
522 633 641 688 quod
693 632 1125 687 interpretationem
1184 632 1603 687 comprehensivam
1658 645 1749 675 non
1797 645 1951 675 omnes
1998 631 2153 675 eodem

270 709 402 751 modo
438 708 675 752 definiant.
740 707 1072 762 Interpretatio
1106 707 1511 762 comprehensiva,
1537 720 1651 762 quae
1696 707 1912 761 declarat,
1955 705 2074 760 quod
2105 704 2154 748 in

270 783 371 838 lege
404 796 586 838 prorsus
621 782 805 826 obscure
840 785 885 826 et
921 781 1056 825 dubie
1081 782 1357 837 continetur,
1391 781 1762 837 promulgatione
1783 780 2006 836 indigere,
2039 792 2157 835 quae

271 871 376 901 vero
413 858 629 912 declarat,
676 858 794 912 quod
827 857 876 900 in
908 857 1010 912 lege
1043 857 1157 900 satis
1191 857 1309 901 clare
1343 857 1619 912 continet-ur,
1662 855 2032 912 promulgatione
2064 868 2154 898 non

270 933 478 988 indigere
510 932 735 986 videtur&
770 934 830 986 (n.
867 932 967 987 113,
1001 932 1058 987 3).

423 1044 461 1076 c.
509 1024 986 1091 Comprehensiva
1013 1022 1377 1090 distinguitur
1417 1023 1475 1073 in
1517 1023 1768 1087 strictam,
1815 1039 1922 1090 qua
1964 1038 2158 1071 sensus

271 1112 408 1182 legis
467 1113 538 1164 ad
596 1114 880 1182 propriam
933 1111 1500 1163 tantumverborum
1560 1111 2025 1179 significationem
2079 1126 2156 1159 re·

271 1203 577 1270 stringitur,
633 1210 693 1253 ut
751 1203 794 1253 si
852 1219 963 1253 vox
1012 1200 1158 1252 filius
1201 1200 1269 1252 de
1310 1202 1497 1269 genito
1539 1209 1756 1252 tantum
1797 1198 2157 1268 intelligitur;

272 1301 324 1344 et
365 1291 548 1359 latam,
608 1311 716 1361 qua
770 1310 963 1343 sensus
1004 1290 1142 1359 legis
1185 1290 1506 1342 extenditur
1548 1298 1816 1361 quantum
1859 1308 1929 1341 ex
1969 1289 2157 1340 verbis

273 1390 325 1434 et
377 1382 487 1434 fine
544 1381 680 1451 legis
741 1380 886 1447 licet,
943 1388 1004 1432 ut
1060 1382 1103 1432 si
1163 1399 1276 1432 vox
1333 1380 1477 1433 filius
1539 1383 1705 1433 etiam
1767 1379 1835 1431 de
1895 1379 2159 1449 adoptato

274 1474 564 1542 accipitur.

422 1562 756 1616 Nonnunquam
791 1561 911 1604 enim
946 1560 1130 1616 accidit,
1175 1564 1229 1604 ut
1262 1561 1400 1604 verba
1432 1561 1548 1616 legis
1583 1560 1755 1616 duplici
1789 1574 1923 1605 sensu
1954 1558 2159 1614 intelligi

272 1637 465 1693 possint,
500 1650 690 1692 quorum
723 1640 915 1691 uterque
949 1641 1017 1680 est
1052 1649 1209 1680 sensus
1245 1636 1470 1692 proprius,
1504 1637 1722 1680 sedunus
1746 1640 1815 1680 est
1839 1637 1984 1680 altero
2006 1635 2161 1679 latior.

273 1712 344 1756 Sic
369 1712 646 1756 vocabulum
681 1711 852 1764 cleriei,
901 1711 938 1754 si
988 1711 1148 1754 stricte
1193 1716 1417 1766 sumatur,
1466 1724 1539 1755 eos
1587 1711 1733 1754 solum
1782 1711 2034 1766 significat,
2082 1708 2159 1763 qui

273 1787 470 1831 clericali
504 1791 693 1830 tonsura
739 1790 847 1830 sunt
879 1786 1081 1837 initiati;
1128 1786 1289 1841 quodsi
1331 1786 1453 1830 idem
1488 1786 1759 1830 vocabulum
1802 1787 1898 1830 late
1931 1790 2158 1839 sumatur,

273 1875 427 1906 omnes
460 1875 675 1917 personas
699 1861 1028 1905 ecclesiasticas
1056 1861 1282 1916 designat.
1330 1862 1449 1904 Item
1473 1860 1745 1904 vocabulum
1768 1859 1979 1916 relz'gsiosi
1999 1858 2160 1903 stricte

274 1938 390 1981 solos
422 1937 670 1992 regulareS,
703 1937 798 1980 late
833 1950 988 1982 omnes
1022 1936 1274 1991 significat,
1320 1936 1397 1991 qui
1430 1936 1478 1980 in
1513 1936 1669 1992 aliqua
1702 1934 2057 1991 congregat-ione
2089 1947 2163 1978 vo-

273 2018 424 2057 torum
459 2012 737 2068 simplicium
773 2012 995 2066 existunt,
1030 2011 1171 2054 etiam
1204 2011 1419 2055 novitios.

423 2147 550 2202 134.
591 2134 674 2198 De
714 2148 1153 2217 interpretatione
1196 2148 1499 2198 authentica
1532 2153 1584 2197 et
1609 2145 1917 2198 doctrinali.
1965 2147 2010 2196 1.
2045 2143 2154 2210 Qui

273 2238 451 2308 legem
494 2239 650 2305 ferre,
696 2255 818 2289 eam
861 2238 1029 2288 etiam
1073 2219 1362 2288 azitlzentice
1405 2237 1755 2305 interpretari
1796 2243 1992 2305 potest.

424 2345 494 2387 Ex
538 2340 970 2397 congregationibus
1015 2341 1216 2395 romanis
1267 2342 1383 2385 duae
1431 2345 1615 2385 tantum
1663 2343 1942 2396 potestatem
1990 2338 2165 2383 habent

273 2419 398 2474 leges
431 2417 697 2461 authentice
727 2416 1090 2472 interpretandi3
1136 2416 1429 2473 conffl’efflatio
1473 2416 1664 2468 concilii,
1707 2427 1821 2470 quae
1863 2412 2161 2469 interpretari

275 2496 429 2549 pot-est
462 2493 642 2536 decreta
677 2480 993 2547 disciplinaria
1026 2491 1206 2535 concilii
1240 2491 1512 2541 tridentini;
1548 2490 1586 2534 si
1609 2495 1765 2534 tamen
1786 2490 1835 2533 in
1856 2489 1959 2545 ipsa
1981 2501 2161 2552 congre-

276 2567 463 2623 gatione
497 2568 551 2611 de
583 2580 717 2610 sensu
759 2565 1014 2621 cuiuspiam
1059 2565 1228 2609 decreti
1274 2565 1462 2609 dubium
1508 2565 1668 2620 oritur,
1714 2564 1962 2609 declaratio
2004 2576 2161 2620 appro-

277 2643 460 2687 batione
493 2642 660 2686 summi
693 2640 928 2697 pontificis
960 2640 1167 2696 indiget;
1204 2644 1250 2684 et
1280 2641 1570 2697 commessatio
1591 2655 1652 2684 ss.
1676 2641 1866 2693 rituam,
1900 2653 2013 2694 quae
2036 2640 2166 2694 leges
2241 2655 2245 2659 ·

277 2717 520 2772 liturgicas
553 2716 818 2760 authentice
850 2715 1148 2771 interpretari
1181 2719 1335 2771 potest
1365 2717 1424 2769 (n.
1461 2715 1576 2771 111).

429 2808 478 2860 2.
522 2807 915 2877 Interpretatio
959 2806 1280 2859 authentica
1322 2808 1437 2858 vim
1479 2806 1616 2875 legis
1662 2805 1848 2873 habet,
1908 2806 2039 2875 quia
2090 2805 2163 2856 ab

279 2897 473 2949 eadem
518 2905 787 2966 potestate
827 2896 1082 2966 procedit
1121 2906 1285 2967 atque
1328 2898 1449 2966 ipsa
1489 2896 1624 2950 lex:

429 3000 482 3047 Si
515 3001 869 3063 interpretatio
906 3001 1199 3047 authentica
1235 3001 1372 3047 aliud
1404 3015 1501 3047 non
1535 3006 1624 3058 est,
1671 3013 1817 3058 quam
1852 2997 2166 3045 confirmatio

279 3090 450 3123 sensus
484 3076 582 3122 iam
617 3076 739 3122 satis
774 3077 914 3134 clari,
950 3090 1012 3122 ea
1037 3081 1174 3122 certe
1198 3076 1596 3134 promulgatione
1621 3089 1716 3121 non
1740 3070 1957 3132 indiget3
1993 3072 2164 3132 quodsi

278 3151 632 3211 interpretatio
678 3152 878 3198 exhibet
922 3152 1314 3198 declarationem
1359 3151 1649 3209 generalem
1693 3150 1819 3207 legis
1869 3152 2021 3196 antea
2069 3161 2164 3194 non

287 3226 409 3284 satis
455 3226 641 3283 clarae,
686 3226 773 3272 sed
815 3240 934 3273 vere
983 3226 1177 3281 dubiae,
1227 3226 1623 3284 promulgatione
1673 3224 1899 3282 indigere
1947 3223 2164 3280 videtur,

281 3301 393 3359 quia
425 3300 521 3347 hac
554 3301 972 3359 interpretatione
1007 3315 1134 3348 nova
1168 3302 1249 3347 lex
1283 3301 1427 3347 condi
1463 3306 1707 3358 censetur,
1743 3314 1867 3359 quae
1901 3299 1999 3346 vim
2034 3297 2166 3356 legis

280 3389 375 3420 non
409 3376 612 3429 obtinet,
647 3375 743 3422 nisi
778 3376 1063 3422 authentice
1098 3377 1453 3434 promulgetur.

436 3539 470 3592 ¹)
505 3540 572 3583 Cf.
620 3539 781 3583 Werue‘
813 3540 848 3582 I.
881 3554 925 3582 n.
961 3541 1060 3584 100.
