2269 3898
513 123 578 165 De
612 122 1025 176 dispensationibus
1058 123 1483 166 matrimonialibus.
1847 127 1930 169 133

69 254 205 299 denti
238 255 418 301 iudicio
452 255 549 300 iam
584 255 839 299 imminere
876 261 1121 311 censetur⁷
1155 269 1249 301 non
1282 261 1514 313 suppetat
1545 263 1734 315 tempus
1768 272 1930 303 recur-

66 328 209 373 rendi
242 329 303 374 ad
338 343 373 374 s.
408 329 571 374 sedem
605 329 686 373 vel
729 328 792 373 ad
836 328 1152 383 ordinarium,
1198 329 1227 374 i.
1263 343 1302 374 e.
1349 329 1386 374 si
1432 330 1567 375 intra
1609 335 1713 376 tres
1754 331 1931 376 hebdo-

67 402 236 448 madas
280 402 360 447 vel
393 402 494 457 (ubi
539 401 705 459 agitur
739 401 797 447 de
843 402 1087 460 episcopo)
1133 402 1174 447 si
1222 402 1355 447 intra
1402 403 1760 449 hebdomadam
1804 419 1931 450 mors

65 477 316 522 timeatur.

215 566 251 607 b.
284 564 432 611 Hanc
475 564 769 611 facultatem
815 565 1030 623 episcopi
1073 566 1385 618 habitualz'ter„
1433 566 1462 611 i.
1498 581 1536 612 e.
1580 581 1667 625 pro
1713 568 1931 613 omnibus

62 639 260 684 casibus
294 639 664 684 occurrentibus
715 639 947 696 delegare
996 644 1214 697 possunt,
1264 640 1350 685 sed
1397 641 1513 686 solis
1562 641 1790 698 parochis
1839 655 1930 686 non

66 713 193 770 aliis,
229 713 366 758 modo
392 713 520 758 desit
543 717 734 770 tempus
761 713 823 758 ad
858 713 1131 759 ordinarios
1158 714 1449 759 recurrendi
1462 715 1516 770 ¹);
1552 714 1601 759 in
1634 715 1932 771 particulari

64 801 182 833 casu
215 792 380 832 autem
404 786 556 832 etiam
581 786 694 832 aliis
719 788 1059 832 sacerdotibus
1095 802 1201 833 eam
1238 787 1473 844 delegare
1507 795 1722 846 possunt.
1777 787 1931 833 Immo

63 861 346 917 petentibus
374 860 613 918 episcopis
647 861 934 907 conceditur
956 860 1171 907 facultas
1207 862 1278 916 (ut
1311 875 1546 907 concessa
1581 866 1657 907 est
1691 862 1930 920 episcopis

63 934 473 980 XVratislaviensi
498 939 546 980 et
570 933 872 991 Coloniensi)
896 935 1023 981 hanc
1049 939 1347 994 potestatem
1381 936 1677 978 llabitzmlz‘ter
1712 941 1759 981 et
1794 937 1931 982 modo

62 1009 287 1066 generali
338 1009 488 1054 etiam
521 1009 846 1067 parochorum
882 1009 1282 1067 cooperatoribus
1319 1014 1369 1055 et
1403 1010 1514 1055 aliis
1548 1010 1736 1056 idoneis
1771 1024 1932 1056 sacer-

63 1083 257 1128 dotibus
293 1083 571 1141 delegandi,
624 1083 761 1129 modo
796 1084 1069 1140 periculum
1116 1083 1181 1128 sit
1213 1083 1262 1128 in
1307 1097 1444 1129 mora
1489 1090 1538 1129 et
1582 1084 1710 1130 desit
1742 1090 1932 1142 tempus

61 1157 353 1202 recurrendi
388 1157 450 1202 ad
484 1157 786 1202 ordinarium
819 1158 902 1203 vel
934 1158 1214 1214 parochum.
1280 1156 1379 1203 Sed
1428 1159 1649 1215 quamvis
1692 1159 1932 1216 parochus

60 1231 247 1276 habeat
294 1236 593 1289 potestatem
647 1232 994 1289 universalem,
1047 1233 1347 1288 subdeleffare
1393 1238 1560 1278 tamen
1614 1247 1705 1278 non
1755 1238 1931 1291 potest,

62 1305 177 1363 quia
208 1305 397 1351 habens
430 1311 732 1363 potestatem
766 1307 1141 1363 subdelegatam
1179 1321 1237 1351 ex
1269 1307 1524 1365 principiis
1554 1307 1674 1352 iuris
1709 1307 1932 1353 subdele-

60 1393 180 1437 gare
215 1380 396 1438 nequit.

211 1484 245 1513 e.
280 1469 341 1515 In
374 1470 468 1516 hac
496 1469 742 1516 facultate
779 1485 820 1513 α.
856 1470 1209 1528 impedimenta
1242 1470 1563 1528 impedientia
1597 1484 1636 1515 e.
1671 1484 1715 1528 g.
1749 1472 1932 1516 mixtae

61 1544 317 1601 religionis
351 1557 445 1589 11011
480 1543 1027 1602 coiiiprehendiint111²²);
1067 1546 1104 1594 β.
1138 1542 1356 1589 facultas
1391 1544 1541 1590 solum
1576 1559 1662 1603 pro
1696 1545 1756 1590 iis
1790 1545 1931 1590 mori-

61 1618 237 1664 bundis
273 1618 573 1674 conceditur,
608 1619 687 1675 qui
720 1619 1085 1664 matrimonium
1121 1618 1268 1664 civile
1304 1623 1659 1664 contraxerunt
1693 1624 1778 1663 aut
1808 1619 1932 1664 alias

59 1692 110 1737 in
134 1693 459 1738 concubinatu
477 1692 716 1749 vivunt³);
741 1708 780 1745 γ.
806 1706 892 1751 pro
916 1693 991 1738 his
1012 1697 1178 1737 autem
1195 1693 1346 1749 valet,
1372 1693 1679 1738 etiamsinon
1700 1698 1927 1750 aegrotet

59 1780 284 1824 persona,
311 1781 432 1824 quae
457 1767 806 1825 impedimento
836 1765 1120 1823 afficitur4>3
1152 1767 1190 1808 ὃ.
1218 1766 1409 1823 quando
1433 1766 1482 1812 vi
1505 1766 1645 1811 huius
1672 1764 1931 1811 facultatis

62 1841 111 1885 in
158 1840 503 1898 impedimento
549 1841 863 1899 disparitatis
899 1842 1058 1887 cultus
1094 1841 1424 1898 dispensatur}
1469 1840 1645 1886 solitae
1681 1839 1932 1885 cautiones

62 1915 211 1960 etiam
247 1915 298 1960 in
332 1915 541 1961 articulo
576 1915 746 1960 mortis
772 1915 1044 1972 exigendae
1081 1913 1246 1969 sunt5).

211 2004 252 2049 d.
288 2003 577 2062 Complures
613 2004 916 2060 dubitarunt,
968 2019 1031 2050 an
1064 2004 1113 2049 in
1147 2004 1240 2049 hac
1275 2004 1585 2049 concessione
1621 2003 1933 2049 contineatur

60 2078 213 2123 etiam
254 2083 474 2136 potestas
521 2079 840 2136 dispensandi
881 2079 924 2121 in
960 2079 1272 2135 impedimento
1305 2078 1697 2131 clandestinttatis,
1744 2092 1850 2124 cun]
1884 2079 1934 2123 in

61 2152 263 2198 decreto
298 2152 623 2198 concessionis
666 2153 789 2198 haec
822 2153 978 2198 verba
1011 2153 1310 2198 habeantur:
1361 2157 1444 2208 ⁷‚ut
1476 2152 1702 2197 morituri
1735 2153 1778 2194 in
1806 2153 1933 2208 facie

60 2227 277 2269 ecclesiae
299 2227 395 2272 rite
422 2227 642 2285 copulari
663 2227 896 2285 possint“,
932 2228 1008 2273 illi
1036 2233 1201 2272 autem
1228 2227 1308 2284 qui
1335 2227 1683 2284 dispensantur
1713 2227 1763 2271 in
1786 2228 1932 2284 impe-

62 2301 278 2346 dimento
314 2301 734 2346 clandestinitatis
770 2315 861 2346 non
898 2302 1186 2359 copulentur
1219 2301 1267 2346 in
1300 2299 1431 2346 facie
1468 2301 1726 2346 ecclesiae.
1789 2300 1931 2347 Nunc

61 2389 180 2420 vero
216 2381 402 2420 certum
439 2381 514 2420 est
546 2376 674 2421 hanc
706 2390 889 2434 quoque
928 2390 1210 2421 concessam
1245 2389 1350 2421 esse
1385 2374 1695 2420 facultatem.
1757 2373 1932 2420 Potest

62 2463 178 2507 ergo
204 2450 476 2507 „parochus
512 2451 572 2496 ab
607 2450 829 2508 episcopo
853 2450 1185 2496 habitualiter
1209 2450 1467 2507 delegatus
1502 2450 1552 2494 in
1586 2463 1673 2495 sua
1698 2449 1934 2507 parochia

61 2525 142 2569 vel
168 2525 461 2582 coniungere
485 2539 578 2570 non
603 2539 712 2570 suos
738 2525 825 2570 sed
850 2529 1111 2570 extraneos
1135 2523 1258 2570 inibi
1290 2538 1406 2569 casu
1431 2525 1715 2580 existenteS,
1742 2523 1931 2582 dispen-

62 2598 214 2643 sando
261 2612 289 2643 a
322 2599 610 2656 praesentia
659 2599 861 2657 parochi
896 2598 1096 2656 proprii,
1147 2598 1210 2644 ad
1259 2611 1397 2655 quem
1448 2597 1713 2643 nullimode
1763 2598 1933 2643 valeat

61 2672 239 2718 haberi
261 2687 514 2728 recursus;
539 2674 619 2718 Vel
645 2673 795 2718 etiam
816 2673 1114 2730 coniungere
1135 2686 1244 2718 suos
1269 2673 1352 2718 sed
1381 2672 1483 2718 sine
1503 2672 1715 2717 testibus
1742 2672 1934 2729 pariter

219 2880 248 2934 ¹)
284 2880 330 2923 S.
370 2881 576 2937 Officium
609 2881 650 2923 9.
683 2881 774 2924 ian.
811 2882 939 2924 1889.

214 2954 247 3007 2)
279 2954 326 2997 S.
366 2955 572 3011 Officimn
607 2956 675 3000 18.
710 2960 845 2998 mart.
883 2956 1008 2998 1891.

217 3027 248 3081 ³)
281 3028 326 3071 S.
366 3029 571 3085 Officium
605 3029 673 3071 ⁶22.
710 3035 821 3083 sept.
858 3030 995 3079 189ος
1047 3030 1086 3072 3.
1131 3029 1238 3071 maii
1284 3029 1396 3071 1899
1440 3043 1473 3071 s.
1509 3029 1720 3072 Officium
1764 3029 1929 3071 iterum

63 3103 327 3157 declaravit,
376 3103 421 3145 vi
456 3103 590 3146 huius
622 3103 861 3146 facultatis
897 3102 1147 3157 dispensari
1180 3116 1268 3145 non
1315 3116 1443 3157 posse
1491 3117 1588 3145 cum
1639 3102 1837 3157 aegrotis
1885 3102 1932 3144 in

62 3177 255 3220 articulo
289 3177 447 3219 mortis
480 3177 760 3231 constitutis,
809 3177 885 3231 qui
918 3180 1024 3220 actu
1056 3190 1145 3219 non
1176 3176 1340 3220 vivunt
1385 3177 1432 3219 in
1474 3175 1798 3228 concubinatu,
1847 3175 1931 3217 etsi

61 3250 109 3293 in
143 3263 191 3293 eo
224 3250 436 3293 vixerant
468 3253 512 3293 et
544 3264 663 3294 nunc
699 3250 1040 3294 matrimonium
1075 3250 1336 3293 contrahere
1380 3249 1637 3293 desiderant
1681 3250 1737 3292 ad
1784 3249 1931 3303 legiti-

63 3325 274 3367 mandam
309 3325 490 3379 prolem.

211 3397 247 3452 4)
282 3398 326 3440 S.
367 3398 572 3454 Officium
609 3400 648 3440 1.
680 3398 761 3440 iul.
798 3398 928 3441 1891.

214 3471 248 3525 5)
280 3472 327 3515 S.
366 3473 571 3529 Officium
606 3473 673 3515 18.
709 3476 843 3515 mart.
881 3473 1008 3515 1891.
