2269 3898
804 130 870 173 De
902 131 1002 186 lege
1035 131 1244 176 humana.
1892 136 1976 179 127

245 262 368 316 110.
411 263 495 315 De
537 264 835 330 potestate
878 265 1135 330 legifera
1177 267 1361 320 civili.
1423 266 1665 331 Quinam
1708 270 1764 319 in
1804 271 1974 321 socie-

94 358 208 402 tate
251 350 400 402 civili
443 359 709 419 potestate
751 351 979 421 legifera
1021 356 1317 422 potiantur,
1378 375 1408 407 a
1460 356 1634 408 forma
1684 360 1970 425 regiminis

95 440 390 509 dependet,
435 459 574 509 quae
625 441 788 492 hodie
842 443 896 492 in
956 443 1186 494 diversis
1242 446 1426 511 regnis
1480 445 1701 497 diversa
1752 455 1858 498 est:
1914 450 1970 499 in

92 530 223 581 aliis
265 531 409 581 enim
454 529 599 581 solus
642 549 930 599 supremus
971 516 1227 601 princeps
1281 532 1427 602 leges
1485 535 1720 587 condere
1773 546 1966 606 potest,

99 621 156 670 in
197 618 318 670 aliis
359 626 596 688 potestas
632 619 944 687 legislativa
984 620 1190 671 residet
1231 623 1287 672 in
1331 641 1583 691 supremo
1628 627 1876 694 principe
1920 638 1971 676 et

98 709 155 759 in
197 726 423 778 corpore
461 708 787 778 legislativo‚
832 709 977 778 quod
1012 711 1211 761 iterum
1240 728 1336 779 pro
1367 711 1599 763 diversis
1641 714 1967 782 populorum

93 797 582 850 constitutionibus
625 798 906 849 diversum
950 806 1042 850 est.

250 887 533 930 Potestatem
574 886 887 941 legislativam
922 901 1001 942 per
1034 901 1078 930 se
1112 887 1249 931 habet
1282 889 1421 932 etiam
1456 890 1631 945 regrina,
1670 891 1797 934 heres
1830 893 1971 947 regni,

98 974 179 1016 pro
202 974 283 1004 sua
306 961 498 1004 ditione:
534 961 591 1004 ad
625 961 708 1003 hoc
740 961 875 1016 enim,
909 969 960 1004 ut
995 963 1095 1016 quis
1130 962 1296 1006 habeat
1329 967 1607 1018 potestatem
1640 965 1968 1020 legislativam‚

95 1035 361 1091 requiritur,
392 1040 444 1078 ut
479 1036 539 1079 sit
573 1049 716 1090 capax
748 1035 1081 1080 iurisdictionis
1115 1045 1159 1080 et
1203 1040 1255 1080 ut
1300 1051 1557 1092 supremam
1600 1044 1877 1094 potestatem
1923 1041 1966 1083 in

92 1111 252 1166 aliqua
284 1111 612 1155 communitate
660 1116 889 1161 exerceat;
942 1112 1070 1166 atqui
1120 1112 1280 1167 regina
1325 1126 1468 1167 capax
1519 1118 1588 1156 est
1636 1113 1969 1157 iurisdictionis

90 1185 268 1236 civili&
317 1185 649 1229 iurisdictionis
683 1186 939 1241 spiritualis
974 1186 1153 1240 quidem
1187 1187 1359 1230 femina
1404 1201 1492 1230 non
1540 1192 1607 1231 est
1658 1202 1816 1243 capax,
1865 1189 1970 1243 quia

98 1262 210 1304 haec
247 1260 504 1303 iurisdictio
538 1260 685 1315 exigit
719 1260 971 1303 subiectum
1006 1275 1148 1316 capax
1181 1262 1380 1312 ordinis;
1415 1261 1531 1304 nihil
1565 1268 1716 1305 autem
1759 1263 1968 1318 impedit,

99 1335 345 1390 quominus
376 1335 548 1379 femina
580 1335 941 1378 iurisdictionem
977 1335 1155 1378 civilem
1191 1335 1442 1391 accipiat¹).

246 1529 279 1584 ῥ’
309 1532 363 1573 3.
397 1531 481 1573 De
513 1532 847 1576 (uectoritate
876 1533 1377 1585 conyreycetiomcm
1414 1539 1813 1574 romanarum.

247 1648 362 1702 111.
422 1647 507 1700 De
547 1648 700 1716 ipsis
744 1650 1315 1716 congregationibus
1362 1650 1652 1703 romanis·
1735 1648 1967 1718 Congre-

94 1739 364 1806 gationes,
406 1757 503 1808 per
532 1757 667 1807 quas
697 1757 944 1790 summus
983 1740 1234 1808 pontifex
1275 1739 1420 1809 leges
1451 1749 1503 1790 et
1530 1739 1750 1791 decreta
1781 1739 1969 1790 condit

100 1836 152 1879 et
192 1828 262 1879 ad
303 1829 582 1898 proposita
613 1828 782 1881 dubia
813 1828 1119 1880 decisiones
1163 1837 1213 1880 et
1253 1829 1652 1880 declarationes
1696 1829 1965 1896 concedit,

101 1926 227 1969 sunt
268 1928 378 1969 octo
420 1926 737 1987 sequentes:

251 2008 287 2049 l.
326 2007 625 2063 Conffl‘eyatz'o
659 2007 838 2050 concilii
868 2007 1125 2061 tridentini,
1167 2021 1280 2062 quae
1328 2012 1604 2062 potestatem
1653 2007 1787 2050 habet
1836 2008 1970 2051 inter<

98 2082 311 2136 pretandi
346 2082 525 2125 decreta
557 2082 751 2136 concilii,
801 2095 914 2136 quae
947 2083 1004 2124 ad
1038 2095 1182 2125 mores
1215 2087 1258 2125 et
1303 2083 1589 2137 disciplinam
1624 2082 1870 2137 pertinent,
1924 2087 1969 2125 et

94 2155 343 2199 dirimendi
378 2156 515 2198 dubia
546 2155 618 2199 ius
652 2156 915 2199 canonicum
952 2156 1222 2210 spectantia.
1287 2157 1404 2199 Tota
1438 2170 1491 2199 ex
1525 2157 1831 2199 cardinalibus
1878 2171 1968 2200 coa-

102 2230 246 2285 lescit,
279 2230 355 2284 qui
387 2236 626 2273 vocantur:
663 2231 836 2273 Patres
868 2231 1153 2274 sacrosancti
1182 2231 1360 2274 concilii
1402 2231 1642 2274 tridentini
1680 2233 1967 2287 intelyn’etes.

246 2305 286 2347 2.
325 2305 621 2361 Conyrcyaz‘io
656 2306 960 2361 episcoporum
996 2309 1040 2348 et
1070 2306 1372 2362 reyularium,
1420 2307 1478 2349 ad
1512 2320 1646 2361 quam
1695 2308 1968 2361 referuntur,

96 2393 215 2434 >quae
247 2379 304 2422 ad
337 2379 497 2423 bonam
534 2379 802 2423 dioecesium
837 2379 1284 2423 administrationem
1319 2385 1364 2423 et
1408 2381 1464 2423 ad
1513 2380 1716 2435 regimen
1760 2381 1967 2424 ordinum

107 2454 420 2510 religiosorum
454 2454 701 2509 pertinent,
734 2455 919 2509 insuper
952 2455 1296 2509 controversiam,
1330 2468 1443 2508 quae
1476 2459 1574 2497 tum
1615 2455 1736 2499 inter
1770 2456 1968 2498 diversos

91 2529 342 2584 episcopos,
375 2533 473 2572 tum
507 2529 628 2572 inter
661 2529 891 2585 episcopos
924 2533 968 2572 et
1002 2530 1247 2584 regulares,
1296 2533 1393 2571 tum
1428 2529 1475 2572 in
1529 2529 1641 2584 ipsis
1688 2530 1966 2584 regularium

94 2603 290 2647 familiis
324 2604 547 2659 oriuntur,
581 2604 773 2647 dirimit.

247 2680 287 2721 3.
325 2678 622 2735 Congsreqatlo
655 2679 710 2721 de
733 2678 1038 2735 propafflmda
1078 2679 1187 2735 fide,
1229 2692 1342 2733 quae
1388 2678 1750 2721 iurisdictionem
1792 2682 1966 2721 exercet

95 2753 150 2796 in
181 2753 387 2808 regiones
419 2753 685 2796 missionum
719 2756 765 2795 et
799 2752 952 2795 omnia
995 2752 1177 2795 illarum
1220 2752 1456 2807 regionum
1500 2752 1688 2806 negotia
1736 2752 1966 2795 tractandi

92 2827 170 2870 ius
202 2827 337 2870 habet
371 2832 417 2870 et
448 2830 737 2882 potestatem.

244 2902 285 2944 4.
324 2901 620 2957 Conqreyatio
651 2914 713 2943 ss.
737 2901 906 2943 rituum
924 2914 942 2955 ,·
975 2901 1084 2944 haec
1103 2901 1280 2955 definit,
1315 2914 1428 2954 quae
1451 2901 1507 2943 ad
1531 2914 1702 2943 sacram
1727 2901 1965 2956 liturgiam

100 2975 350 3030 pertinent,
383 2975 669 3030 quaestiones
702 2975 942 3030 liturgicas
977 2975 1168 3031 dirimit,
1201 2989 1252 3018 ac
1284 2975 1468 3018 tandem
1504 2975 1642 3018 etiam
1686 2975 1966 3018 beatificatio

99 3055 152 3092 -et
186 3048 466 3092 canonisatio
498 3054 755 3093 sanctorum
789 3050 847 3093 ad
881 3050 977 3093 eius
1014 3050 1216 3092 officium
1250 3049 1494 3104 pertinent.

246 3123 287 3165 5.
324 3123 620 3180 Conyreyatio
660 3124 822 3167 indicis
865 3124 1083 3167 librorum
1127 3124 1473 3179 prohibitorum,
1523 3137 1635 3179 quae
1683 3123 1865 3178 vigilat,
1912 3136 1966 3165 ne

95 3196 209 3252 quid
242 3196 379 3240 editis
411 3198 539 3241 libris
570 3198 692 3243 inter
723 3200 881 3243 fideles
914 3204 1206 3254 propagetur,
1240 3200 1358 3254 quod
1391 3199 1499 3244 fidei
1533 3203 1577 3242 et
1607 3199 1734 3242 bonis
1768 3197 1966 3241 moribus

102 3275 276 3326 noceat,
308 3271 496 3326 ideoque
528 3287 690 3328 pravos
722 3274 859 3317 libros
895 3275 1083 3318 damnat
1116 3279 1161 3318 et
1194 3274 1415 3330 prohibet.
1479 3274 1619 3328 Libri,
1644 3274 1719 3328 qui
1745 3273 1964 3316 haeresim

98 3345 303 3400 sapiunt,
336 3346 474 3390 etiam
509 3360 535 3390 a
567 3361 600 3391 s,
636 3348 786 3391 officio
818 3349 891 3392 vel
925 3361 1003 3403 per
1035 3348 1216 3392 litteras
1251 3349 1524 3404 apostolicas
1559 3348 1867 3403 prohibentur.

249 3495 283 3552 ⁴)
316 3496 383 3539 Of.
417 3496 692 3548 Hole’mcmn,
725 3497 973 3552 Theologia
1005 3498 1188 3541 moralis
1220 3498 1251 3540 Ι.
1285 3512 1327 3540 n.
1361 3497 1461 3539 292.
