2269 3898
293 99 381 143 306
1019 101 1093 143 VI.
1129 102 1196 145 De
1228 101 1442 156 peccatis.

293 232 502 286 habent
542 236 886 303 propositum
912 235 1187 285 actionem
1231 243 1519 286 externam
1556 238 1802 305 ponendi
1832 247 1893 289 ut
1920 239 2180 292 voluntas

294 324 534 389 furandi,
602 324 944 389 fornicandi3
1011 344 1053 375 c.
1111 324 1178 375 de
1231 325 1447 377 actibus
1501 328 1733 378 externis
1785 345 1881 377 seu
1935 329 2180 379 exterius

295 414 690 464 consummatis
714 421 773 463 ut
794 412 1020 479 furtum,
1051 412 1376 465 fornicatio:
1421 414 1646 466 moralis
1672 416 1819 467 enim
1848 417 2176 485 interruptio

292 520 402 553 non
445 503 500 552 in
545 501 804 553 omnibus
845 501 931 552 his
973 501 1191 553 actibus
1233 503 1429 554 eodem
1472 503 1636 555 modo
1680 507 1968 573 contingit.

439 606 488 659 2.
539 607 699 658 Prius
751 613 938 657 tamen
993 605 1390 658 declarandum
1447 617 1544 674 est,
1601 617 1734 678 quot
1774 610 1951 661 modis
2000 617 2175 684 actus,

295 696 501 767 quiex
543 714 709 765 supra
751 695 914 746 dictis
968 695 1232 747 moralem
1290 698 1560 748 unitatem
1602 697 1826 765 habent,
1883 700 2173 750 interrum-

289 794 492 857 pantur
533 804 629 836 seu
670 784 935 836 moralem
990 787 1261 836 unitatem
1317 788 1590 839 amittant.
1671 789 1790 839 Iam
1845 807 1976 840 vero
2018 797 2176 840 actus

290 875 592 927 voluntatis
617 874 908 944 tripliciter
932 876 1264 944 interrumpi
1292 884 1549 944 possunt:
1596 894 1647 929 α.
1688 895 1788 946 per
1813 862 2186 953 vobi-{bitariam

286 949 857 1039 revocationemss'utsi
900 982 1062 1033 quem
1106 972 1263 1015 actus
1304 967 1680 1034 peccaminosi
1717 949 1852 1018 Vere
1892 969 2174 1037 poeniteat

288 1049 340 1106 et
380 1064 570 1124 postea
622 1063 809 1106 tamen
863 1054 1102 1105 eundem
1144 1063 1331 1105 actum
1371 1064 1643 1119 rcsumat3
1706 1058 1754 1127 β
1811 1074 1909 1127 per
1964 1059 2175 1108 cessati-

289 1163 439 1195 onem
477 1142 836 1195 voluntariam
876 1143 945 1194 ab
989 1150 1138 1214 actut
1191 1151 1253 1194 ut
1309 1145 1352 1195 si
1410 1146 1533 1213 quis
1576 1145 1880 1197 deliberate
1932 1145 2002 1197 ab
2020 1132 2199 1197 *actu*

289 1233 432 1285 malo
477 1232 719 1300 desistat,
782 1232 853 1283 ad
909 1231 1019 1284 alia
1061 1251 1117 1283 se
1170 1243 1460 1285 convertat
1513 1242 1566 1285 et
1619 1234 1749 1286 dein
1802 1235 1874 1286 ad
1931 1235 2172 1286 eundem

284 1322 499 1390 redeat3
541 1341 593 1388 γ.
635 1341 733 1392 per
773 1322 1194 1374 involuntariam
1234 1325 1577 1376 cessationem
1618 1324 1688 1376 ab
1746 1332 1875 1375 actu
1916 1345 1960 1378 e.
2006 1343 2055 1393 g.
2101 1324 2172 1377 ob

291 1431 562 1475 somnum,
607 1407 1040 1478 distractionem,
1099 1406 1524 1482 occupationem
1580 1422 1682 1466 etc.
1733 1413 1982 1483 longiore
2039 1423 2172 1466 tem-

287 1520 419 1572 pore
462 1502 771 1553 durantem.
819 1501 1268 1577 QUQAEQQUOEID
1310 1505 1576 1573 temporis
1618 1522 1772 1578 mora
1813 1506 1957 1556 inter
1997 1523 2170 1556 unum

285 1600 341 1643 et
380 1591 614 1643 alterum
657 1599 844 1642 actum
887 1580 1490 1659 intercedere'debeass
1548 1602 1608 1645 ut
1640 1579 1819 1645 ¹*actus
1858 1593 1965 1646 hoc
2007 1594 2169 1646 modo

285 1700 416 1733 vere
470 1682 766 1751 interrupti
821 1690 1166 1746 censeantur,
1233 1701 1331 1752 pro
1406 1683 1882 1752 diversa-‘natura
1942 1692 2168 1736 actuum

286 1771 494 1823 iudicio
537 1770 876 1840 prudentum
917 1773 1198 1823 aestimari
1242 1772 1420 1824 debet.

432 1935 567 1989 280.
630 1936 673 1988 1.
749 1935 911 1987 Actus
966 1955 1102 2005 mere
1158 1938 1357 1988 interni
1420 1936 1879 2006 multiplicantur,
1949 1939 2164 2007 quoties

287 2025 563 2077 moraliter
593 2028 1103 2095 interrumpuntur3
1147 2028 1630 2095 interrumpuntur
1659 2034 1845 2078 autem
1874 2045 1971 2096 per
2010 2045 2164 2078 revo-

282 2105 575 2177 cationem,
600 2117 698 2184 per
719 2114 1091 2166 voluntariam
1112 2124 1164 2166 et
1193 2134 1291 2185 per
1319 2116 1753 2167 involuntariam
1781 2119 2166 2170 cessationem.

432 2218 471 2246 a.
515 2204 627 2247 Cum
662 2203 782 2247 enim
816 2208 946 2247 actus
986 2218 1107 2248 mere
1137 2204 1310 2248 interni
1342 2205 1390 2249 in
1425 2219 1470 2249 se
1510 2206 1726 2261 completi
1775 2209 1821 2249 et·
1867 2205 1924 2249 ab
1969 2205 2167 2250 invicem

282 2279 640 2334 independentes
674 2279 782 2335 sint,
809 2279 1045 2322 moraliter
1066 2293 1156 2322 non
1177 2279 1404 2323 uniuntur
1425 2280 1515 2323 nisi
1539 2281 1694 2324 eodem
1725 2282 1897 2324 affectu
1919 2281 2165 2336 passionis;

2218 2251 2269 2333 sc*

286 2354 508 2398 eiusmodi
541 2359 695 2397 autem
730 2358 860 2397 act-us
893 2368 983 2397 non
1017 2355 1161 2398 solum
1195 2354 1485 2399 revocatione
1519 2359 1564 2398 et
1597 2356 1862 2399 voluntaria
1900 2352 2244 2437 cessatione,x)‚

283 2430 362 2472 sed
394 2429 534 2473 etiam
567 2429 883 2472 involuntaria
906 2429 1158 2473 cessatione
1180 2430 1415 2473 moraliter
1440 2430 1864 2485 interrumpuntur:
1898 2429 2019 2473 idem
2043 2429 2164 2473 enim

281 2505 478 2548 affectus
511 2503 735 2558 passionis
778 2503 900 2546 inter
934 2503 1121 2548 diurnas
1169 2505 1488 2559 occupationes
1537 2510 1583 2549 et
1632 2504 1953 2548 distractiones
2003 2505 2166 2548 durare

283 2592 374 2621 non
407 2582 559 2633 potest
592 2578 682 2621 nisi
716 2579 773 2621 ad
806 2578 940 2622 breve
972 2583 1169 2634 tempus,
1203 2579 2034 2641 8¹11?QO„il-Q-SJJJQAETESYQ-Jl-Q‘QS·

434 2654 470 2696 b.
507 2653 593 2707 Qui
630 2653 790 2697 videns
823 2653 1060 2696 inimicum
1094 2640 1289 2697 interius
1322 2639 1367 2697 ei
1397 2655 1518 2697 mala
1549 2654 1830 2709 imprecatur
1862 2658 1909 2697 et
1941 2659 2046 2709 post
2087 2654 2165 2698 ali-

285 2729 406 2782 quod
439 2733 620 2783 tempus
652 2729 821 2772 iterum
846 2742 947 2772 eum
981 2728 1142 2771 videns
1175 2729 1215 2771 ei
1236 2729 1380 2772 denuo
1404 2728 1698 2784 imprecatur,
1733 2729 1820 2772 duo
1843 2734 2030 2783 peccata
2052 2743 2166 2772 com-

290 2802 456 2857 mittit,
491 2803 595 2857 quia
627 2802 977 2858 imprecationes
1011 2803 1247 2846 moraliter
1278 2803 1567 2858 interruptae
1601 2807 1722 2846 sunt.
1758 2802 1844 2857 Qui
1875 2803 1928 2846 de
1952 2803 2164 2858 turpibus

286 2891 389 2920 cum
424 2877 727 2921 delectatione
760 2877 968 2933 cogitans
1001 2891 1146 2932 pauca
1168 2876 1305 2920 verba
1329 2891 1429 2920 cum
1456 2881 1726 2922 transeunte
1747 2877 1909 2921 miscet
1932 2862 1978 2920 et
2001 2877 2163 2921 statim

284 2952 344 2995 ad
377 2952 533 3007 turpia
564 2952 861 3007 recogitanda
892 2952 1028 3006 redit,
1061 2965 1203 2995 unum
1236 2957 1472 3007 peccatum
1508 2953 1781 3006 committit;
1823 2952 1861 2995 si
1910 2953 1968 2996 ad
2010 2966 2062 2996 ea
2101 2965 2164 2995 re-

282 3026 531 3081 cogitanda
562 3027 732 3070 rediret
763 3031 869 3082 post
899 3026 1152 3082 longiorem
1186 3027 1547 3082 collocutionem,
1593 3041 1708 3082 quae
1751 3030 1950 3070 mentem
1993 3026 2049 3070 ab
2091 3026 2164 3069 his

283 3101 416 3145 rebus
449 3115 631 3156 prorsus
664 3102 979 3156 abstraxisset,
1023 3102 1110 3145 duo
1143 3107 1329 3156 peccata
1361 3101 1562 3154 haberet,
1596 3101 1702 3156 quia
1746 3101 2070 3145 delectationes
2112 3100 2162 3144 in

284 3176 547 3231 posteriore,
580 3190 670 3219 non
702 3176 813 3219 item
847 3176 895 3219 in
928 3176 1077 3231 priore
1110 3189 1217 3219 casu
1248 3177 1536 3231 interruptae
1569 3180 1691 3219 sunt.

432 3264 466 3293 c.
504 3249 590 3303 Qui
623 3263 702 3305 per
734 3251 917 3305 longius
951 3255 1133 3306 tempus
1156 3264 1193 3294 e.
1216 3264 1261 3306 g.
1288 3264 1367 3306 per
1387 3251 1623 3306 integrum
1649 3251 1767 3294 diem
1786 3251 1977 3294 eundem
2004 3253 2159 3294 actum

283 3325 647 3380 peccaminosum
681 3326 824 3379 fovet,
858 3339 937 3380 pro
980 3325 1250 3369 diversitate
1292 3326 1615 3370 adiunctorum
1660 3327 1793 3380 plura
1831 3326 1905 3369 vel
1947 3325 2163 3381 pauciora

281 3405 469 3454 peccata
502 3399 767 3444 committit.
832 3399 877 3442 Si
912 3413 1017 3455 ergo
1051 3400 1288 3455 poenitens
1310 3414 1549 3444 numerum
1573 3405 1859 3456 peccatorum
1876 3399 2160 3443 internorum

282 3473 486 3516 indicare
518 3473 706 3528 nesciat,
746 3474 1100 3529 interrogandus
1133 3480 1201 3518 est
1237 3475 1290 3518 de
1323 3488 1448 3518 mora
1493 3474 1727 3530 temporis,
1775 3487 1861 3529 quo
1908 3474 1957 3517 in
2004 3474 2159 3518 eodem
