2269 3898
518 128 584 169 De
617 126 1029 181 dispensationibus
1062 125 1489 169 matrimonialibus.
1856 127 1938 168 137

223 274 264 302 a.
296 259 408 304 Duo
438 264 549 304 sunt
582 258 946 315 impedimenta,
990 259 1040 303 in
1073 259 1244 316 quibus
1278 272 1519 315 nunquam
1556 258 1832 316 dispensat:
1869 258 1938 303 ai'-

72 333 240 379 finitas
275 347 334 378 ex
367 333 540 391 copula
572 332 713 377 licita
755 332 806 376 in
838 332 992 389 primo
1026 332 1183 389 gradu
1227 332 1390 377 lineae
1424 336 1619 387 rectae;
1655 332 1771 377 ordo
1805 345 1939 389 pres-

71 409 333 465 byteratus
368 407 430 451 ad
462 406 724 451 ineundum
758 406 1134 451 matrimonium.

222 482 258 526 b.
294 479 495 538 Septem
528 484 640 525 sunt
672 479 1037 537 impedimenta,
1086 480 1136 524 in
1171 479 1341 537 quibus
1374 480 1624 525 rarissime
1672 479 1938 537 dispensat,

72 555 370 612 praesertim
389 554 430 599 si
449 554 613 611 agitur
630 554 687 599 de
704 554 913 599 ineundo
929 553 1260 599 matrimonio:
1282 554 1660 610 coniugicidium
1678 553 1939 611 publicum,

71 633 258 687 raptus,
293 633 449 685 aetas,
490 632 656 674 votum
691 628 939 678 sollemne,
983 628 1099 673 ordo
1133 628 1515 673 subdiaconatus
1551 632 1601 673 et
1635 628 1939 673 diaconatus.

73 703 232 748 cultus
266 702 534 760 disparitas
568 701 618 746 in
650 701 932 759 regionibus
966 701 1198 755 fidelium,
1234 702 1626 747 clandestinitas.

220 791 253 819 e.
287 775 408 821 Tria
452 780 564 820 sunt
612 776 978 834 impedimenta,
1029 776 1078 821 in
1124 776 1295 833 quibus
1344 790 1459 820 raro
1510 776 1786 834 dispensat:
1833 789 1938 821 con-

71 850 382 908 sanguinitas
416 850 466 895 in
499 850 633 895 linea
659 850 941 896 collaterali
963 855 1201 908 tangente
1233 850 1439 907 primum
1462 849 1686 907 gradum,
1720 849 1939 895 affinitas

72 939 133 970 ex
166 925 340 982 copula
373 924 553 971 illicita
586 924 637 969 in
669 925 823 982 primo
857 925 1016 982 gradu
1048 925 1210 970 lineae
1244 930 1428 980 rectae,
1480 925 1705 982 cognatio
1742 924 1940 981 spiritu·

70 999 166 1045 alis
199 999 332 1044 inter
364 999 614 1045 levantem
650 1004 700 1044 et
735 999 966 1044 levatum.

221 1147 350 1201 136.
379 1148 752 1211 Tribunalia,
794 1163 902 1216 per
930 1164 1077 1214 quae
1112 1149 1440 1216 dispensat.
1485 1148 1739 1199 Summus
1767 1151 1941 1217 ponti-

69 1237 161 1287 fex
202 1236 476 1287 ordinarie
530 1237 810 1305 dispensat
864 1256 959 1306 per
999 1238 1285 1301 datariam,
1341 1256 1437 1306 per
1467 1238 1940 1306 poenitentiariam

68 1333 122 1376 et
161 1344 258 1393 per
298 1328 744 1396 congregationem
786 1326 847 1377 de
878 1327 1239 1396 propagsamla
1265 1326 1395 1393 fide.

223 1428 493 1471 Ordinarl'e:
523 1443 629 1471 nam
664 1443 797 1484 super
829 1430 1154 1484 impedimento
1188 1430 1361 1472 mixtae
1392 1430 1628 1484 religionis
1670 1437 1714 1472 et
1758 1430 1942 1485 dispari-

67 1502 182 1545 tatis
216 1503 365 1545 cultus
398 1507 442 1546 et-
477 1504 743 1557 quandoque
786 1503 923 1546 etiam
970 1517 1104 1558 super
1143 1504 1482 1558 impedimentis
1526 1503 1638 1546 ortis
1680 1517 1733 1547 ex
1779 1504 1942 1547 delicto

67 1576 246 1631 publico
281 1577 513 1631 dispensat
545 1591 581 1619 s.
621 1577 840 1634 Officium.

221 1669 266 1718 l.
329 1667 568 1717 Datarz'a
629 1667 911 1734 dispensat
974 1685 1069 1735 pro
1117 1667 1247 1736 foro
1313 1676 1526 1718 eoeterno
1594 1669 1666 1733 (et
1726 1668 1939 1718 interno

67 1754 270 1821 simul),
315 1765 478 1823 atque
521 1754 642 1805 ideo
687 1757 742 1805 in
786 1754 1196 1824 impedimentis
1233 1764 1359 1806 actu
1393 1755 1626 1827 publicis
1666 1764 1760 1807 aut
1802 1775 1940 1825 quae

66 1844 291 1913 publica
330 1844 515 1895 futura
569 1862 685 1895 esse
726 1844 1137 1913 praevidentur,
1194 1847 1293 1896 etsi
1335 1853 1532 1896 natura
1568 1865 1682 1897 ‘sua
1726 1845 1940 1897 occulta

66 1935 205 1998 sint3
250 1933 450 1984 deinde
491 1935 547 1984 in
589 1934 671 1998 iis,
719 1952 859 2002 quae
901 1942 1098 1985 natura
1127 1952 1224 1984 sua
1265 1934 1487 2003 publica
1528 1943 1670 1998 sunt,
1715 1937 1812 1985 etsi
1845 1953 1941 2004 per

66 2022 325 2074 accidens
366 2022 580 2073 occulta
622 2024 940 2075 manserint.

217 2112 264 2163 2.
309 2112 731 2163 Poeniteoztiarz‘a
773 2112 1082 2181 dispensat:
1141 2133 1188 2163 α.
1232 2131 1329 2181 pro
1387 2112 1497 2163 solo
1554 2113 1676 2178 foro
1734 2115 1938 2164 interno

67 2209 231 2270 atque
272 2201 394 2252 ideo
445 2203 501 2251 in
543 2201 971 2269 impedimentis,
1028 2220 1168 2270 quae
1209 2209 1406 2252 natura
1461 2221 1558 2252 sua
1601 2210 1653 2253 et
1693 2209 1820 2253 actu
1863 2221 1938 2253 oc-

66 2290 209 2341 culta
249 2297 390 2356 sunt,
449 2290 650 2341 deinde
693 2292 749 2341 in
792 2291 1222 2359 impedimentis,
1267 2309 1407 2360 quae
1448 2299 1646 2342 natura
1689 2310 1785 2342 sua
1828 2293 1937 2360 qui-

65 2379 190 2430 dem
231 2378 473 2448 publica,
516 2388 641 2430 actu
683 2388 872 2431 tamen
915 2379 1129 2431 occulta
1171 2389 1323 2445 sunt3

216 2468 260 2519 b.
298 2487 399 2538 pro
436 2456 778 2539 pauperibus,
838 2469 904 2519 de
947 2488 1179 2538 quorum
1236 2478 1560 2538 paupertate
1619 2477 1830 2521 constat
1872 2488 1938 2520 ex

65 2557 260 2608 litteris
300 2558 763 2609 testimonialibus
808 2558 1088 2624 ordinarii,
1140 2567 1245 2609 tum
1277 2578 1378 2628 pro
1406 2559 1537 2628 foro
1581 2567 1793 2610 conterno
1836 2568 1939 2610 tum

55 2665 162 2716 pro
190 2646 323 2715 foro
363 2648 587 2713 interno,
631 2656 794 2716 atque
835 2647 958 2698 ideo
989 2649 1044 2698 in
1086 2647 1500 2716 impedimentis
1545 2655 1661 2698 tum
1702 2646 1940 2716 publicis

65 2743 183 2786 tum
225 2735 470 2787 occultis,

216 2824 264 2876 3.
309 2823 360 2875 S.
412 2822 751 2894 Conqregyatio
794 2825 856 2875 de
889 2844 1048 2894 prop.
1076 2825 1191 2893 fide
1236 2825 1518 2893 dispensat
1571 2842 1667 2893 pro
1709 2825 1936 2891 regioni-

66 2912 169 2964 bus
217 2914 542 2964 missionum
595 2913 700 2964 sibi
757 2913 1022 2977 subditis3
1082 2922 1324 2965 attamen
1379 2913 1597 2964 illarum
1650 2914 1938 2981 regionum

66 3000 277 3052 incolae
318 3020 415 3071 pro
457 3002 870 3070 impedimentis
912 3003 1138 3054 occultis
1181 3005 1344 3053 etiam
1387 3003 1458 3053 ad
1494 3021 1534 3054 s.
1579 3004 1937 3071 poenitentia-

66 3092 204 3142 riam
245 3109 523 3141 recurrere
565 3100 808 3159 possunt.

214 3195 264 3246 4.
309 3194 365 3247 Si
409 3213 533 3245 cum
575 3195 970 3263 impedimento
1010 3194 1225 3264 publico
1276 3196 1541 3245 concurrit
1582 3195 1938 3264 impedimen-

66 3292 183 3335 tum
225 3284 477 3335 occultum
518 3293 570 3334 et
610 3293 850 3335 oratores
902 3286 959 3334 in
999 3286 1077 3334 rei
1127 3284 1632 3336 manifestationem
1674 3285 1937 3334 consenti·

67 3380 181 3433 unt,
237 3373 569 3442 dispensatio
612 3375 816 3441 petitur
855 3392 887 3423 a
929 3373 1140 3424 dataria
1181 3391 1276 3441 pro
1319 3373 1434 3424 foro
1479 3381 1736 3437 extern03
1793 3372 1938 3441 quod

75 3462 119 3512 si
175 3469 411 3512 oratores
464 3462 521 3511 in
569 3463 646 3512 rei
701 3461 1195 3513 manifestationem
1253 3481 1360 3513 non
1415 3463 1780 3528 consentiunt,
1837 3461 1931 3512 dis—
