2269 3898
288 148 374 190 204
971 146 1042 188 IV.
1077 147 1143 189 De
1177 147 1466 190 conscientia.

436 282 570 335 Ergo.
606 280 723 334 quod
757 279 892 334 probe
925 280 1177 323 notandum
1227 284 1311 335 est,
1365 281 1565 324 actiones
1607 282 1833 326 humanae
1873 296 1999 326 suam
2042 282 2165 326 boni-

292 360 433 398 tatem
470 360 550 398 aut
584 353 812 397 malitiam
846 355 1062 397 moralem
1094 355 1365 409 (formalem)
1396 369 1485 398 non
1519 359 1707 398 sumunt
1740 370 1766 398 a
1796 369 1955 399 norma
1988 357 2166 400 morali-

290 430 403 472 tatis
436 430 507 471 vel
542 442 567 471 a
601 429 715 483 lege,
748 432 801 470 ut
833 427 881 471 in
916 441 962 471 se
994 434 1077 483 est,
1123 429 1200 472 sed
1249 443 1275 471 a
1319 429 1434 484 lege,
1481 434 1617 484 prout
1663 443 1742 484 per
1791 431 2020 474 dictamen
2067 445 2164 475 con-

287 503 504 547 scientiae
537 503 769 546 voluntati
804 502 1074 557 proponitur
1108 516 1185 546 seu
1218 517 1245 546 a
1277 503 1578 557 conscientia;
1614 517 1750 558 quare
1783 504 1951 559 absque
1982 506 2163 549 ratione

289 579 341 621 de
374 576 636 633 praeteritis
671 575 927 620 actionibus
961 576 1077 620 bona
1110 577 1201 621 fide
1219 577 1383 632 positis
1406 582 1655 633 anguntur,
1690 578 1766 632 qui
1789 583 1948 633 postea
1966 579 2162 622 audiunt

290 666 362 696 eas
394 652 537 695 fuisse
570 652 730 695 malas.

436 728 483 779 2.
531 726 916 778 Conscientiae
959 744 1088 777 vere
1129 728 1371 778 convenit
1410 729 1488 778 vis
1531 727 1839 798 obliyandi:
1879 729 1988 798 legi
2017 731 2165 781 enim
2201 775 2208 784 .,

286 835 416 868 vere
456 818 786 886 proprieque
830 816 1012 868 dictae
1055 818 1319 868 convenit
1359 818 1444 868 Vis
1487 817 1798 887 obligandi3
1843 837 1969 887 ergo
1998 820 2165 870 etiam

289 908 673 969 conscientiae,
732 924 872 975 quae
929 924 1039 957 non
1083 914 1163 957 est
1211 907 1318 957 nisi
1375 906 1466 958 lex
1506 907 1577 959 ad
1619 907 1864 975 singulas
1920 910 2165 959 actiones

288 995 560 1047 humanas
604 995 899 1065 applicata.
958 995 1172 1047 Eadem
1216 1004 1296 1047 est
1337 997 1505 1065 igitur
1544 999 1629 1048 vis
1671 996 2000 1066 obligatoria
2043 1016 2167 1049 con-

289 1087 567 1145 scientiae.
613 1103 754 1154 quae
797 1093 878 1136 est
919 1085 1082 1153 legis3
1127 1093 1180 1137 et
1222 1088 1483 1155 quoniam
1525 1088 1704 1138 omnis
1733 1086 1998 1155 obligatio
2027 1086 2167 1157 legis
2229 1084 2233 1086 Ἴ

288 1195 319 1227 a
361 1175 644 1227 voluntate
686 1174 793 1225 Dei
849 1182 930 1226 est
988 1175 1314 1237 derivanda,
1372 1177 1713 1228 conscientia
1765 1185 1882 1228 tum
1922 1176 2168 1229 voluntas

288 1266 392 1316 Dei
431 1273 547 1316 tum
589 1284 690 1316 voss
731 1265 837 1315 Dei
876 1264 1041 1333 vulgo
1084 1283 1264 1334 neque
1306 1266 1491 1335 inepte
1532 1265 1858 1335 appellatur.

440 1353 661 1407 Quoniam
704 1358 858 1397 autem
910 1354 1031 1398 Deus
1079 1355 1367 1398 voluntatem
1419 1368 1546 1398 suam
1595 1355 1724 1398 nobis
1773 1355 2042 1399 manifestat
2091 1369 2170 1411 per

288 1430 511 1473 rationem
560 1434 764 1473 nostram
815 1435 977 1486 suapte
1024 1437 1192 1473 natura
1251 1429 1519 1485 fallibilem,
1579 1430 1809 1474 dictamen
1867 1430 2170 1475 conscientiae

291 1509 443 1559 potest
476 1518 571 1548 esse
605 1517 865 1555 erroneum‚·
899 1505 1005 1548 hinc
1037 1504 1136 1548 fieri
1160 1508 1329 1559 potest,
1361 1508 1415 1547 ut
1439 1504 1564 1559 sequi
1587 1508 1824 1548 teneamur
1846 1505 2169 1549 conscientiam

292 1580 462 1622 malum
496 1578 866 1634 praecipientem.

439 1713 568 1767 184.
612 1713 870 1767 Divisio.
955 1714 1311 1766 Conscientia
1354 1713 1735 1783 multipliciter
1779 1713 2072 1765 dividitur:

443 1819 488 1870 1.
546 1819 778 1870 Ratione
821 1826 1043 1884 actuum,
1087 1817 1159 1869 ad
1202 1836 1337 1887 quos
1379 1817 1629 1884 refertur,
1685 1819 1741 1868 in
1784 1817 2172 1870 antecedentem

290 1917 342 1959 et
390 1917 797 1977 consequentem,
857 1909 1038 1977 prouti
1093 1915 1248 1959 actus
1305 1916 1400 1959 aut
1455 1925 1584 1959 mox
1635 1907 1883 1977 ponendi
1925 1914 2022 1958 aut
2060 1907 2171 1958 iam

291 1999 451 2067 positi
482 2005 630 2064 sunt3
664 1997 757 2049 illa
785 1997 1012 2063 iudicat,
1045 1996 1179 2067 quid
1206 1996 1414 2049 bonum
1434 1996 1523 2048 vel
1547 1996 1771 2063 malum,
1802 1995 1935 2066 quid
1965 1995 2168 2047 facien-

293 2087 423 2139 dum
477 2086 565 2138 vel
619 2087 987 2138 omittendum
1043 2090 1127 2153 sit,
1197 2087 1336 2138 haec
1403 2095 1589 2138 actum
1658 2087 2018 2156 praeteritum
2078 2105 2170 2155 ap-

290 2175 488 2246 probat
527 2176 615 2228 vel
658 2184 883 2228 accusat
910 2175 998 2228 vel
1040 2178 1224 2244 etiam,
1269 2178 1314 2228 si
1356 2176 1413 2228 id
1455 2177 1570 2228 fieri
1614 2183 1807 2245 potest,
1849 2183 2094 2227 excusat.

443 2280 482 2308 a.
518 2265 744 2309 Iudicium
779 2266 1033 2322 approbans
1068 2266 1236 2309 dicitur
1267 2265 1569 2309 testimonz‘mn
1594 2265 1916 2317 conscientiae;
1950 2264 2171 2308 iudicium

293 2354 508 2384 accusans
541 2345 588 2384 et
619 2341 864 2396 reprobans
898 2354 1135 2384 remorsus
1169 2354 1246 2384 seu
1279 2340 1446 2384 vermis
1480 2339 1794 2384 conscientiae.

441 2416 477 2462 b.
513 2415 800 2459 Conscientia
845 2417 1114 2460 antecedens
1164 2421 1233 2459 est
1280 2415 1488 2471 proxima.
1534 2415 1695 2469 regula
1741 2427 1932 2468 morum,
1982 2414 2036 2457 de
2083 2427 2172 2468 qua

292 2492 387 2534 sola
418 2491 547 2534 nobis
580 2490 653 2534 hic
687 2504 830 2534 sermo
875 2495 959 2546 est,
1004 2492 1061 2534 ad
1105 2504 1239 2546 quam
1273 2489 1744 2547 proinde-divisiones
1777 2488 2025 2544 pertinent,
2058 2502 2174 2544 quae

293 2569 557 2620 sequuntur.

441 2642 490 2695 2.
535 2642 767 2692 Ratione
796 2639 1153 2711 obZi9ationis‚
1195 2659 1359 2710 quam
1387 2639 1719 2705 manifestat⁷
1751 2639 1807 2690 in
1831 2639 2170 2709 praecipien-

293 2739 404 2792 tem,
439 2731 807 2800 prohibentem
847 2738 900 2781 et
928 2731 1332 2800 permittentem.

442 2819 490 2872 3.
547 2822 778 2872 Ratione
821 2838 1064 2872 assensus
1118 2821 1173 2870 in
1217 2828 1413 2870 certam
1455 2826 1507 2869 et
1548 2817 1794 2883 dubiam,·
1840 2814 2171 2887 probabilem

293 2918 345 2959 et
384 2909 796 2979 improbabilem.

441 3005 492 3050 4.
536 2999 765 3049 Ratione
807 2998 1198 3067 conformitatis
1238 3017 1351 3048 cum
1392 2996 1586 3048 obiecto
1629 2997 1686 3046 in
1726 3013 1903 3046 veram
1944 3002 1996 3045 et
2034 3012 2168 3045 erro-

292 3106 459 3140 neam.
539 3087 786 3139 Erronea
830 3088 1212 3140 subdividitur
1254 3088 1310 3138 in
1351 3086 1539 3138 laxam
1582 3094 1634 3136 et
1674 3092 1981 3153 angustam.

443 3197 492 3228 a.
548 3176 704 3228 Lacca
746 3177 838 3229 illa
881 3178 1099 3243 dicitur,
1162 3195 1302 3246 quae
1343 3175 1550 3227 leviore
1593 3174 1660 3226 de
1703 3192 1869 3225 causa
1895 3175 2167 3224 rationem

293 3267 507 3335 peccati
547 3275 644 3317 aut
683 3276 848 3335 negat
888 3275 983 3318 aut
1025 3267 1240 3320 minuit.
1319 3265 1409 3316 Ad
1449 3264 1636 3317 laxam
1676 3263 1961 3315 reducitur
2002 3262 2167 3313 etiam

295 3357 634 3408 conscientia
674 3357 973 3408 cauteriata
1017 3357 1135 3422 (das
1164 3354 1575 3424 abgestumpfte
1605 3350 1986 3418 Gewissen)¹),
2031 3369 2172 3421 quae

453 3521 479 3572 1)
513 3521 578 3563 cf.
615 3523 654 3563 1.
690 3521 790 3563 Tim
840 3521 882 3574 4,
917 3520 955 3562 ⁶2.
