<?xml version="1.0" encoding="UTF-8"?>
<!DOCTYPE html PUBLIC "-//W3C//DTD XHTML 1.0 Transitional//EN"
    "http://www.w3.org/TR/xhtml1/DTD/xhtml1-transitional.dtd">
<html xmlns="http://www.w3.org/1999/xhtml" xml:lang="en" lang="en">
 <head>
  <title>
</title>
<meta http-equiv="Content-Type" content="text/html;charset=utf-8" />
  <meta name='ocr-system' content='tesseract 3.04.00' />
  <meta name='ocr-capabilities' content='ocr_page ocr_carea ocr_par ocr_line ocrx_word'/>
</head>
<body>
  <div class='ocr_page' id='page_1' title='image "./summatheologiaem00nold_0253.png"; bbox 0 0 2269 3898; ppageno 0'>
   <div class='ocr_carea' id='block_1_1' title="bbox 697 216 1905 270">
    <p class='ocr_par' dir='ltr' id='par_1_1' title="bbox 697 216 1905 270">
     <span class='ocr_line' id='line_1_1' title="bbox 697 216 1905 270; baseline 0 -11"><span class='ocrx_word' id='word_1_1' title='bbox 697 217 764 259; x_wconf 91' lang='lat' dir='ltr'>De</span> <span class='ocrx_word' id='word_1_2' title='bbox 797 220 1044 270; x_wconf 81' lang='lat' dir='ltr'><strong>systemate</strong></span> <span class='ocrx_word' id='word_1_3' title='bbox 1077 216 1249 259; x_wconf 88' lang='lat' dir='ltr'>morali.</span> <span class='ocrx_word' id='word_1_4' title='bbox 1819 218 1905 260; x_wconf 71' lang='lat'>&lt;243</span> 
     </span>
    </p>
   </div>
   <div class='ocr_carea' id='block_1_2' title="bbox 34 349 1915 1293">
    <p class='ocr_par' dir='ltr' id='par_1_2' title="bbox 34 349 1905 480">
     <span class='ocr_line' id='line_1_2' title="bbox 37 349 1903 403; baseline 0.001 -12"><span class='ocrx_word' id='word_1_5' title='bbox 37 349 189 403; x_wconf 84' lang='lat' dir='ltr'>magis</span> <span class='ocrx_word' id='word_1_6' title='bbox 221 349 395 392; x_wconf 88' lang='lat' dir='ltr'>accedit</span> <span class='ocrx_word' id='word_1_7' title='bbox 426 350 484 392; x_wconf 89' lang='lat' dir='ltr'>ad</span> <span class='ocrx_word' id='word_1_8' title='bbox 516 349 787 399; x_wconf 79' lang='lat' dir='ltr'>veritatem;</span> <span class='ocrx_word' id='word_1_9' title='bbox 821 349 950 402; x_wconf 88' lang='lat' dir='ltr'>atqui</span> <span class='ocrx_word' id='word_1_10' title='bbox 982 353 1190 392; x_wconf 89' lang='lat' dir='ltr'>tenemur</span> <span class='ocrx_word' id='word_1_11' title='bbox 1222 349 1436 403; x_wconf 77' lang='lat' dir='ltr'>amplecti</span> <span class='ocrx_word' id='word_1_12' title='bbox 1470 362 1655 392; x_wconf 88' lang='lat' dir='ltr'>assensu</span> <span class='ocrx_word' id='word_1_13' title='bbox 1697 354 1742 393; x_wconf 93' lang='lat' dir='ltr'>et</span> <span class='ocrx_word' id='word_1_14' title='bbox 1791 355 1903 393; x_wconf 87' lang='lat' dir='ltr'>tam-</span> 
     </span>
     <span class='ocr_line' id='line_1_3' title="bbox 34 422 1905 480; baseline 0.002 -16"><span class='ocrx_word' id='word_1_15' title='bbox 34 435 175 476; x_wconf 84' lang='lat' dir='ltr'>quam</span> <span class='ocrx_word' id='word_1_16' title='bbox 219 437 422 466; x_wconf 87' lang='lat' dir='ltr'>normam</span> <span class='ocrx_word' id='word_1_17' title='bbox 466 422 632 477; x_wconf 82' lang='lat' dir='ltr'>agendi</span> <span class='ocrx_word' id='word_1_18' title='bbox 676 422 948 476; x_wconf 80' lang='lat' dir='ltr'>opinionem,</span> <span class='ocrx_word' id='word_1_19' title='bbox 981 435 1094 476; x_wconf 90' lang='lat' dir='ltr'>quae</span> <span class='ocrx_word' id='word_1_20' title='bbox 1126 422 1274 476; x_wconf 80' lang='lat' dir='ltr'>magis</span> <span class='ocrx_word' id='word_1_21' title='bbox 1307 423 1481 465; x_wconf 89' lang='lat' dir='ltr'>accedit</span> <span class='ocrx_word' id='word_1_22' title='bbox 1512 424 1569 466; x_wconf 91' lang='lat' dir='ltr'>ad</span> <span class='ocrx_word' id='word_1_23' title='bbox 1601 424 1905 480; x_wconf 84' lang='lat' dir='ltr'>veritatem¹).</span> 
     </span>
    </p>

    <p class='ocr_par' dir='ltr' id='par_1_3' title="bbox 41 496 1915 1293">
     <span class='ocr_line' id='line_1_4' title="bbox 191 496 1906 554; baseline 0.001 -14"><span class='ocrx_word' id='word_1_24' title='bbox 191 498 227 539; x_wconf 82' lang='lat' dir='ltr'>b.</span> <span class='ocrx_word' id='word_1_25' title='bbox 261 498 332 540; x_wconf 77' lang='lat' dir='ltr'>Ad</span> <span class='ocrx_word' id='word_1_26' title='bbox 364 498 472 540; x_wconf 87' lang='lat' dir='ltr'>haec</span> <span class='ocrx_word' id='word_1_27' title='bbox 505 496 836 539; x_wconf 86' lang='lat' dir='ltr'>observandum</span> <span class='ocrx_word' id='word_1_28' title='bbox 869 501 961 538; x_wconf 90' lang='lat' dir='ltr'>est:</span> <span class='ocrx_word' id='word_1_29' title='bbox 997 510 1038 537; x_wconf 89' lang='grc' dir='ltr'>α.</span> <span class='ocrx_word' id='word_1_30' title='bbox 1073 496 1224 550; x_wconf 91' lang='lat' dir='ltr'>opinio</span> <span class='ocrx_word' id='word_1_31' title='bbox 1267 501 1386 539; x_wconf 87' lang='lat' dir='ltr'>certe</span> <span class='ocrx_word' id='word_1_32' title='bbox 1425 503 1471 539; x_wconf 88' lang='lat' dir='ltr'>et</span> <span class='ocrx_word' id='word_1_33' title='bbox 1509 498 1774 541; x_wconf 74' lang='lat' dir='ltr'>notabiliter</span> <span class='ocrx_word' id='word_1_34' title='bbox 1814 512 1906 554; x_wconf 89' lang='lat' dir='ltr'>pro-</span> 
     </span>
     <span class='ocr_line' id='line_1_5' title="bbox 43 568 1905 624; baseline 0.002 -13"><span class='ocrx_word' id='word_1_35' title='bbox 43 569 236 613; x_wconf 86' lang='lat' dir='ltr'>babilior</span> <span class='ocrx_word' id='word_1_36' title='bbox 268 570 466 624; x_wconf 86' lang='lat' dir='ltr'>practice</span> <span class='ocrx_word' id='word_1_37' title='bbox 498 569 758 623; x_wconf 81' lang='lat' dir='ltr'>aequivalet</span> <span class='ocrx_word' id='word_1_38' title='bbox 791 568 990 623; x_wconf 89' lang='lat' dir='ltr'>opinioni</span> <span class='ocrx_word' id='word_1_39' title='bbox 1025 570 1258 613; x_wconf 84' lang='lat' dir='ltr'>moraliter</span> <span class='ocrx_word' id='word_1_40' title='bbox 1291 575 1465 613; x_wconf 90' lang='lat' dir='ltr'>certae:</span> <span class='ocrx_word' id='word_1_41' title='bbox 1510 572 1677 614; x_wconf 85' lang='lat' dir='ltr'>etenim</span> <span class='ocrx_word' id='word_1_42' title='bbox 1712 573 1748 615; x_wconf 90' lang='lat' dir='ltr'>si</span> <span class='ocrx_word' id='word_1_43' title='bbox 1782 580 1905 615; x_wconf 89' lang='lat' dir='ltr'>nota-</span> 
     </span>
     <span class='ocr_line' id='line_1_6' title="bbox 43 642 1904 700; baseline 0.002 -14"><span class='ocrx_word' id='word_1_44' title='bbox 43 643 148 686; x_wconf 89' lang='lat' dir='ltr'>bilis</span> <span class='ocrx_word' id='word_1_45' title='bbox 183 646 251 686; x_wconf 88' lang='lat' dir='ltr'>est</span> <span class='ocrx_word' id='word_1_46' title='bbox 284 656 490 686; x_wconf 80' lang='lat' dir='ltr'>excessus</span> <span class='ocrx_word' id='word_1_47' title='bbox 522 642 862 698; x_wconf 83' lang='lat' dir='ltr'>probabilitatis</span> <span class='ocrx_word' id='word_1_48' title='bbox 909 642 1044 685; x_wconf 92' lang='lat' dir='ltr'>unius</span> <span class='ocrx_word' id='word_1_49' title='bbox 1093 643 1319 697; x_wconf 80' lang='lat' dir='ltr'>opinionis</span> <span class='ocrx_word' id='word_1_50' title='bbox 1352 644 1479 698; x_wconf 89' lang='lat' dir='ltr'>isque</span> <span class='ocrx_word' id='word_1_51' title='bbox 1512 651 1632 687; x_wconf 85' lang='lat' dir='ltr'>certo</span> <span class='ocrx_word' id='word_1_52' title='bbox 1681 646 1904 700; x_wconf 84' lang='lat' dir='ltr'>cognitus,</span> 
     </span>
     <span class='ocr_line' id='line_1_7' title="bbox 42 717 1905 775; baseline 0.002 -16"><span class='ocrx_word' id='word_1_53' title='bbox 42 717 195 771; x_wconf 87' lang='lat' dir='ltr'>opinio</span> <span class='ocrx_word' id='word_1_54' title='bbox 229 718 438 771; x_wconf 88' lang='lat' dir='ltr'>opposita</span> <span class='ocrx_word' id='word_1_55' title='bbox 468 731 559 760; x_wconf 90' lang='lat' dir='ltr'>non</span> <span class='ocrx_word' id='word_1_56' title='bbox 591 717 678 760; x_wconf 86' lang='lat' dir='ltr'>erit</span> <span class='ocrx_word' id='word_1_57' title='bbox 709 717 799 759; x_wconf 88' lang='lat' dir='ltr'>nisi</span> <span class='ocrx_word' id='word_1_58' title='bbox 835 717 968 760; x_wconf 91' lang='lat' dir='ltr'>dubie</span> <span class='ocrx_word' id='word_1_59' title='bbox 1010 717 1279 772; x_wconf 85' lang='lat' dir='ltr'>probabilis;</span> <span class='ocrx_word' id='word_1_60' title='bbox 1327 718 1455 772; x_wconf 90' lang='lat' dir='ltr'>atqui</span> <span class='ocrx_word' id='word_1_61' title='bbox 1498 732 1588 761; x_wconf 88' lang='lat' dir='ltr'>non</span> <span class='ocrx_word' id='word_1_62' title='bbox 1630 719 1736 762; x_wconf 89' lang='lat' dir='ltr'>licet</span> <span class='ocrx_word' id='word_1_63' title='bbox 1779 722 1905 775; x_wconf 87' lang='lat' dir='ltr'>sequi</span> 
     </span>
     <span class='ocr_line' id='line_1_8' title="bbox 44 791 1907 848; baseline 0.003 -15"><span class='ocrx_word' id='word_1_64' title='bbox 44 791 300 845; x_wconf 88' lang='lat' dir='ltr'>opinionem</span> <span class='ocrx_word' id='word_1_65' title='bbox 336 791 469 834; x_wconf 87' lang='lat' dir='ltr'>dubie</span> <span class='ocrx_word' id='word_1_66' title='bbox 502 791 795 846; x_wconf 89' lang='lat' dir='ltr'>probabilem.</span> <span class='ocrx_word' id='word_1_67' title='bbox 860 791 1023 845; x_wconf 88' lang='lat' dir='ltr'>Opinio</span> <span class='ocrx_word' id='word_1_68' title='bbox 1056 799 1210 834; x_wconf 86' lang='lat' dir='ltr'>aut-em</span> <span class='ocrx_word' id='word_1_69' title='bbox 1254 797 1373 834; x_wconf 90' lang='lat' dir='ltr'>certe</span> <span class='ocrx_word' id='word_1_70' title='bbox 1419 791 1694 846; x_wconf 85' lang='lat' dir='ltr'>probabilior</span> <span class='ocrx_word' id='word_1_71' title='bbox 1743 807 1822 848; x_wconf 88' lang='lat' dir='ltr'>per</span> <span class='ocrx_word' id='word_1_72' title='bbox 1861 809 1907 838; x_wconf 92' lang='lat' dir='ltr'>se</span> 
     </span>
     <span class='ocr_line' id='line_1_9' title="bbox 41 865 1907 920; baseline 0.002 -13"><span class='ocrx_word' id='word_1_73' title='bbox 41 878 123 918; x_wconf 87' lang='lat' dir='ltr'>nec</span> <span class='ocrx_word' id='word_1_74' title='bbox 154 865 401 908; x_wconf 80' lang='lat' dir='ltr'>theoretice</span> <span class='ocrx_word' id='word_1_75' title='bbox 433 879 513 908; x_wconf 91' lang='lat' dir='ltr'>nec</span> <span class='ocrx_word' id='word_1_76' title='bbox 546 865 744 920; x_wconf 88' lang='lat' dir='ltr'>practice</span> <span class='ocrx_word' id='word_1_77' title='bbox 777 865 1035 919; x_wconf 79' lang='lat' dir='ltr'>aequivalet</span> <span class='ocrx_word' id='word_1_78' title='bbox 1069 865 1270 920; x_wconf 90' lang='lat' dir='ltr'>opinioni</span> <span class='ocrx_word' id='word_1_79' title='bbox 1293 865 1526 908; x_wconf 88' lang='lat' dir='ltr'>moraliter</span> <span class='ocrx_word' id='word_1_80' title='bbox 1549 870 1710 920; x_wconf 81' lang='lat' dir='ltr'>certae,</span> <span class='ocrx_word' id='word_1_81' title='bbox 1745 869 1820 910; x_wconf 88' lang='lat' dir='ltr'>sed</span> <span class='ocrx_word' id='word_1_82' title='bbox 1840 874 1907 910; x_wconf 90' lang='lat' dir='ltr'>est</span> 
     </span>
     <span class='ocr_line' id='line_1_10' title="bbox 45 938 1909 994; baseline 0.001 -13"><span class='ocrx_word' id='word_1_83' title='bbox 45 938 197 993; x_wconf 89' lang='lat' dir='ltr'>opinio</span> <span class='ocrx_word' id='word_1_84' title='bbox 231 939 501 994; x_wconf 87' lang='lat' dir='ltr'>simpliciter</span> <span class='ocrx_word' id='word_1_85' title='bbox 533 940 619 982; x_wconf 88' lang='lat' dir='ltr'>etsi</span> <span class='ocrx_word' id='word_1_86' title='bbox 654 939 803 994; x_wconf 82' lang='lat' dir='ltr'>magis</span> <span class='ocrx_word' id='word_1_87' title='bbox 837 939 1097 994; x_wconf 82' lang='lat' dir='ltr'>probabilis.</span> <span class='ocrx_word' id='word_1_88' title='bbox 1164 940 1203 989; x_wconf 72' lang='grc' dir='ltr'>β.</span> <span class='ocrx_word' id='word_1_89' title='bbox 1235 940 1334 982; x_wconf 75' lang='lat' dir='ltr'>Non</span> <span class='ocrx_word' id='word_1_90' title='bbox 1367 944 1518 994; x_wconf 89' lang='lat' dir='ltr'>potest</span> <span class='ocrx_word' id='word_1_91' title='bbox 1561 940 1742 994; x_wconf 89' lang='lat' dir='ltr'>quidem</span> <span class='ocrx_word' id='word_1_92' title='bbox 1788 942 1909 983; x_wconf 82' lang='lat' dir='ltr'>affir-</span> 
     </span>
     <span class='ocr_line' id='line_1_11' title="bbox 43 1012 1911 1068; baseline 0.001 -13"><span class='ocrx_word' id='word_1_93' title='bbox 43 1012 157 1055; x_wconf 89' lang='lat' dir='ltr'>mari</span> <span class='ocrx_word' id='word_1_94' title='bbox 192 1013 447 1067; x_wconf 89' lang='lat' dir='ltr'>opinionem</span> <span class='ocrx_word' id='word_1_95' title='bbox 482 1013 830 1068; x_wconf 87' lang='lat' dir='ltr'>probabiliorem</span> <span class='ocrx_word' id='word_1_96' title='bbox 864 1013 1012 1068; x_wconf 82' lang='lat' dir='ltr'>magis</span> <span class='ocrx_word' id='word_1_97' title='bbox 1045 1014 1253 1056; x_wconf 79' lang='lat' dir='ltr'>accedere</span> <span class='ocrx_word' id='word_1_98' title='bbox 1284 1013 1342 1055; x_wconf 89' lang='lat' dir='ltr'>ad</span> <span class='ocrx_word' id='word_1_99' title='bbox 1364 1014 1625 1061; x_wconf 83' lang='lat' dir='ltr'>veritatem,</span> <span class='ocrx_word' id='word_1_100' title='bbox 1657 1015 1733 1057; x_wconf 89' lang='lat' dir='ltr'>sed</span> <span class='ocrx_word' id='word_1_101' title='bbox 1756 1018 1911 1058; x_wconf 88' lang='lat' dir='ltr'>tamen</span> 
     </span>
     <span class='ocr_line' id='line_1_12' title="bbox 43 1087 1909 1142; baseline 0.002 -13"><span class='ocrx_word' id='word_1_102' title='bbox 43 1087 196 1141; x_wconf 90' lang='lat' dir='ltr'>opinio</span> <span class='ocrx_word' id='word_1_103' title='bbox 229 1087 505 1142; x_wconf 87' lang='lat' dir='ltr'>probabilior</span> <span class='ocrx_word' id='word_1_104' title='bbox 546 1088 761 1131; x_wconf 87' lang='lat' dir='ltr'>maiorem</span> <span class='ocrx_word' id='word_1_105' title='bbox 811 1088 1003 1142; x_wconf 88' lang='lat' dir='ltr'>speciem</span> <span class='ocrx_word' id='word_1_106' title='bbox 1053 1092 1098 1130; x_wconf 91' lang='lat' dir='ltr'>et</span> <span class='ocrx_word' id='word_1_107' title='bbox 1146 1087 1462 1142; x_wconf 85' lang='lat' dir='ltr'>apparent-iam</span> <span class='ocrx_word' id='word_1_108' title='bbox 1512 1088 1724 1132; x_wconf 84' lang='lat' dir='ltr'>verit-atis</span> <span class='ocrx_word' id='word_1_109' title='bbox 1771 1089 1909 1133; x_wconf 86' lang='lat' dir='ltr'>habet</span> 
     </span>
     <span class='ocr_line' id='line_1_13' title="bbox 45 1161 1911 1216; baseline 0.002 -13"><span class='ocrx_word' id='word_1_110' title='bbox 45 1174 177 1214; x_wconf 85' lang='lat' dir='ltr'>quam</span> <span class='ocrx_word' id='word_1_111' title='bbox 212 1161 439 1216; x_wconf 86' lang='lat' dir='ltr'>opposita:</span> <span class='ocrx_word' id='word_1_112' title='bbox 488 1161 589 1204; x_wconf 90' lang='lat' dir='ltr'>ideo</span> <span class='ocrx_word' id='word_1_113' title='bbox 623 1161 803 1205; x_wconf 86' lang='lat' dir='ltr'>concedi</span> <span class='ocrx_word' id='word_1_114' title='bbox 837 1166 991 1216; x_wconf 89' lang='lat' dir='ltr'>potest</span> <span class='ocrx_word' id='word_1_115' title='bbox 1024 1162 1171 1216; x_wconf 89' lang='lat' dir='ltr'>quoad</span> <span class='ocrx_word' id='word_1_116' title='bbox 1204 1161 1367 1203; x_wconf 76' lang='lat' dir='ltr'>mentis</span> <span class='ocrx_word' id='word_1_117' title='bbox 1414 1175 1650 1204; x_wconf 76' lang='lat' dir='ltr'>assensum</span> <span class='ocrx_word' id='word_1_118' title='bbox 1685 1175 1781 1205; x_wconf 89' lang='lat' dir='ltr'>eam</span> <span class='ocrx_word' id='word_1_119' title='bbox 1816 1176 1911 1207; x_wconf 89' lang='lat' dir='ltr'>esse</span> 
     </span>
     <span class='ocr_line' id='line_1_14' title="bbox 44 1235 1915 1293; baseline 0.002 -16"><span class='ocrx_word' id='word_1_120' title='bbox 44 1236 409 1289; x_wconf 75' lang='lat' dir='ltr'>praeferendam3</span> <span class='ocrx_word' id='word_1_121' title='bbox 445 1240 494 1278; x_wconf 89' lang='lat' dir='ltr'>at</span> <span class='ocrx_word' id='word_1_122' title='bbox 526 1249 630 1278; x_wconf 81' lang='lat' dir='ltr'>vero</span> <span class='ocrx_word' id='word_1_123' title='bbox 663 1237 924 1291; x_wconf 84' lang='lat' dir='ltr'>negandum</span> <span class='ocrx_word' id='word_1_124' title='bbox 958 1240 1027 1278; x_wconf 89' lang='lat' dir='ltr'>est</span> <span class='ocrx_word' id='word_1_125' title='bbox 1060 1249 1156 1278; x_wconf 90' lang='lat' dir='ltr'>eam</span> <span class='ocrx_word' id='word_1_126' title='bbox 1194 1235 1470 1279; x_wconf 87' lang='lat' dir='ltr'>constituere</span> <span class='ocrx_word' id='word_1_127' title='bbox 1507 1249 1711 1279; x_wconf 75' lang='lat' dir='ltr'>normam</span> <span class='ocrx_word' id='word_1_128' title='bbox 1748 1238 1915 1293; x_wconf 69' lang='lat' dir='ltr'>aqendi</span> 
     </span>
    </p>
   </div>
   <div class='ocr_carea' id='block_1_3' title="bbox 43 1310 1911 1427">
    <p class='ocr_par' dir='ltr' id='par_1_4' title="bbox 43 1310 1911 1427">
     <span class='ocr_line' id='line_1_15' title="bbox 43 1310 1911 1365; baseline 0.002 -13"><span class='ocrx_word' id='word_1_129' title='bbox 43 1310 295 1352; x_wconf 89' lang='lat' dir='ltr'>necessario</span> <span class='ocrx_word' id='word_1_130' title='bbox 329 1311 623 1365; x_wconf 89' lang='lat' dir='ltr'>sequendam:</span> <span class='ocrx_word' id='word_1_131' title='bbox 658 1324 749 1353; x_wconf 93' lang='lat' dir='ltr'>non</span> <span class='ocrx_word' id='word_1_132' title='bbox 781 1310 901 1353; x_wconf 90' lang='lat' dir='ltr'>enim</span> <span class='ocrx_word' id='word_1_133' title='bbox 934 1314 1143 1353; x_wconf 88' lang='lat' dir='ltr'>tenemur</span> <span class='ocrx_word' id='word_1_134' title='bbox 1175 1323 1352 1352; x_wconf 78' lang='lat' dir='ltr'>servare</span> <span class='ocrx_word' id='word_1_135' title='bbox 1384 1310 1547 1365; x_wconf 80' lang='lat' dir='ltr'>legem,</span> <span class='ocrx_word' id='word_1_136' title='bbox 1591 1311 1679 1353; x_wconf 91' lang='lat' dir='ltr'>nisi</span> <span class='ocrx_word' id='word_1_137' title='bbox 1715 1312 1768 1354; x_wconf 90' lang='lat' dir='ltr'>de</span> <span class='ocrx_word' id='word_1_138' title='bbox 1815 1312 1911 1355; x_wconf 89' lang='lat' dir='ltr'>eius</span> 
     </span>
     <span class='ocr_line' id='line_1_16' title="bbox 43 1383 664 1427; baseline 0.002 -1"><span class='ocrx_word' id='word_1_139' title='bbox 43 1383 292 1427; x_wconf 79' lang='lat' dir='ltr'>existentia</span> <span class='ocrx_word' id='word_1_140' title='bbox 323 1387 443 1427; x_wconf 78' lang='lat' dir='ltr'>certo</span> <span class='ocrx_word' id='word_1_141' title='bbox 475 1388 664 1427; x_wconf 88' lang='lat' dir='ltr'>constet.</span> 
     </span>
    </p>
   </div>
   <div class='ocr_carea' id='block_1_4' title="bbox 47 1473 1915 1720">
    <p class='ocr_par' dir='ltr' id='par_1_5' title="bbox 47 1473 1915 1720">
     <span class='ocr_line' id='line_1_17' title="bbox 196 1473 1913 1541; baseline 0.001 -18"><span class='ocrx_word' id='word_1_142' title='bbox 196 1474 244 1525; x_wconf 76' lang='lat'>2.</span> <span class='ocrx_word' id='word_1_143' title='bbox 302 1473 390 1524; x_wconf 85' lang='lat' dir='ltr'>Ad</span> <span class='ocrx_word' id='word_1_144' title='bbox 443 1473 591 1524; x_wconf 83' lang='lat' dir='ltr'>licite</span> <span class='ocrx_word' id='word_1_145' title='bbox 645 1473 987 1541; x_wconf 89' lang='lat' dir='ltr'>operandum</span> <span class='ocrx_word' id='word_1_146' title='bbox 1042 1474 1340 1541; x_wconf 89' lang='lat' dir='ltr'>requiritur</span> <span class='ocrx_word' id='word_1_147' title='bbox 1381 1473 1648 1524; x_wconf 84' lang='lat' dir='ltr'>certitudo</span> <span class='ocrx_word' id='word_1_148' title='bbox 1692 1474 1913 1525; x_wconf 82' lang='lat' dir='ltr'>moralis</span> 
     </span>
     <span class='ocr_line' id='line_1_18' title="bbox 49 1561 1914 1631; baseline 0.001 -18"><span class='ocrx_word' id='word_1_149' title='bbox 49 1562 117 1613; x_wconf 87' lang='lat' dir='ltr'>de</span> <span class='ocrx_word' id='word_1_150' title='bbox 141 1562 429 1613; x_wconf 87' lang='lat' dir='ltr'>honestate</span> <span class='ocrx_word' id='word_1_151' title='bbox 458 1563 718 1627; x_wconf 82' lang='lat' dir='ltr'>actionis3</span> <span class='ocrx_word' id='word_1_152' title='bbox 762 1563 914 1630; x_wconf 87' lang='lat' dir='ltr'>atqui</span> <span class='ocrx_word' id='word_1_153' title='bbox 941 1561 1065 1612; x_wconf 89' lang='lat' dir='ltr'>talis</span> <span class='ocrx_word' id='word_1_154' title='bbox 1094 1563 1366 1613; x_wconf 86' lang='lat' dir='ltr'>certitudo</span> <span class='ocrx_word' id='word_1_155' title='bbox 1397 1563 1589 1631; x_wconf 89' lang='lat' dir='ltr'>nequit</span> <span class='ocrx_word' id='word_1_156' title='bbox 1618 1561 1827 1628; x_wconf 82' lang='lat' dir='ltr'>haberi,</span> <span class='ocrx_word' id='word_1_157' title='bbox 1871 1566 1914 1614; x_wconf 88' lang='lat' dir='ltr'>si</span> 
     </span>
     <span class='ocr_line' id='line_1_19' title="bbox 47 1649 1915 1720; baseline -0.001 -17"><span class='ocrx_word' id='word_1_158' title='bbox 47 1653 234 1720; x_wconf 88' lang='lat' dir='ltr'>opinio</span> <span class='ocrx_word' id='word_1_159' title='bbox 264 1670 359 1720; x_wconf 91' lang='lat' dir='ltr'>pro</span> <span class='ocrx_word' id='word_1_160' title='bbox 389 1651 644 1703; x_wconf 88' lang='lat' dir='ltr'>libertate</span> <span class='ocrx_word' id='word_1_161' title='bbox 671 1659 753 1702; x_wconf 93' lang='lat' dir='ltr'>est</span> <span class='ocrx_word' id='word_1_162' title='bbox 778 1660 924 1701; x_wconf 91' lang='lat' dir='ltr'>certe</span> <span class='ocrx_word' id='word_1_163' title='bbox 952 1652 1135 1701; x_wconf 91' lang='lat' dir='ltr'>minus</span> <span class='ocrx_word' id='word_1_164' title='bbox 1177 1649 1510 1718; x_wconf 85' lang='lat' dir='ltr'>probabilis:</span> <span class='ocrx_word' id='word_1_165' title='bbox 1554 1652 1737 1719; x_wconf 88' lang='lat' dir='ltr'>opinio</span> <span class='ocrx_word' id='word_1_166' title='bbox 1768 1654 1915 1702; x_wconf 85' lang='lat' dir='ltr'>enim</span> 
     </span>
    </p>
   </div>
   <div class='ocr_carea' id='block_1_5' title="bbox 45 1740 1922 2552">
    <p class='ocr_par' dir='ltr' id='par_1_6' title="bbox 45 1740 1830 1809">
     <span class='ocr_line' id='line_1_20' title="bbox 45 1740 1830 1809; baseline 0.001 -18"><span class='ocrx_word' id='word_1_167' title='bbox 45 1750 194 1792; x_wconf 63' lang='lat' dir='ltr'>⁴certe</span> <span class='ocrx_word' id='word_1_168' title='bbox 236 1742 417 1791; x_wconf 87' lang='lat' dir='ltr'>minus</span> <span class='ocrx_word' id='word_1_169' title='bbox 458 1740 762 1809; x_wconf 89' lang='lat' dir='ltr'>probabilis</span> <span class='ocrx_word' id='word_1_170' title='bbox 803 1758 913 1791; x_wconf 85' lang='lat' dir='ltr'>non</span> <span class='ocrx_word' id='word_1_171' title='bbox 949 1748 1028 1791; x_wconf 93' lang='lat' dir='ltr'>est</span> <span class='ocrx_word' id='word_1_172' title='bbox 1063 1758 1191 1790; x_wconf 81' lang='lat' dir='ltr'>vere</span> <span class='ocrx_word' id='word_1_173' title='bbox 1235 1749 1286 1790; x_wconf 89' lang='lat' dir='ltr'>et</span> <span class='ocrx_word' id='word_1_174' title='bbox 1328 1748 1472 1790; x_wconf 88' lang='lat' dir='ltr'>certe</span> <span class='ocrx_word' id='word_1_175' title='bbox 1513 1740 1830 1808; x_wconf 79' lang='lat' dir='ltr'>probabilis,</span> 
     </span>
    </p>

    <p class='ocr_par' dir='ltr' id='par_1_7' title="bbox 49 1829 1922 2552">
     <span class='ocr_line' id='line_1_21' title="bbox 197 1829 1916 1884; baseline 0.001 -13"><span class='ocrx_word' id='word_1_176' title='bbox 197 1829 269 1871; x_wconf 77' lang='lat' dir='ltr'>Ad</span> <span class='ocrx_word' id='word_1_177' title='bbox 301 1829 417 1872; x_wconf 89' lang='lat' dir='ltr'>hanc</span> <span class='ocrx_word' id='word_1_178' title='bbox 448 1830 823 1872; x_wconf 76' lang='lat' dir='ltr'>affirmationem:</span> <span class='ocrx_word' id='word_1_179' title='bbox 860 1829 1006 1884; x_wconf 74' lang='lat' dir='ltr'>opinio</span> <span class='ocrx_word' id='word_1_180' title='bbox 1040 1831 1161 1872; x_wconf 77' lang='lat' dir='ltr'>certe</span> <span class='ocrx_word' id='word_1_181' title='bbox 1192 1829 1342 1871; x_wconf 73' lang='lat' dir='ltr'>minus</span> <span class='ocrx_word' id='word_1_182' title='bbox 1362 1829 1620 1883; x_wconf 72' lang='lat' dir='ltr'>probabilis</span> <span class='ocrx_word' id='word_1_183' title='bbox 1641 1830 1796 1884; x_wconf 75' lang='lat' dir='ltr'>nequit</span> <span class='ocrx_word' id='word_1_184' title='bbox 1817 1844 1916 1873; x_wconf 74' lang='lat' dir='ltr'>esse</span> 
     </span>
     <span class='ocr_line' id='line_1_22' title="bbox 50 1900 1914 1959; baseline 0.001 -15"><span class='ocrx_word' id='word_1_185' title='bbox 50 1916 154 1945; x_wconf 62' lang='lat' dir='ltr'>vere</span> <span class='ocrx_word' id='word_1_186' title='bbox 175 1903 432 1958; x_wconf 74' lang='lat' dir='ltr'>probabilis</span> <span class='ocrx_word' id='word_1_187' title='bbox 470 1904 540 1946; x_wconf 88' lang='lat' dir='ltr'>ita</span> <span class='ocrx_word' id='word_1_188' title='bbox 571 1903 934 1959; x_wconf 89' lang='lat' dir='ltr'>respondendum</span> <span class='ocrx_word' id='word_1_189' title='bbox 969 1908 1060 1947; x_wconf 87' lang='lat' dir='ltr'>est:</span> <span class='ocrx_word' id='word_1_190' title='bbox 1093 1916 1184 1945; x_wconf 92' lang='lat' dir='ltr'>non</span> <span class='ocrx_word' id='word_1_191' title='bbox 1216 1902 1324 1945; x_wconf 85' lang='lat' dir='ltr'>licet</span> <span class='ocrx_word' id='word_1_192' title='bbox 1347 1900 1768 1959; x_wconf 44' lang='lat' dir='ltr'>sequi&#39;ssopinionem,</span> <span class='ocrx_word' id='word_1_193' title='bbox 1802 1917 1914 1957; x_wconf 89' lang='lat' dir='ltr'>quae</span> 
     </span>
     <span class='ocr_line' id='line_1_23' title="bbox 50 1976 1915 2031; baseline 0.001 -12"><span class='ocrx_word' id='word_1_194' title='bbox 50 1990 141 2019; x_wconf 89' lang='lat' dir='ltr'>non</span> <span class='ocrx_word' id='word_1_195' title='bbox 173 1976 235 2019; x_wconf 85' lang='lat' dir='ltr'>sit</span> <span class='ocrx_word' id='word_1_196' title='bbox 267 1990 370 2020; x_wconf 86' lang='lat' dir='ltr'>vere</span> <span class='ocrx_word' id='word_1_197' title='bbox 403 1982 447 2020; x_wconf 89' lang='lat' dir='ltr'>et</span> <span class='ocrx_word' id='word_1_198' title='bbox 481 1983 601 2020; x_wconf 88' lang='lat' dir='ltr'>certe</span> <span class='ocrx_word' id='word_1_199' title='bbox 633 1977 900 2031; x_wconf 82' lang='lat' dir='ltr'>probabilis;</span> <span class='ocrx_word' id='word_1_200' title='bbox 950 1976 994 2018; x_wconf 78' lang='lat' dir='ltr'>si</span> <span class='ocrx_word' id='word_1_201' title='bbox 1039 1989 1145 2031; x_wconf 84' lang='lat' dir='ltr'>ergo</span> <span class='ocrx_word' id='word_1_202' title='bbox 1195 1976 1362 2031; x_wconf 91' lang='lat' dir='ltr'>opinio,</span> <span class='ocrx_word' id='word_1_203' title='bbox 1411 1976 1537 2019; x_wconf 75' lang='lat' dir='ltr'>cilius</span> <span class='ocrx_word' id='word_1_204' title='bbox 1588 1976 1798 2031; x_wconf 89' lang='lat' dir='ltr'>opposita</span> <span class='ocrx_word' id='word_1_205' title='bbox 1845 1986 1915 2020; x_wconf 86' lang='lat' dir='ltr'>est</span> 
     </span>
     <span class='ocr_line' id='line_1_24' title="bbox 52 2050 1918 2106; baseline 0.001 -14"><span class='ocrx_word' id='word_1_206' title='bbox 52 2053 172 2092; x_wconf 90' lang='lat' dir='ltr'>certe</span> <span class='ocrx_word' id='word_1_207' title='bbox 204 2050 495 2106; x_wconf 88' lang='lat' dir='ltr'>probabilior,</span> <span class='ocrx_word' id='word_1_208' title='bbox 526 2065 616 2094; x_wconf 91' lang='lat' dir='ltr'>non</span> <span class='ocrx_word' id='word_1_209' title='bbox 649 2056 720 2094; x_wconf 90' lang='lat' dir='ltr'>est</span> <span class='ocrx_word' id='word_1_210' title='bbox 753 2051 951 2106; x_wconf 90' lang='lat' dir='ltr'>amplius</span> <span class='ocrx_word' id='word_1_211' title='bbox 985 2063 1089 2093; x_wconf 84' lang='lat' dir='ltr'>vere</span> <span class='ocrx_word' id='word_1_212' title='bbox 1121 2055 1167 2093; x_wconf 91' lang='lat' dir='ltr'>et</span> <span class='ocrx_word' id='word_1_213' title='bbox 1216 2055 1335 2093; x_wconf 87' lang='lat' dir='ltr'>certe</span> <span class='ocrx_word' id='word_1_214' title='bbox 1378 2050 1639 2105; x_wconf 89' lang='lat' dir='ltr'>probabilis,</span> <span class='ocrx_word' id='word_1_215' title='bbox 1681 2064 1771 2093; x_wconf 93' lang='lat' dir='ltr'>non</span> <span class='ocrx_word' id='word_1_216' title='bbox 1809 2051 1918 2094; x_wconf 85' lang='lat' dir='ltr'>licet</span> 
     </span>
     <span class='ocr_line' id='line_1_25' title="bbox 52 2124 1918 2180; baseline 0.001 -15"><span class='ocrx_word' id='word_1_217' title='bbox 52 2136 150 2166; x_wconf 90' lang='lat' dir='ltr'>eam</span> <span class='ocrx_word' id='word_1_218' title='bbox 185 2124 332 2178; x_wconf 89' lang='lat' dir='ltr'>sequi;</span> <span class='ocrx_word' id='word_1_219' title='bbox 368 2139 470 2167; x_wconf 79' lang='lat' dir='ltr'>num</span> <span class='ocrx_word' id='word_1_220' title='bbox 505 2130 658 2168; x_wconf 87' lang='lat' dir='ltr'>autem</span> <span class='ocrx_word' id='word_1_221' title='bbox 693 2125 860 2180; x_wconf 88' lang='lat' dir='ltr'>opinio,</span> <span class='ocrx_word' id='word_1_222' title='bbox 894 2125 1021 2167; x_wconf 88' lang='lat' dir='ltr'>cuius</span> <span class='ocrx_word' id='word_1_223' title='bbox 1055 2124 1265 2180; x_wconf 87' lang='lat' dir='ltr'>opposita</span> <span class='ocrx_word' id='word_1_224' title='bbox 1296 2128 1365 2168; x_wconf 90' lang='lat' dir='ltr'>est</span> <span class='ocrx_word' id='word_1_225' title='bbox 1384 2129 1503 2167; x_wconf 88' lang='lat' dir='ltr'>certe</span> <span class='ocrx_word' id='word_1_226' title='bbox 1524 2124 1811 2179; x_wconf 76' lang='lat' dir='ltr'>probabilior,</span> <span class='ocrx_word' id='word_1_227' title='bbox 1844 2126 1918 2167; x_wconf 90' lang='lat' dir='ltr'>ad-</span> 
     </span>
     <span class='ocr_line' id='line_1_26' title="bbox 54 2198 1919 2254; baseline 0.001 -15"><span class='ocrx_word' id='word_1_228' title='bbox 54 2199 140 2240; x_wconf 88' lang='lat' dir='ltr'>huc</span> <span class='ocrx_word' id='word_1_229' title='bbox 173 2198 319 2252; x_wconf 90' lang='lat' dir='ltr'>possit</span> <span class='ocrx_word' id='word_1_230' title='bbox 352 2212 447 2242; x_wconf 87' lang='lat' dir='ltr'>esse</span> <span class='ocrx_word' id='word_1_231' title='bbox 478 2212 582 2242; x_wconf 80' lang='lat' dir='ltr'>vere</span> <span class='ocrx_word' id='word_1_232' title='bbox 615 2207 661 2242; x_wconf 92' lang='lat' dir='ltr'>et</span> <span class='ocrx_word' id='word_1_233' title='bbox 695 2203 814 2243; x_wconf 89' lang='lat' dir='ltr'>certe</span> <span class='ocrx_word' id='word_1_234' title='bbox 846 2199 1107 2254; x_wconf 86' lang='lat' dir='ltr'>probabilis,</span> <span class='ocrx_word' id='word_1_235' title='bbox 1139 2213 1228 2242; x_wconf 91' lang='lat' dir='ltr'>non</span> <span class='ocrx_word' id='word_1_236' title='bbox 1261 2203 1331 2242; x_wconf 89' lang='lat' dir='ltr'>est</span> <span class='ocrx_word' id='word_1_237' title='bbox 1363 2198 1568 2253; x_wconf 84' lang='lat' dir='ltr'>quaestio</span> <span class='ocrx_word' id='word_1_238' title='bbox 1600 2198 1799 2254; x_wconf 90' lang='lat' dir='ltr'>moralis,</span> <span class='ocrx_word' id='word_1_239' title='bbox 1841 2200 1919 2242; x_wconf 91' lang='lat' dir='ltr'>sed</span> 
     </span>
     <span class='ocr_line' id='line_1_27' title="bbox 54 2272 1920 2328; baseline 0.002 -14"><span class='ocrx_word' id='word_1_240' title='bbox 54 2272 261 2325; x_wconf 88' lang='lat' dir='ltr'>quaestio</span> <span class='ocrx_word' id='word_1_241' title='bbox 292 2273 464 2328; x_wconf 81' lang='lat' dir='ltr'>logica;</span> <span class='ocrx_word' id='word_1_242' title='bbox 498 2273 635 2328; x_wconf 80' lang='lat' dir='ltr'>logici</span> <span class='ocrx_word' id='word_1_243' title='bbox 668 2278 822 2317; x_wconf 87' lang='lat' dir='ltr'>autem</span> <span class='ocrx_word' id='word_1_244' title='bbox 857 2273 1020 2316; x_wconf 87' lang='lat' dir='ltr'>docent</span> <span class='ocrx_word' id='word_1_245' title='bbox 1053 2273 1308 2327; x_wconf 89' lang='lat' dir='ltr'>opinionem</span> <span class='ocrx_word' id='word_1_246' title='bbox 1357 2285 1486 2328; x_wconf 90' lang='lat' dir='ltr'>posse</span> <span class='ocrx_word' id='word_1_247' title='bbox 1533 2286 1627 2316; x_wconf 87' lang='lat' dir='ltr'>esse</span> <span class='ocrx_word' id='word_1_248' title='bbox 1675 2286 1778 2316; x_wconf 87' lang='lat' dir='ltr'>vere</span> <span class='ocrx_word' id='word_1_249' title='bbox 1825 2288 1920 2328; x_wconf 91' lang='lat' dir='ltr'>pro·</span> 
     </span>
     <span class='ocr_line' id='line_1_28' title="bbox 53 2345 1922 2402; baseline 0.001 -14"><span class='ocrx_word' id='word_1_250' title='bbox 53 2345 264 2401; x_wconf 83' lang='lat' dir='ltr'>habilem,</span> <span class='ocrx_word' id='word_1_251' title='bbox 297 2347 424 2390; x_wconf 88' lang='lat' dir='ltr'>cuius</span> <span class='ocrx_word' id='word_1_252' title='bbox 469 2347 680 2402; x_wconf 89' lang='lat' dir='ltr'>opposita</span> <span class='ocrx_word' id='word_1_253' title='bbox 725 2361 817 2391; x_wconf 91' lang='lat' dir='ltr'>non</span> <span class='ocrx_word' id='word_1_254' title='bbox 864 2352 935 2390; x_wconf 89' lang='lat' dir='ltr'>est</span> <span class='ocrx_word' id='word_1_255' title='bbox 982 2347 1217 2390; x_wconf 90' lang='lat' dir='ltr'>moraliter</span> <span class='ocrx_word' id='word_1_256' title='bbox 1249 2352 1384 2392; x_wconf 86' lang='lat' dir='ltr'>certa.</span> <span class='ocrx_word' id='word_1_257' title='bbox 1450 2346 1617 2400; x_wconf 77' lang='lat' dir='ltr'>Quodsi</span> <span class='ocrx_word' id='word_1_258' title='bbox 1650 2348 1922 2390; x_wconf 89' lang='lat' dir='ltr'>concedatur</span> 
     </span>
     <span class='ocr_line' id='line_1_29' title="bbox 54 2420 1920 2476; baseline 0 -13"><span class='ocrx_word' id='word_1_259' title='bbox 54 2420 311 2476; x_wconf 79' lang='lat' dir='ltr'>opinionem</span> <span class='ocrx_word' id='word_1_260' title='bbox 345 2422 495 2465; x_wconf 90' lang='lat' dir='ltr'>minus</span> <span class='ocrx_word' id='word_1_261' title='bbox 528 2421 805 2476; x_wconf 85' lang='lat' dir='ltr'>probabilem</span> <span class='ocrx_word' id='word_1_262' title='bbox 840 2435 934 2464; x_wconf 88' lang='lat' dir='ltr'>esse</span> <span class='ocrx_word' id='word_1_263' title='bbox 976 2429 1080 2464; x_wconf 83' lang='lat' dir='ltr'>vere</span> <span class='ocrx_word' id='word_1_264' title='bbox 1122 2421 1416 2476; x_wconf 88' lang='lat' dir='ltr'>probabilem,</span> <span class='ocrx_word' id='word_1_265' title='bbox 1461 2434 1514 2464; x_wconf 80' lang='lat' dir='ltr'>ex</span> <span class='ocrx_word' id='word_1_266' title='bbox 1556 2420 1802 2476; x_wconf 89' lang='lat' dir='ltr'>principio:</span> <span class='ocrx_word' id='word_1_267' title='bbox 1844 2422 1920 2464; x_wconf 75' lang='lat' dir='ltr'>lex</span> 
     </span>
     <span class='ocr_line' id='line_1_30' title="bbox 49 2495 970 2552; baseline 0.003 -15"><span class='ocrx_word' id='word_1_268' title='bbox 49 2495 190 2538; x_wconf 79' lang='lat' dir='ltr'>dubia</span> <span class='ocrx_word' id='word_1_269' title='bbox 223 2509 309 2538; x_wconf 81' lang='lat' dir='ltr'>non</span> <span class='ocrx_word' id='word_1_270' title='bbox 344 2497 525 2552; x_wconf 68' lang='lat' dir='ltr'>obliyat,</span> <span class='ocrx_word' id='word_1_271' title='bbox 557 2510 658 2540; x_wconf 89' lang='lat' dir='ltr'>eam</span> <span class='ocrx_word' id='word_1_272' title='bbox 692 2496 817 2550; x_wconf 87' lang='lat' dir='ltr'>sequi</span> <span class='ocrx_word' id='word_1_273' title='bbox 849 2495 970 2541; x_wconf 89' lang='lat' dir='ltr'>licet.</span> 
     </span>
    </p>
   </div>
   <div class='ocr_carea' id='block_1_6' title="bbox 57 2582 1924 3011">
    <p class='ocr_par' dir='ltr' id='par_1_8' title="bbox 57 2582 1924 3011">
     <span class='ocr_line' id='line_1_31' title="bbox 206 2582 1921 2653; baseline -0.001 -17"><span class='ocrx_word' id='word_1_274' title='bbox 206 2586 255 2637; x_wconf 80' lang='lat'>3.</span> <span class='ocrx_word' id='word_1_275' title='bbox 298 2586 419 2636; x_wconf 83' lang='lat' dir='ltr'>Lex</span> <span class='ocrx_word' id='word_1_276' title='bbox 446 2604 556 2636; x_wconf 90' lang='lat' dir='ltr'>non</span> <span class='ocrx_word' id='word_1_277' title='bbox 586 2585 810 2653; x_wconf 78' lang='lat' dir='ltr'>obligat,</span> <span class='ocrx_word' id='word_1_278' title='bbox 841 2587 885 2635; x_wconf 86' lang='lat' dir='ltr'>si</span> <span class='ocrx_word' id='word_1_279' title='bbox 916 2593 995 2635; x_wconf 87' lang='lat' dir='ltr'>est</span> <span class='ocrx_word' id='word_1_280' title='bbox 1023 2602 1152 2634; x_wconf 83' lang='lat' dir='ltr'>vere</span> <span class='ocrx_word' id='word_1_281' title='bbox 1180 2582 1382 2648; x_wconf 84' lang='lat' dir='ltr'>dubia3</span> <span class='ocrx_word' id='word_1_282' title='bbox 1413 2584 1563 2652; x_wconf 89' lang='lat' dir='ltr'>atqui</span> <span class='ocrx_word' id='word_1_283' title='bbox 1594 2601 1721 2634; x_wconf 86' lang='lat' dir='ltr'>vere</span> <span class='ocrx_word' id='word_1_284' title='bbox 1752 2583 1921 2634; x_wconf 90' lang='lat' dir='ltr'>dubia</span> 
     </span>
     <span class='ocr_line' id='line_1_32' title="bbox 57 2672 1921 2741; baseline 0 -17"><span class='ocrx_word' id='word_1_285' title='bbox 57 2682 175 2724; x_wconf 89' lang='lat' dir='ltr'>tum</span> <span class='ocrx_word' id='word_1_286' title='bbox 217 2673 391 2724; x_wconf 89' lang='lat' dir='ltr'>solum</span> <span class='ocrx_word' id='word_1_287' title='bbox 434 2683 529 2741; x_wconf 79' lang='lat' dir='ltr'>est,</span> <span class='ocrx_word' id='word_1_288' title='bbox 590 2677 633 2726; x_wconf 90' lang='lat' dir='ltr'>si</span> <span class='ocrx_word' id='word_1_289' title='bbox 676 2676 822 2726; x_wconf 86' lang='lat' dir='ltr'>circa</span> <span class='ocrx_word' id='word_1_290' title='bbox 864 2693 984 2725; x_wconf 89' lang='lat' dir='ltr'>eam</span> <span class='ocrx_word' id='word_1_291' title='bbox 1025 2673 1262 2725; x_wconf 85' lang='lat' dir='ltr'>habetur</span> <span class='ocrx_word' id='word_1_292' title='bbox 1303 2672 1532 2724; x_wconf 87' lang='lat' dir='ltr'>dubium</span> <span class='ocrx_word' id='word_1_293' title='bbox 1576 2674 1842 2740; x_wconf 76' lang='lat' dir='ltr'>strictum,</span> <span class='ocrx_word' id='word_1_294' title='bbox 1886 2674 1921 2724; x_wconf 92' lang='lat' dir='ltr'>i.</span> 
     </span>
     <span class='ocr_line' id='line_1_33' title="bbox 60 2763 1924 2832; baseline -0.001 -19"><span class='ocrx_word' id='word_1_295' title='bbox 60 2781 106 2813; x_wconf 89' lang='lat' dir='ltr'>e.</span> <span class='ocrx_word' id='word_1_296' title='bbox 149 2765 191 2813; x_wconf 87' lang='lat' dir='ltr'>si</span> <span class='ocrx_word' id='word_1_297' title='bbox 235 2781 389 2814; x_wconf 88' lang='lat' dir='ltr'>mens</span> <span class='ocrx_word' id='word_1_298' title='bbox 418 2764 704 2832; x_wconf 88' lang='lat' dir='ltr'>suspendit</span> <span class='ocrx_word' id='word_1_299' title='bbox 730 2782 1014 2815; x_wconf 88' lang='lat' dir='ltr'>assensum</span> <span class='ocrx_word' id='word_1_300' title='bbox 1056 2772 1278 2832; x_wconf 86' lang='lat' dir='ltr'>propter</span> <span class='ocrx_word' id='word_1_301' title='bbox 1302 2763 1540 2813; x_wconf 90' lang='lat' dir='ltr'>rationes</span> <span class='ocrx_word' id='word_1_302' title='bbox 1581 2781 1650 2812; x_wconf 82' lang='lat' dir='ltr'>ex</span> <span class='ocrx_word' id='word_1_303' title='bbox 1693 2770 1924 2831; x_wconf 86' lang='lat' dir='ltr'>utraque</span> 
     </span>
     <span class='ocr_line' id='line_1_34' title="bbox 60 2851 1924 2920; baseline 0 -19"><span class='ocrx_word' id='word_1_304' title='bbox 60 2860 214 2919; x_wconf 86' lang='lat' dir='ltr'>parte</span> <span class='ocrx_word' id='word_1_305' title='bbox 255 2851 539 2920; x_wconf 82' lang='lat' dir='ltr'>aequales3</span> <span class='ocrx_word' id='word_1_306' title='bbox 596 2870 722 2920; x_wconf 81' lang='lat' dir='ltr'>ergo</span> <span class='ocrx_word' id='word_1_307' title='bbox 775 2851 867 2903; x_wconf 79' lang='lat' dir='ltr'>lex</span> <span class='ocrx_word' id='word_1_308' title='bbox 918 2861 1035 2903; x_wconf 88' lang='lat' dir='ltr'>tum</span> <span class='ocrx_word' id='word_1_309' title='bbox 1089 2852 1263 2903; x_wconf 88' lang='lat' dir='ltr'>solum</span> <span class='ocrx_word' id='word_1_310' title='bbox 1317 2869 1426 2902; x_wconf 90' lang='lat' dir='ltr'>non</span> <span class='ocrx_word' id='word_1_311' title='bbox 1481 2851 1703 2920; x_wconf 83' lang='lat' dir='ltr'>obligat,</span> <span class='ocrx_word' id='word_1_312' title='bbox 1758 2853 1801 2901; x_wconf 91' lang='lat' dir='ltr'>si</span> <span class='ocrx_word' id='word_1_313' title='bbox 1855 2869 1924 2902; x_wconf 79' lang='lat' dir='ltr'>ex</span> 
     </span>
     <span class='ocr_line' id='line_1_35' title="bbox 60 2940 1924 3011; baseline 0 -20"><span class='ocrx_word' id='word_1_314' title='bbox 60 2949 292 3009; x_wconf 86' lang='lat' dir='ltr'>utraque</span> <span class='ocrx_word' id='word_1_315' title='bbox 333 2950 502 3008; x_wconf 78' lang='lat' dir='ltr'>parte,</span> <span class='ocrx_word' id='word_1_316' title='bbox 545 2960 641 3011; x_wconf 88' lang='lat' dir='ltr'>pro</span> <span class='ocrx_word' id='word_1_317' title='bbox 682 2941 801 3009; x_wconf 82' lang='lat' dir='ltr'>lege</span> <span class='ocrx_word' id='word_1_318' title='bbox 845 2950 897 2992; x_wconf 89' lang='lat' dir='ltr'>et</span> <span class='ocrx_word' id='word_1_319' title='bbox 936 2959 1033 3010; x_wconf 89' lang='lat' dir='ltr'>pro</span> <span class='ocrx_word' id='word_1_320' title='bbox 1074 2941 1343 3007; x_wconf 78' lang='lat' dir='ltr'>libertate⁷</span> <span class='ocrx_word' id='word_1_321' title='bbox 1385 2940 1658 2992; x_wconf 88' lang='lat' dir='ltr'>habentur</span> <span class='ocrx_word' id='word_1_322' title='bbox 1685 2942 1924 2992; x_wconf 88' lang='lat' dir='ltr'>rationes</span> 
     </span>
    </p>
   </div>
   <div class='ocr_carea' id='block_1_7' title="bbox 62 3029 908 3099">
    <p class='ocr_par' dir='ltr' id='par_1_9' title="bbox 62 3029 908 3099">
     <span class='ocr_line' id='line_1_36' title="bbox 62 3029 908 3099; baseline 0.002 -19"><span class='ocrx_word' id='word_1_323' title='bbox 62 3029 316 3098; x_wconf 86' lang='lat' dir='ltr'>aequales</span> <span class='ocrx_word' id='word_1_324' title='bbox 356 3029 444 3081; x_wconf 86' lang='lat' dir='ltr'>vel</span> <span class='ocrx_word' id='word_1_325' title='bbox 484 3031 595 3081; x_wconf 86' lang='lat' dir='ltr'>fere</span> <span class='ocrx_word' id='word_1_326' title='bbox 636 3030 908 3099; x_wconf 69' lang='lat' dir='ltr'>aequales</span> 
     </span>
    </p>
   </div>
   <div class='ocr_carea' id='block_1_8' title="bbox 65 3117 1927 3248">
    <p class='ocr_par' dir='ltr' id='par_1_10' title="bbox 65 3117 1927 3248">
     <span class='ocr_line' id='line_1_37' title="bbox 211 3117 1925 3174; baseline -0.001 -14"><span class='ocrx_word' id='word_1_327' title='bbox 211 3118 303 3161; x_wconf 83' lang='lat' dir='ltr'>Lex</span> <span class='ocrx_word' id='word_1_328' title='bbox 334 3132 424 3161; x_wconf 91' lang='lat' dir='ltr'>non</span> <span class='ocrx_word' id='word_1_329' title='bbox 455 3119 646 3174; x_wconf 85' lang='lat' dir='ltr'>obligat,</span> <span class='ocrx_word' id='word_1_330' title='bbox 679 3119 716 3161; x_wconf 88' lang='lat' dir='ltr'>si</span> <span class='ocrx_word' id='word_1_331' title='bbox 749 3123 819 3162; x_wconf 84' lang='lat' dir='ltr'>est</span> <span class='ocrx_word' id='word_1_332' title='bbox 851 3133 954 3163; x_wconf 82' lang='lat' dir='ltr'>vere</span> <span class='ocrx_word' id='word_1_333' title='bbox 988 3118 1148 3171; x_wconf 86' lang='lat' dir='ltr'>dubia;</span> <span class='ocrx_word' id='word_1_334' title='bbox 1182 3118 1312 3172; x_wconf 91' lang='lat' dir='ltr'>atqui</span> <span class='ocrx_word' id='word_1_335' title='bbox 1345 3131 1399 3160; x_wconf 72' lang='lat' dir='ltr'>ex</span> <span class='ocrx_word' id='word_1_336' title='bbox 1431 3117 1729 3173; x_wconf 84' lang='lat' dir='ltr'>argumentis,</span> <span class='ocrx_word' id='word_1_337' title='bbox 1763 3117 1925 3171; x_wconf 87' lang='lat' dir='ltr'>quibus</span> 
     </span>
     <span class='ocr_line' id='line_1_38' title="bbox 65 3190 1927 3248; baseline -0.002 -13"><span class='ocrx_word' id='word_1_338' title='bbox 65 3193 404 3236; x_wconf 87' lang='lat' dir='ltr'>demonstratur</span> <span class='ocrx_word' id='word_1_339' title='bbox 425 3193 698 3248; x_wconf 86' lang='lat' dir='ltr'>principium</span> <span class='ocrx_word' id='word_1_340' title='bbox 725 3193 1117 3248; x_wconf 88' lang='lat' dir='ltr'>probabilisticum</span> <span class='ocrx_word' id='word_1_341' title='bbox 1150 3196 1280 3247; x_wconf 87' lang='lat' dir='ltr'>pat-et</span> <span class='ocrx_word' id='word_1_342' title='bbox 1308 3192 1455 3247; x_wconf 81' lang='lat' dir='ltr'>legem</span> <span class='ocrx_word' id='word_1_343' title='bbox 1486 3204 1581 3235; x_wconf 89' lang='lat' dir='ltr'>esse</span> <span class='ocrx_word' id='word_1_344' title='bbox 1602 3204 1704 3234; x_wconf 75' lang='lat' dir='ltr'>vere</span> <span class='ocrx_word' id='word_1_345' title='bbox 1728 3190 1927 3244; x_wconf 89' lang='lat' dir='ltr'>dubiam,</span> 
     </span>
    </p>
   </div>
   <div class='ocr_carea' id='block_1_9' title="bbox 219 3293 416 3297">
    <p class='ocr_par' dir='ltr' id='par_1_11' title="bbox 219 3293 416 3297">
     <span class='ocr_line' id='line_1_39' title="bbox 219 3293 416 3297; baseline 0 0"><span class='ocrx_word' id='word_1_346' title='bbox 219 3293 416 3297; x_wconf 95' lang='lat' dir='ltr'> </span> 
     </span>
    </p>
   </div>
   <div class='ocr_carea' id='block_1_10' title="bbox 66 3338 1927 3674">
    <p class='ocr_par' dir='ltr' id='par_1_12' title="bbox 66 3338 1927 3617">
     <span class='ocr_line' id='line_1_40' title="bbox 224 3338 1924 3396; baseline -0.004 -10"><span class='ocrx_word' id='word_1_347' title='bbox 224 3342 249 3389; x_wconf 45' lang='grc' dir='ltr'>ι)</span> <span class='ocrx_word' id='word_1_348' title='bbox 292 3342 621 3385; x_wconf 84' lang='lat' dir='ltr'>Recentissimo</span> <span class='ocrx_word' id='word_1_349' title='bbox 661 3346 864 3396; x_wconf 89' lang='lat' dir='ltr'>tempore</span> <span class='ocrx_word' id='word_1_350' title='bbox 903 3340 1362 3395; x_wconf 87' lang='lat' dir='ltr'>aequiprobabilistae</span> <span class='ocrx_word' id='word_1_351' title='bbox 1406 3339 1585 3382; x_wconf 87' lang='lat' dir='ltr'>diversa</span> <span class='ocrx_word' id='word_1_352' title='bbox 1617 3339 1798 3393; x_wconf 91' lang='lat' dir='ltr'>quidem</span> <span class='ocrx_word' id='word_1_353' title='bbox 1832 3338 1924 3381; x_wconf 88' lang='lat' dir='ltr'>alia</span> 
     </span>
     <span class='ocr_line' id='line_1_41' title="bbox 66 3413 1926 3470; baseline -0.002 -13"><span class='ocrx_word' id='word_1_354' title='bbox 66 3420 282 3470; x_wconf 86' lang='lat' dir='ltr'>promunt</span> <span class='ocrx_word' id='word_1_355' title='bbox 303 3419 576 3470; x_wconf 82' lang='lat' dir='ltr'>argumenta</span> <span class='ocrx_word' id='word_1_356' title='bbox 595 3416 668 3469; x_wconf 83' lang='lat' dir='ltr'>(cf.</span> <span class='ocrx_word' id='word_1_357' title='bbox 692 3415 908 3468; x_wconf 73' lang='lat' dir='ltr'>Commer,</span> <span class='ocrx_word' id='word_1_358' title='bbox 926 3415 954 3458; x_wconf 87' lang='lat' dir='ltr'><strong>J</strong></span> <span class='ocrx_word' id='word_1_359' title='bbox 957 3415 1157 3458; x_wconf 85' lang='lat' dir='ltr'>ahrbuch</span> <span class='ocrx_word' id='word_1_360' title='bbox 1174 3413 1342 3456; x_wconf 83' lang='lat' dir='ltr'>XVIII.</span> <span class='ocrx_word' id='word_1_361' title='bbox 1367 3413 1408 3456; x_wconf 81' lang='lat' dir='ltr'>S.</span> <span class='ocrx_word' id='word_1_362' title='bbox 1432 3413 1513 3455; x_wconf 87' lang='grc'>106</span> <span class='ocrx_word' id='word_1_363' title='bbox 1531 3414 1611 3467; x_wconf 52' lang='lat' dir='ltr'>ff),</span> <span class='ocrx_word' id='word_1_364' title='bbox 1634 3425 1746 3466; x_wconf 86' lang='lat' dir='ltr'>quae</span> <span class='ocrx_word' id='word_1_365' title='bbox 1770 3415 1926 3454; x_wconf 89' lang='lat' dir='ltr'>tamen</span> 
     </span>
     <span class='ocr_line' id='line_1_42' title="bbox 66 3484 1927 3543; baseline -0.002 -12"><span class='ocrx_word' id='word_1_366' title='bbox 66 3488 322 3531; x_wconf 87' lang='lat' dir='ltr'>accuratius</span> <span class='ocrx_word' id='word_1_367' title='bbox 354 3489 560 3543; x_wconf 89' lang='lat' dir='ltr'>inspecta</span> <span class='ocrx_word' id='word_1_368' title='bbox 591 3503 680 3532; x_wconf 89' lang='lat' dir='ltr'>non</span> <span class='ocrx_word' id='word_1_369' title='bbox 714 3493 820 3531; x_wconf 88' lang='lat' dir='ltr'>sunt</span> <span class='ocrx_word' id='word_1_370' title='bbox 852 3489 941 3531; x_wconf 89' lang='lat' dir='ltr'>nisi</span> <span class='ocrx_word' id='word_1_371' title='bbox 974 3488 1251 3531; x_wconf 86' lang='lat' dir='ltr'>variationes</span> <span class='ocrx_word' id='word_1_372' title='bbox 1283 3487 1417 3530; x_wconf 89' lang='lat' dir='ltr'>huius</span> <span class='ocrx_word' id='word_1_373' title='bbox 1462 3484 1721 3540; x_wconf 80' lang='lat' dir='ltr'>argumenti</span> <span class='ocrx_word' id='word_1_374' title='bbox 1762 3498 1788 3527; x_wconf 90' lang='lat' dir='ltr'>a</span> <span class='ocrx_word' id='word_1_375' title='bbox 1831 3498 1927 3538; x_wconf 89' lang='lat' dir='ltr'>pro·</span> 
     </span>
     <span class='ocr_line' id='line_1_43' title="bbox 68 3561 893 3617; baseline -0.001 -12"><span class='ocrx_word' id='word_1_376' title='bbox 68 3562 364 3606; x_wconf 80' lang='lat' dir='ltr'>habilioristis</span> <span class='ocrx_word' id='word_1_377' title='bbox 396 3562 574 3607; x_wconf 82' lang='lat' dir='ltr'>inventi</span> <span class='ocrx_word' id='word_1_378' title='bbox 605 3562 664 3615; x_wconf 83' lang='lat' dir='ltr'>(n.</span> <span class='ocrx_word' id='word_1_379' title='bbox 699 3562 801 3616; x_wconf 68' lang='lat'>⁶207,</span> <span class='ocrx_word' id='word_1_380' title='bbox 834 3561 893 3617; x_wconf 74' lang='lat'>2).</span> 
     </span>
    </p>

    <p class='ocr_par' dir='ltr' id='par_1_13' title="bbox 1667 3632 1748 3674">
     <span class='ocr_line' id='line_1_44' title="bbox 1667 3632 1748 3674; baseline -0.025 0"><span class='ocrx_word' id='word_1_381' title='bbox 1667 3632 1748 3674; x_wconf 66' lang='lat'>16*</span> 
     </span>
    </p>
   </div>
  </div>
 </body>
</html>
