2269 3898
832 163 899 206 De
931 163 1032 217 lege
1064 163 1277 205 humana.
1610 187 1613 191 ·
1900 164 1984 207 135

119 298 398 348 communi
453 313 723 347 consensu
778 295 1089 346 admittitur
1127 296 1494 364 principium3
1551 294 1707 364 Zeyem
1750 296 1983 365 affirma-

121 386 281 436 tivam
319 404 425 435 non
466 384 700 452 obligare
727 402 838 434 cum
865 384 1187 434 incommodo
1210 385 1619 453 proportionate
1644 385 1812 452 yravi,
1841 385 1987 453 quod

109 492 213 543 per
253 474 493 524 accidens
535 490 660 523 cum
704 471 1088 523 observatione
1129 472 1266 539 legis
1309 474 1665 524 coniunctum
1712 482 1806 526 est.

269 575 310 603 a.
344 561 588 604 Illoraliter
620 560 896 616 impossibile
926 559 1044 603 illud
1078 560 1260 615 dicitur,
1315 561 1432 615 quod
1480 562 1623 604 solum
1673 576 1772 605 cum
1821 576 1990 617 magna

120 635 414 689 difficultate,
439 648 553 689 quae
575 647 736 689 nempe
758 635 1035 689 prudentum
1061 634 1229 677 iudicio
1256 641 1437 689 superet
1461 636 1682 679 humanas
1700 636 1832 690 vires,
1866 637 1987 680 effici

117 711 283 764 potest.
348 708 569 762 Quoniam
603 713 757 752 autem
791 714 1032 764 praecepta
1064 713 1163 751 tum
1201 709 1356 752 divina
1398 714 1496 751 tum
1539 710 1737 752 humana
1784 710 1989 754 diversae

119 788 228 826 sunt
258 783 547 826 necessitatis
579 797 630 826 ac
662 783 928 838 gravitatis,
961 797 1050 827 non
1083 784 1240 827 eadem
1283 784 1331 826 in
1377 783 1584 826 omnibus
1633 784 1887 827 difficultas
1932 784 1988 826 ab

119 857 398 901 observando
431 862 671 912 praecepto
705 861 905 912 excusat,
955 857 1031 900 sed
1080 871 1165 912 quo
1214 857 1402 912 gravius
1450 862 1519 901 est
1575 862 1883 912 praeceptum,
1938 870 1988 899 eo

118 932 266 975 maius
301 931 433 975 debet
467 945 560 975 esse
591 932 925 974 incommodum
959 932 1007 975 in
1041 932 1136 975 eius
1170 931 1483 975 observatione
1523 931 1824 981 subeundum,
1867 937 1921 974 ut
1964 945 1991 974 a

122 1010 360 1062 praecepto
395 1010 592 1049 excuset.

268 1082 305 1123 b.
339 1081 491 1123 Pudor
539 1079 797 1123 subeundus
845 1079 893 1122 in
942 1080 1222 1124 confessione
1269 1079 1441 1135 proprii
1490 1079 1663 1134 peccati
1714 1084 1759 1122 et
1809 1078 1992 1133 propria

121 1155 380 1199 diffamatio
413 1156 534 1210 apud
568 1154 891 1198 confessarium
927 1169 980 1198 ex
1013 1155 1299 1198 accusatione
1332 1154 1505 1209 peccati
1538 1154 1910 1209 incurrendaper
1942 1167 1991 1196 se

119 1233 165 1273 et
194 1230 470 1273 intrinsecus
502 1244 602 1272 cum
637 1230 915 1273 confessione
949 1230 1122 1284 peccati
1157 1230 1397 1272 coniuncta
1429 1235 1551 1282 sunt,
1586 1241 1722 1282 quare
1753 1241 1985 1282 nunquam

122 1318 149 1347 a
182 1304 462 1348 confessione
496 1309 738 1355 excusant;
789 1304 866 1347 sed
917 1304 1176 1346 diffamatio
1225 1303 1279 1346 ob
1328 1303 1653 1346 confessionem
1703 1306 1990 1357 peccatorum

124 1379 244 1435 apud
279 1379 391 1422 alios
434 1378 706 1422 incurrenda
744 1392 835 1433 per
886 1377 1092 1420 accidens
1140 1380 1184 1419 et
1230 1378 1516 1421 extrinsecus
1564 1391 1663 1420 cum
1713 1376 1992 1419 confessione

124 1453 366 1496 coniuncta
398 1456 481 1507 est,
515 1466 652 1507 quare
685 1466 711 1495 a
745 1451 1028 1494 confessione
1062 1464 1274 1494 excusare
1307 1459 1475 1506 potest.

272 1528 416 1578 Num
445 1526 530 1577 Zeoe
556 1529 868 1596 praecipere
900 1528 1070 1595 possit
1110 1535 1253 1577 actus
1295 1527 1542 1593 heroicos7
1586 1532 1740 1576 actus
1781 1524 1992 1576 scilicet

120 1619 213 1687 qui
258 1615 729 1668 extraordinariae
772 1614 1117 1666 difficultatis
1159 1625 1302 1667 sunt.

271 1725 318 1759 a.
361 1706 473 1756 Leoe
519 1706 755 1774 positiva
798 1705 982 1756 divina
1036 1712 1190 1755 actus
1232 1703 1482 1755 heroicos
1522 1705 1841 1772 praecipere
1884 1710 1994 1772 pot-

121 1803 229 1846 est:
282 1812 411 1846 nam
465 1793 596 1845 hinc
650 1793 877 1863 quidem
921 1794 1072 1844 Deus
1126 1793 1409 1844 absolutus
1452 1801 1532 1844 est
1572 1793 1860 1845 hominum
1903 1792 1992 1843 do-

124 1885 323 1950 minus,
365 1883 496 1934 inde
526 1901 656 1934 vero
696 1885 812 1952 ipse
841 1882 1128 1934 hominum
1157 1884 1302 1933 vires
1331 1900 1532 1951 augere
1568 1888 1762 1951 potest,
1792 1881 1993 1951 quibus

123 1973 435 2025 observatio
477 1972 612 2041 legis
654 1974 819 2023 etiam
864 1971 1225 2023 difficillimae
1255 1973 1346 2023 fiat
1376 1970 1655 2023 moraliter
1698 1969 1992 2038 possibilis,

126 2061 267 2113 Cum
308 2070 492 2113 tamen
534 2080 644 2113 non
686 2063 755 2112 sit
808 2061 1274 2130 praesumendum
1317 2062 1499 2112 Deum
1552 2079 1610 2112 se
1664 2059 1805 2110 velle
1864 2058 1996 2110 obli-

123 2169 254 2219 gare
296 2151 366 2202 ad
407 2150 679 2220 patranda
721 2150 989 2202 miracula
1031 2153 1086 2202 in
1129 2150 1322 2202 ordine
1364 2149 1573 2211 morali,
1623 2148 1715 2200 lex
1755 2149 1995 2218 positiva

125 2241 318 2292 divina
374 2259 484 2291 non
542 2247 795 2291 censetur
849 2242 1171 2309 praecipere
1226 2248 1381 2291 actus
1438 2239 1702 2301 heroicos,
1763 2237 1884 2288 ideo
1936 2238 1992 2287 in

125 2349 255 2382 casu
298 2347 530 2397 magnae
573 2328 915 2380 difficultatis
958 2330 1138 2398 potius
1178 2329 1268 2380 lex
1311 2347 1522 2380 cessare
1566 2327 1783 2380 dicitur.

274 2419 318 2472 b.
362 2420 474 2470 Lem
528 2419 759 2470 humana
801 2427 955 2469 actus
997 2418 1247 2469 heroicos
1289 2436 1386 2486 per
1427 2436 1482 2468 se
1524 2418 1843 2486 praecipere
1885 2433 1997 2467 non

125 2516 329 2578 potest,
387 2508 492 2559 nisi
549 2507 754 2559 bonum
813 2526 1104 2559 commune
1164 2507 1430 2558 ecclesiae
1487 2505 1575 2557 vel
1633 2507 1877 2557 civitatis
1938 2503 1995 2554 id

126 2599 330 2666 exigat,
388 2598 517 2666 quia
569 2598 929 2666 praeciperet,
986 2597 1133 2666 quod
1185 2595 1462 2648 moraliter
1515 2593 1857 2664 impossibile
1900 2599 1995 2659 est,

126 2687 361 2756 ideoque
402 2687 708 2738 innumeris
750 2686 1278 2754 transgressionibus
1320 2704 1511 2737 ansam
1553 2686 1857 2754 praeberet.

244 2777 466 2818 Attamen
508 2775 754 2830 aliquando
803 2776 942 2820 etiam
992 2776 1065 2819 lex
1113 2777 1313 2819 humana
1361 2774 1619 2829 praecipere
1666 2777 1818 2828 potest
1868 2776 1998 2816 actus

125 2852 260 2895 valde
294 2850 526 2893 difficiles:
563 2866 604 2893 α.
628 2850 674 2893 Si
690 2850 765 2894 lex
797 2851 1051 2906 imponitur
1086 2850 1390 2893 determinato
1410 2848 1647 2892 hominum
1667 2847 1831 2902 coetui,
1866 2861 1996 2902 quem

128 2925 323 2980 quilibet
354 2925 493 2968 libere
521 2924 802 2980 ingreditur;
840 2925 903 2968 sic
936 2925 1155 2968 moniales
1189 2924 1454 2979 obligantur
1486 2924 1544 2966 ad
1577 2927 1846 2978 perpetuam
1881 2923 1997 2965 clau-

128 3014 293 3052 suramff
328 2999 583 3043 sacerdotes
616 3000 674 3042 ad
707 2999 974 3044 castitatem
1008 3001 1273 3054 perfectam,
1306 2997 1514 3041 nonnulli
1558 2997 1761 3053 religiosi
1806 2997 1864 3040 ad
1915 3009 1998 3039 ser-

127 3075 295 3117 vitium
328 3074 629 3128 infirmorum,
663 3074 739 3129 qui
772 3079 899 3128 peste
930 3074 1091 3117 infecti
1126 3077 1254 3125 sunt;
1306 3074 1343 3122 ¹3.
1379 3073 1424 3116 Si
1458 3072 1622 3114 bonum
1672 3083 1905 3114 commune
1947 3069 1997 3112 id

128 3148 297 3203 exigit:
332 3148 498 3191 bonum
532 3147 650 3190 enim
684 3161 920 3191 commune
942 3148 1179 3202 praevalet
1201 3147 1313 3189 bono
1336 3146 1541 3201 privat0;
1577 3145 1639 3188 sic
1661 3144 1832 3187 milites
1856 3142 1995 3186 etiam

128 3237 229 3266 cum
278 3221 477 3277 periculo
524 3221 650 3264 vitae
696 3222 875 3265 hostem
922 3221 1114 3277 aggredi
1163 3221 1500 3274 stationemque
1547 3233 1637 3262 non
1687 3219 1902 3270 deserere,
1950 3220 1996 3260 et

129 3297 311 3353 parochi
343 3300 548 3350 tempore
581 3295 725 3339 morbi
758 3296 1012 3351 contagiosi
1045 3295 1093 3338 in
1125 3295 1339 3350 parochia
1372 3307 1554 3338 manere
1586 3292 1813 3335 iubentur.
1878 3290 1993 3333 Sunt

129 3377 301 3426 tamen,
334 3370 410 3425 qui
445 3370 613 3420 dicant,
647 3369 696 3412 in
718 3370 801 3413 hoc
823 3384 930 3414 casu
952 3369 1107 3425 potius
1129 3370 1277 3424 legem
1302 3369 1559 3412 naturalem
1584 3379 1717 3420 quam
1742 3364 1990 3420 positivam

131 3448 284 3489 actum
318 3444 554 3487 difficilem
587 3444 858 3499 praecipere,
889 3445 1039 3499 legem
1074 3444 1261 3498 scilicet,
1295 3442 1459 3485 bonum
1484 3452 1718 3484 commune
1736 3440 1994 3494 praeferen-

135 3521 243 3563 dum
276 3531 370 3563 esse
403 3518 516 3561 bono
550 3519 744 3573 privato.
