2269 3898
628 132 694 175 De
725 131 823 175 iure
855 132 1183 176 matrimoniali
1216 133 1455 178 austriaco,
1894 137 1979 179 203

107 265 371 315 tationem
428 271 556 315 ante
612 264 1070 333 proclamationes
1127 285 1223 336 per
1272 285 1368 317 sex
1421 266 1800 320 hebdomadas
1858 287 1977 320 con-

110 353 325 403 tinuare
367 352 577 420 malint,
622 361 681 404 ut
721 353 1079 423 proclamatio
1121 354 1329 406 ibidem
1373 355 1626 408 sufficiat.

257 477 298 507 c.
342 455 399 508 Si
447 458 630 524 agitur
680 457 747 508 de
800 459 1150 509 matrimonio
1204 459 1393 523 mixto,
1450 459 1807 528 proclamatio
1862 459 1979 511 fieri

110 542 273 596 debet
314 546 371 596 in
413 544 677 614 parochia
721 547 799 612 (in
831 546 928 597 der
952 546 1500 614 gottesdienstlichen
1527 546 1979 617 Versammlung)

110 634 395 702 utriusque
438 636 640 702 sponsi.

259 810 384 864 190.
424 811 508 864 De
550 811 998 879 impedimentis
1040 813 1489 867 dirimentibus,
1562 813 1808 879 Quatuor
1851 824 1977 867 sunt

110 898 482 969 impedimenta
539 900 847 952 dio-imantia
902 901 1037 952 iuris
1094 901 1476 969 ecclesiastici,
1537 921 1676 972 quae
1738 911 1979 972 potestas

107 988 332 1057 politica
374 1007 484 1040 non
525 992 797 1057 agnoscit:

261 1110 305 1159 l.
348 1107 608 1177 Affln-iz‘as
648 1126 712 1159 6oe
752 1109 945 1178 copula
984 1109 1195 1162 illicita.

258 1218 328 1260 Ex
360 1218 457 1261 iure
490 1218 819 1262 matrimoniali
853 1219 1040 1274 politico
1073 1219 1282 1262 affinitas
1314 1233 1404 1262 non
1437 1218 1583 1263 oritur
1615 1234 1668 1264 ex
1702 1221 1862 1276 copula
1895 1235 1983 1264 car-

108 1292 218 1346 nali,
251 1296 305 1335 ut
340 1293 467 1336 docet
500 1292 571 1335 ius
604 1292 975 1348 ecclesiasticum,
1009 1294 1086 1337 sed
1120 1307 1174 1336 ex
1208 1293 1499 1337 matrimonio
1542 1295 1694 1338 valide
1736 1298 1982 1349 contracto,

109 1368 204 1412 sive
236 1373 600 1413 consummatum
635 1370 730 1414 sive
761 1384 852 1413 non
894 1374 1257 1413 consummatum
1301 1370 1408 1413 fuit.
1473 1370 1622 1413 Codex
1670 1368 1789 1412 enim
1835 1368 1983 1412 civilis

107 1456 196 1486 non
231 1443 482 1498 distinguit
514 1444 636 1487 inter
668 1444 1010 1487 matrimonium
1033 1447 1396 1487 consummatum
1422 1450 1467 1487 et
1489 1458 1579 1487 non
1603 1449 1982 1498 consummatum,

107 1518 183 1560 sed
218 1531 347 1561 omne
380 1518 723 1562 matrimonium
757 1519 846 1561 rite
877 1518 1045 1561 initum
1079 1518 1177 1573 ipse
1209 1518 1346 1561 habet
1379 1531 1457 1573 pro
1492 1525 1817 1561 consummato.

258 1624 306 1674 2.
352 1622 611 1690 Affinitas
660 1642 725 1673 ex
773 1624 1106 1674 matrimonio
1158 1622 1415 1689 iozvalidO,
1470 1623 1562 1673 secl
1614 1632 1982 1674 consummato.

258 1733 369 1776 Cum
403 1733 522 1776 enim
556 1734 694 1777 codex
729 1733 877 1776 civilis
910 1733 1191 1776 affinitatem
1228 1733 1404 1776 derivet
1423 1747 1476 1777 ex
1499 1733 1791 1777 matrimonio
1815 1733 1982 1788 valido,

106 1820 195 1850 non
229 1821 283 1850 ex
316 1808 477 1862 copula
509 1808 695 1862 carnali,
727 1807 1009 1851 affinitatem
1056 1821 1145 1850 non
1188 1808 1412 1862 agnoscit,
1454 1808 1491 1850 si
1535 1807 1877 1850 matrimonium
1922 1808 1985 1850 in-

108 1881 313 1925 validum
347 1886 430 1936 est,
465 1882 551 1926 etsi
587 1883 747 1937 copula
780 1882 951 1926 carnali
985 1888 1349 1926 consummatum
1382 1882 1538 1926 fuerit.

260 1987 306 2039 3.
352 1985 569 2038 Publica
609 1988 851 2038 honestas
894 1988 1012 2039 sive
1054 2006 1122 2038 ex
1164 1987 1514 2056 sponsalibus
1555 1988 1672 2038 sive
1708 2005 1775 2037 ex
1803 1987 1984 2038 matri·

112 2078 296 2127 monio
339 2084 455 2127 rato
499 2084 551 2126 et
594 2094 701 2127 non
745 2084 1125 2127 consummato
1170 2083 1303 2128 orta.

266 2187 504 2242 Sponsalia
536 2201 589 2230 ex
624 2187 773 2231 codice
806 2188 929 2230 civili
963 2188 1129 2230 nedum
1163 2187 1541 2242 impedimentum
1578 2186 1875 2241 matrimonii,
1908 2187 1984 2229 sed

109 2274 252 2316 neque
274 2262 419 2304 ullum
445 2264 657 2305 effectum
682 2261 925 2304 iuridicum
952 2262 1221 2316 producunt.
1286 2261 1629 2305 Matrimonium
1655 2268 1808 2304 autem
1832 2266 1984 2303 ratum

110 2350 163 2379 ex
197 2336 397 2380 eiusdem
431 2336 596 2380 codicis
629 2336 866 2392 principiis
899 2350 987 2379 non
1032 2336 1475 2391 quasi-affinitatem,
1520 2336 1596 2379 sed
1640 2349 1793 2379 veram
1839 2334 1986 2378 affini·

110 2415 255 2454 tatem
289 2411 513 2466 producit.

259 2517 309 2567 4.
360 2514 612 2586 Coynatio
654 2516 975 2586 spiritualis

262 2627 411 2670 Codex
444 2627 592 2670 civilis
625 2640 785 2683 parum
820 2627 905 2670 sibi
940 2631 1151 2670 constans
1183 2626 1289 2669 hinc
1311 2626 1492 2681 quidem
1517 2625 1833 2681 cognationem
1858 2625 1987 2680 spiri·

113 2701 284 2744 tualem
317 2715 407 2744 non
441 2702 663 2756 agnoscit,
695 2715 752 2745 ne
784 2702 995 2757 religioni
1021 2700 1270 2744 catholicae
1293 2701 1539 2755 quidquam
1566 2701 1738 2743 deferre
1760 2700 1986 2753 videatur,

111 2776 218 2819 inde
251 2789 354 2819 vero
388 2776 590 2820 ordinem
625 2790 816 2831 sacrum,
849 2782 1008 2820 votum
1043 2777 1259 2819 sollemne
1283 2780 1329 2819 et
1349 2775 1668 2831 disparitatem
1693 2776 1843 2818 cultus
1865 2774 1986 2817 inter

110 2850 440 2905 impedimenta
472 2851 754 2894 matrimonii
786 2855 1001 2894 recenset.

260 3014 380 3069 191.
432 3014 518 3068 De
560 3015 918 3081 cognatione
951 3014 1156 3081 legali.
1215 3017 1258 3066 1.
1290 3013 1762 3082 Impedimentum
1791 3030 1984 3079 cogna-

112 3104 278 3155 tionis
318 3103 526 3172 legalis,
570 3103 717 3173 quod
759 3111 922 3155 antea
962 3104 1019 3154 in
1061 3105 1180 3154 iure
1222 3101 1614 3154 matrimoniali
1650 3101 1872 3171 politico
1909 3119 1985 3152 re-

114 3200 333 3261 ceptum
371 3192 565 3258 fuerat⁷
609 3193 666 3243 in
703 3210 847 3243 novo
887 3191 1077 3243 codice
1107 3190 1499 3243 matrimoniali
1525 3190 1633 3260 (25.
1660 3192 1790 3242 maii
1825 3190 1985 3260 1868)

113 3282 398 3332 omittitur.

265 3386 311 3439 2.
371 3384 561 3436 Codex
615 3386 922 3436 austriacus
975 3386 1152 3454 ipsam
1206 3384 1561 3454 adoptionem
1612 3382 1846 3452 legalem
1895 3381 1984 3433 ad-

114 3475 285 3526 mittit
325 3475 552 3544 eiusque
595 3473 948 3526 condiciones
989 3482 1244 3525 accurate
1288 3472 1551 3525 describit
1590 3491 1642 3523 n.
1672 3471 1981 3524 179--185.
