2269 3898
957 141 1208 185 Formulae.
1935 145 2020 187 215

150 269 518 328 dispensatione
569 285 716 329 super
759 272 1107 330 impedimento
1158 275 1602 332 consanguinitatis
1649 276 1789 321 tertii
1836 277 2020 335 gradus

149 344 312 390 lineae
349 345 658 391 collateralis
692 347 946 403 tangentis
982 347 1262 393 secuudum.
1325 349 1400 394 At
1441 349 1622 395 dictum
1655 351 2021 397 matrimonium

152 418 451 474 comperitur
498 420 681 465 nullum
735 434 794 465 ex
843 434 912 477 eo,
969 421 1094 478 quod
1142 421 1274 467 inter
1323 430 1544 469 oratores
1595 425 1822 470 extiterit
1871 425 2021 471 etiam

148 491 548 549 impedimentum
613 493 831 539 criminis
887 499 1047 540 ortum
1101 495 1297 541 scilicet
1355 511 1414 542 ex
1469 497 1715 543 adulterio
1766 499 2021 557 utriusque

146 565 306 623 part-is
387 567 655 612 accedente
731 568 1054 626 promissione
1135 574 1186 614 et
1264 572 1643 629 repromissione
1707 573 2022 628 matrimonii,

148 639 260 696 quin
308 644 475 686 tamen
533 640 754 688 adfuerit
802 643 1103 689 machinatio
1153 645 1265 697 wel:
1319 646 1587 692 accedente
1641 646 1790 692 etiam
1840 647 2022 693 machi-

148 714 347 759 natione
400 714 542 761 unius
599 717 666 758 cel
716 716 971 775 utriusque
1026 718 1076 762 in
1129 723 1350 776 mortem,
1407 719 1587 766 effectu
1641 722 1841 776 secuto).
1896 723 2022 779 quod

148 787 551 845 impedimentum
601 795 676 835 est
722 791 869 849 plane
922 792 1177 837 occultum.
1245 792 1427 851 Quare,
1479 809 1583 840 cum
1629 802 1853 842 oratores
1898 796 2024 842 facti

148 861 462 919 poenitentes
498 869 547 909 et
581 865 760 910 conscii
797 865 1047 910 nullitatis
1074 867 1240 923 parati
1275 867 1372 912 sint
1405 882 1648 914 renova-re
1685 870 1850 916 debito
1884 871 2023 917 modo

151 949 452 995 consensum,
471 937 729 984 humiliter
748 939 1030 997 supplicant
1046 939 1428 986 Illustrissimae
1447 940 1789 989 Dominationi
1805 944 2023 991 Vestrae

149 1010 235 1065 (cel
265 1010 582 1058 Eminentiae
619 1012 834 1058 Vestrae
867 1012 1375 1071 Reverendissimae),
1408 1021 1463 1060 ut
1496 1030 1643 1075 super
1674 1018 2024 1076 impedimento

151 1085 370 1131 criminis
412 1087 480 1129 rel
512 1085 795 1142 (affinitatis
830 1087 944 1143 etc.)
990 1089 1203 1146 benigne
1236 1089 1359 1135 velit
1403 1089 1690 1147 dispensare
1735 1106 1793 1138 ac
1825 1093 2027 1152 insuper

151 1158 410 1205 declarare
447 1161 865 1218 dispensationem
910 1162 1024 1208 olim
1059 1164 1311 1209 obtentam
1355 1178 1502 1221 super
1535 1165 1882 1223 impedimento
1918 1181 2026 1212 con-

149 1235 503 1293 sanguinitatis
537 1236 742 1279 Perinde
788 1236 962 1289 Valere,
1009 1251 1067 1283 ac
1111 1237 1152 1282 si
1187 1239 1247 1283 ab
1290 1238 1431 1283 initio
1477 1253 1625 1298 super
1665 1249 1872 1298 utroque
1907 1241 2027 1298 legi·

150 1311 271 1355 tima
307 1309 610 1368 dispensatio
644 1311 805 1368 petita
840 1317 890 1356 et
923 1312 1130 1357 obtenta
1161 1310 1355 1357 fuisset.

299 1399 543 1445 Rationes
580 1409 716 1445 sunt:

150 1743 244 1793 XI.
290 1741 547 1792 Fornzula
583 1760 686 1810 pro
726 1741 959 1810 petenda
985 1742 1381 1811 dispensatione
1407 1760 1510 1811 per
1540 1742 2032 1793 eaetraordincm‘iam

150 1833 292 1882 viam
333 1831 634 1882 sanationis
674 1831 730 1880 in
770 1831 968 1895 radice,
1025 1831 1235 1899 quando
1287 1831 1540 1882 occultum
1581 1839 1656 1881 est
1696 1830 2031 1900 impedimen-

152 1929 259 1970 tum
298 1920 393 1970 ani
429 1920 581 1988 parti
621 1928 668 1969 et
702 1938 927 1989 prorsus
966 1919 1186 1988 difficile
1213 1921 1365 1990 foret
1405 1920 1635 1972 obtinere
1679 1919 1743 1971 ab
1786 1939 1846 1971 ea
1886 1939 2030 1971 reno-

794 2010 1055 2060 vationem
1096 2028 1391 2063 consensus,

423 2186 771 2232 Illustrissime
808 2200 865 2232 ac
897 2187 1337 2233 Reverendissime
1371 2187 1598 2243 Domine,

303 2337 466 2383 Titius
500 2350 692 2390 «nomen
726 2335 912 2391 fictum)
947 2342 998 2382 et
1022 2335 1147 2382 Gaia
1180 2336 1352 2391 (etiam
1386 2336 1554 2382 fictum
1588 2339 1793 2390 nomen),
1829 2342 2033 2382 servata

152 2414 239 2464 (rel
271 2413 468 2464 omissa)
506 2410 667 2457 forma
706 2411 984 2456 tridentina
1015 2411 1399 2470 praemissisque
1431 2412 1516 2465 (cel
1538 2409 1750 2467 omissis)
1776 2410 2031 2456 denuntia-

152 2487 369 2533 tionibus
405 2487 491 2541 (rel
524 2486 895 2544 dispensatione
937 2500 1085 2542 super
1119 2485 1573 2532 denuntiationibus
1607 2487 1830 2540 obtenta)
1864 2485 2032 2531 matri-

154 2561 363 2607 monium
407 2563 535 2607 bona
581 2560 676 2606 fide
718 2560 804 2616 (cel
848 2573 953 2605 cum
995 2561 1124 2606 bona
1166 2559 1263 2606 fide
1297 2559 1422 2606 Titii
1454 2561 1536 2606 vel
1571 2559 1746 2614 Gaiae)
1781 2560 2033 2606 iniverunt

154 2640 204 2682 et
239 2642 717 2681 consummaverunt.
781 2634 855 2680 At
898 2635 1210 2693 praedictum
1254 2634 1618 2680 matrimonium
1664 2634 1908 2680 obiective
1958 2641 2034 2680 est

152 2711 339 2756 nullum
374 2716 423 2757 et
454 2711 652 2756 irritum
687 2711 745 2755 ob
779 2710 1183 2768 impedimentum
1216 2725 1251 2754 τ.
1271 2724 1344 2766 qr.
1381 2708 1645 2755 affinitatis
1669 2709 1816 2768 primi
1848 2709 2033 2767 gradus

153 2787 317 2833 lineae
363 2785 674 2832 collateralis
718 2784 941 2843 aequalis
983 2788 1143 2830 ortum
1188 2798 1248 2830 ex
1295 2785 1468 2842 copula
1500 2784 1696 2840 illicita,
1741 2797 1885 2841 quam
1919 2784 2033 2829 olim

155 2860 281 2908 Caia
312 2860 489 2906 habuit
537 2873 642 2905 cum
675 2857 837 2904 fratre
881 2858 979 2905 viri
1013 2858 1100 2904 sui.
1167 2858 1288 2905 Cum
1325 2866 1488 2904 autem
1521 2858 1869 2916 gravissimum
1901 2857 2035 2904 foret

155 2935 391 2992 detegere
426 2933 560 2979 Titio
606 2934 681 2979 rei
725 2934 871 2992 plane
921 2933 1096 2991 ignaro
1138 2933 1293 2979 talem
1337 2933 1620 2979 nullitatem
1671 2939 1721 2979 et
1762 2933 2034 2979 timendum

155 3016 302 3066 esset,
349 3022 409 3054 ne
442 3009 525 3055 vel
570 3008 763 3054 omnino
796 3013 997 3054 recuset
1028 3008 1400 3055 renovationem
1442 3021 1704 3053 consensus
1738 3007 1821 3053 vel
1854 3007 2033 3052 saltem

154 3084 331 3141 gravia
374 3083 582 3128 dissidia
626 3083 674 3128 in
720 3081 916 3128 familia
958 3082 1197 3136 oriantur,
1242 3088 1293 3128 et
1338 3082 1537 3128 aliunde
1581 3083 1704 3128 satis
1748 3087 1940 3128 constet
1974 3081 2032 3127 de

154 3162 515 3215 perseverante
551 3170 788 3203 consensu
821 3156 960 3212 Titii,
999 3155 1125 3203 Gaia
1157 3157 1498 3214 impedimenti
1532 3156 1728 3202 conscia
1760 3156 2032 3201 humillime

156 3232 404 3290 supplicat
435 3230 816 3276 Illustrissimae
849 3231 1194 3278 Dominationi
1224 3230 1456 3287 Vestrae,
1506 3236 1561 3276 ut
1594 3244 1742 3289 super
1772 3230 2033 3288 praedicto

155 3306 507 3364 impedimento
541 3305 852 3351 sanationem
885 3306 935 3351 in
967 3306 1138 3352 radice
1171 3306 1296 3351 velit
1320 3305 1592 3351 concedere
1627 3306 1685 3350 ob
1718 3306 1894 3350 bonum
1930 3304 2033 3349 eius

158 3390 208 3426 et
242 3381 300 3426 ob
333 3382 511 3426 bonum
534 3379 688 3438 prolis
722 3380 822 3425 iam
855 3385 1007 3426 natae
1039 3381 1120 3426 vel
1154 3379 1453 3425 nasciturae.
1517 3378 1627 3435 (Vel
1637 3392 1652 3420 .·
1688 3391 1716 3423 a
1749 3376 1876 3423 Sede
1902 3377 2034 3436 Apo-

157 3454 334 3500 stolica
370 3454 788 3512 dispensationem
823 3455 1088 3512 procuret).
