2269 3898
700 110 766 152 De
796 112 962 152 natura
995 108 1306 154 conscientiae.
1842 110 1930 152 <213

66 242 322 293 fessionis
366 240 697 310 quandoque
741 240 975 306 deficiat,
1023 243 1151 310 quia
1191 249 1413 310 propter
1452 243 1684 293 nimium
1728 243 1931 294 incom-

68 329 294 381 modum
335 329 404 380 ab
448 330 759 397 integritate
802 337 1151 383 excusantur.

219 421 362 470 Num
402 421 470 470 sic
510 417 758 486 obliyatc'o
801 418 994 485 aqendi
1039 427 1219 469 contra
1260 420 1627 470 conscientiam
1667 418 1930 489 scrupulo-

60 527 194 561 sam.
259 507 607 576 Quandoque
649 505 910 573 obligatio
953 514 1033 556 est
1073 507 1273 574 agendi
1317 515 1505 558 contra
1535 509 1927 559 conscientiam

63 596 471 666 scrupulosam:
515 594 755 663 scrupuli
799 595 945 645 enim
989 602 1115 645 sunt
1156 594 1331 646 morbi
1373 597 1606 662 animae,
1651 598 1743 665 qui
1787 596 1930 648 dam-

67 702 201 735 num
243 685 481 735 afferunt
523 684 671 734 vitae
722 691 837 734 tum
896 673 1321 752 corporalitum
1365 684 1665 753 spirituali3
1722 686 1763 736 si
1806 704 1931 753 ergo

60 791 136 824 ex
188 774 255 824 iis
306 791 476 841 grave
534 772 798 824 damnum
857 773 1124 836 imminet,
1182 774 1370 824 existit
1425 772 1685 841 obligatio
1744 782 1932 826 contra

62 860 349 930 >scrupulos
391 861 653 915 certandi.
710 862 870 913 Licet
911 861 1047 913 haec
1088 861 1350 930 obligatio
1394 881 1489 930 per
1518 881 1573 913 se
1615 864 1785 930 possit
1816 881 1931 914 esse

59 952 266 1019 gravis,
329 969 614 1019 nunquam
669 958 854 1002 tamen
894 952 1081 1019 gravis
1123 958 1202 1002 est
1243 951 1423 1020 quoad
1468 951 1711 1018 singulos
1752 959 1930 1016 actus3

66 1040 232 1090 immo
293 1039 397 1107 ipsi
456 1038 759 1108 scrupulosi
808 1059 839 1090 a
879 1041 1036 1108 gravi
1094 1038 1254 1109 culpa
1321 1039 1431 1090 fere
1497 1058 1714 1109 semper
1776 1058 1933 1091 excu-

59 1137 255 1179 santur
296 1126 364 1179 ob
408 1146 545 1194 eam,
591 1147 697 1197 qua
739 1128 1006 1195 laborant,
1060 1128 1499 1194 infirmitatem¹).

1852 1230 1907 1332 gl*

700 1392 994 1450 Articulus
1038 1395 1294 1466 quartUS.

362 1516 455 1554 De
503 1508 1225 1554 eonscientia'eerta
1273 1517 1340 1554 et
1386 1515 1625 1554 dubia.

591 1661 625 1716 ἕ
657 1663 706 1705 1.
755 1663 841 1705 De
871 1664 1211 1706 conscientia
1242 1667 1411 1706 certa.

216 1795 346 1848 194.
388 1794 560 1848 Notio
603 1809 668 1848 ac
710 1794 948 1848 divisio.
1006 1793 1357 1846 Conscientia
1399 1804 1539 1847 certa
1581 1814 1643 1846 ea
1684 1803 1779 1862 est,
1824 1814 1932 1865 qua

60 1903 217 1936 mens
259 1885 486 1935 firmiter
526 1883 733 1953 absque
777 1882 995 1934 errandi
1053 1882 1346 1935 formidine
1401 1884 1610 1935 iudicat
1656 1885 1929 1936 actionem

59 1992 181 2025 esse
223 1973 425 2024 bonam
469 1980 521 2023 et
561 1972 772 2024 licitam
815 1971 903 2022 vel
946 1971 1147 2023 malam
1189 1980 1354 2041 atque
1396 1972 1661 2027 illicitam.

213 2083 261 2116 α.
304 2062 535 2113 Ratione
562 2062 741 2113 motivi
769 2061 1128 2128 distinguitur
1165 2062 1435 2113 certitudo
1478 2064 1662 2114 stricta
1691 2081 1785 2115 seu
1816 2082 1930 2132 per-

61 2152 222 2218 fecta,
266 2170 405 2220 quae
447 2169 608 2202 omne
651 2149 882 2202 dubium
925 2168 1254 2219 omnemque
1302 2151 1657 2203 formidinem
1711 2153 1929 2204 errandi

59 2241 228 2291 etiam
271 2240 676 2309 imprudentem
717 2241 936 2308 penitus
976 2238 1238 2305 excludit,
1282 2248 1334 2291 et
1369 2241 1642 2293 'certitudo
1681 2241 1794 2293 lata,
1836 2261 1930 2293 seu

62 2330 406 2399 imperfecta,
461 2348 601 2399 quae
654 2329 827 2381 solum
883 2347 1044 2380 omne
1096 2329 1337 2397 prudens
1391 2329 1623 2381 dubium
1666 2330 1926 2397 excludit,

60 2418 335 2469 eiusmodi
363 2425 547 2470 tamen
577 2419 798 2470 motivis
828 2419 1097 2483 innititur,
1141 2437 1280 2489 quae
1321 2438 1623 2483 assensum,
1668 2421 1762 2489 qui
1807 2439 1927 2489 pru-

62 2507 286 2559 dentem
328 2506 679 2559 formidinem
722 2507 942 2559 errandi
986 2506 1261 2572 excludat,
1297 2527 1426 2559 vere
1468 2516 1763 2561 merentur.

215 2596 453 2639 Certitudo
485 2597 583 2640 lata
616 2610 694 2640 seu
727 2596 997 2651 imperfecta
1031 2596 1119 2639 dici
1153 2598 1268 2640 solet
1301 2597 1528 2640 certitudo
1561 2598 1762 2640 moralis.
1808 2598 1930 2640 Haec

60 2670 112 2713 in
145 2670 304 2714 multis
346 2670 478 2713 rebus
526 2671 665 2713 etiam
714 2670 880 2713 summi
928 2671 1147 2714 momenti
1196 2671 1324 2715 nobis
1374 2673 1581 2715 sufficere
1630 2671 1776 2726 debet,
1825 2672 1931 2726 quia

62 2744 280 2787 maiorem
314 2748 360 2788 et
392 2745 706 2799 perfectiorem
739 2745 787 2788 in
820 2745 878 2788 iis
911 2745 1073 2789 habere
1106 2760 1196 2790 non
1229 2760 1466 2801 possumus
1485 2760 1520 2792 e.
1540 2760 1584 2802 g.
1610 2747 1663 2791 de
1686 2746 1930 2791 validitate

66 2817 287 2873 baptismi
320 2819 392 2861 vel
425 2818 726 2862 ordinationis
760 2820 1067 2863 sacerdotalis.
1129 2821 1349 2864 Attamen
1382 2821 1699 2864 confundenda
1740 2834 1829 2864 non
1862 2825 1930 2864 est

62 2906 166 2935 cum
199 2892 476 2936 certitudine
508 2893 683 2947 morali,
718 2906 831 2947 quae
862 2893 1108 2949 improprie
1139 2894 1221 2938 hoc
1264 2894 1446 2938 nomine
1488 2898 1679 2938 vocatur
1716 2899 1761 2938 et
1803 2894 1929 2938 aliud

63 2980 154 3010 non
187 2966 422 3021 significat
453 2966 543 3009 nisi
576 2966 791 3010 maiorem
825 2968 1047 3021 quendam
1093 2969 1287 3022 gradum
1335 2968 1688 3024 probabilitatis,
1731 2968 1841 3024 quin
1882 2968 1929 3012 li-

69 3041 206 3084 mites
239 3040 579 3096 probabilitatis
612 3041 814 3084 excedat.

215 3114 258 3168 b.
320 3115 550 3166 Ratione
603 3114 790 3166 obiecti
842 3115 1197 3185 distinguitur
1259 3118 1526 3169 certitudo
1584 3116 1925 3187 speculativa,

65 3221 206 3272 quae
233 3210 484 3254 versatur
525 3204 670 3254 circa
711 3205 970 3256 veritates
1011 3203 1314 3257 abstractas
1343 3206 1431 3257 vel
1460 3207 1605 3257 circa
1630 3205 1927 3256 liceitatem

65 3293 298 3344 actionis
327 3293 382 3343 in
409 3310 624 3360 genere,
669 3311 712 3344 e.
742 3311 793 3361 g.
835 3311 991 3344 arare
1020 3301 1099 3345 est
1140 3312 1276 3363 opus
1304 3294 1517 3361 servile,
1564 3293 1651 3344 vel
1683 3294 1767 3345 die
1790 3293 1927 3344 festo

222 3455 250 3508 ¹)
281 3455 348 3498 Cf.
383 3454 506 3507 Stoa,
540 3454 760 3498 Tribunal
792 3454 962 3510 poenit.
994 3456 1022 3498 1.
1061 3457 1097 3498 1.
1133 3469 1199 3511 pr.
1233 3455 1274 3498 5.
1306 3469 1349 3498 n.
1379 3456 1476 3499 182.

251 3548 262 3568 l
329 3546 370 3597 sss
415 3572 418 3576 ἡ

241 3576 249 3592 ,s

270 3620 273 3624 ,
311 3598 374 3640 s“

225 3629 271 3668 ΛΑ’
307 3641 312 3657 r
874 3660 877 3664 .
915 3650 920 3658 Ι

0 3702 103 3750 zze)
183 3721 242 3738 ‘m
287 3716 370 3744 ⁵³-st
396 3720 420 3747 :q
481 3716 543 3748 ql
617 3727 634 3740 v
666 3721 675 3743 t
768 3750 771 3755 β
925 3719 958 3742 Ἀ
