2269 3898
311 112 364 154 16
1046 111 1112 154 De
1144 110 1451 154 matrimonio.

309 246 467 288 hentes
500 245 764 300 plerumque
796 244 1021 299 nesciunt,
1054 243 1400 287 matrimonium
1435 249 1481 288 et
1514 249 1848 289 sacramentum
1882 246 2190 291 indissolubili

309 333 428 363 nexu
460 318 654 361 invicem
680 319 929 361 cohaerere.

460 408 493 436 c.
528 394 649 447 Ergo
699 393 838 436 etiam
889 392 1234 436 matrimonium
1279 393 1450 436 initum
1499 394 1622 437 inter
1669 395 1879 437 absentes
1921 400 1990 438 est
2033 409 2188 439 verum

307 473 654 522 sacramentum,
701 467 820 510 sicut
853 472 923 510 est
954 480 1088 510 verus
1131 471 1406 511 contractus.
1473 468 1771 522 Quamobrem
1806 471 2078 513 contrahens
2111 484 2194 525 per

307 550 641 596 procuratorem
686 543 757 585 vel
803 555 882 597 per
915 541 1156 597 epistolam
1191 556 1347 585 curare
1382 542 1529 598 debet,
1573 548 1627 586 ut
1659 543 1707 586 in
1752 547 1880 587 statu
1914 544 2094 599 gratiae
2127 544 2192 588 sit

304 629 353 659 eo
398 622 615 671 tempore,
665 629 751 671 quo
795 617 1033 671 perficitur
1078 620 1363 660 contractus:
1414 618 1564 661 eodem
1615 618 1735 661 enim
1779 622 1982 674 tempore
2025 619 2191 674 recipit

305 696 653 733 sacramentum.
718 691 853 734 Patet
887 704 978 734 non
1011 696 1364 747 procuratorem,
1400 692 1477 735 sed
1511 692 1808 748 principalem
1843 698 2059 749 agentem
2093 707 2190 737 esse

305 765 568 808 ministrum
601 765 897 818 sacramenti:
932 765 1105 820 pariter
1136 780 1227 809 non
1257 766 1564 821 procuratoris
1598 768 1675 810 sed
1708 767 1975 823 principalis
2005 768 2191 824 agentis

302 853 567 883 consensum
609 852 704 883 θεεθ
748 840 988 883 materiam
1031 845 1078 883 et
1117 842 1311 883 formam
1357 842 1644 885 sacramenti.
1710 841 1858 895 Quare
1898 857 1989 886 non
2030 847 2189 898 peccat

302 919 581 969 procurator,
616 915 691 969 qui
726 928 775 958 eo
800 922 1017 970 tempore,
1051 929 1137 969 quo
1160 929 1240 970 pro
1274 915 1363 959 alio
1388 916 1634 971 contrahit,
1667 916 1714 960 in
1749 921 1877 960 statu
1900 918 2074 972 peccati
2109 917 2186 960 sit.

452 1078 545 1132 16.
605 1079 854 1133 Materia
909 1080 968 1133 et
1019 1079 1237 1134 forma.
1321 1079 1602 1145 Quoniam
1646 1089 1960 1132 contractus
2003 1083 2182 1132 matri·

302 1167 557 1219 monialis
597 1187 629 1219 a
671 1178 1015 1235 sacramento
1059 1188 1170 1221 non
1206 1169 1582 1238 distinguitur,
1627 1170 1820 1221 eadem
1851 1179 1931 1222 est
1958 1171 2186 1222 ‘materia

300 1266 347 1308 ez‘
373 1257 565 1327 forma
607 1261 954 1325 sacramenti,
1000 1277 1141 1329 quae
1183 1267 1264 1311 est
1299 1261 1529 1311 materia
1564 1269 1616 1310 et
1644 1259 1821 1311 forma
1850 1268 2182 1314 contractus.

448 1382 495 1416 α.
555 1363 788 1414 Materia
844 1372 1044 1415 ¹remota
1102 1372 1228 1415 sunt
1284 1382 1514 1433 corpora
1576 1364 2023 1416 contrahentium
2087 1383 2182 1416 seu

298 1453 381 1502 ius
438 1453 494 1503 in
554 1470 807 1521 corpora,
863 1453 1010 1522 quod
1069 1453 1457 1505 contrahentes
1515 1463 1706 1505 mutuo
1764 1452 1869 1505 sibi
1925 1453 2182 1519 tradunt3

296 1542 529 1592 materia
559 1543 820 1612 proxima
861 1552 942 1594 est
982 1544 1100 1612 ipsa
1143 1543 1365 1594 traditio
1409 1553 1601 1594 mutua
1642 1542 1810 1594 huius
1852 1545 1987 1595 iuris
2025 1545 2184 1613 signo

296 1631 542 1683 sensibili
586 1651 861 1702 expressa.

448 1722 490 1774 b.
538 1723 730 1773 Forma
771 1724 1103 1774 sacramenti
1148 1730 1227 1774 est
1269 1730 1462 1774 mutua
1503 1724 1638 1774 iuris
1681 1724 1990 1793 acceptatio
2024 1725 2182 1792 signo

296 1811 545 1863 sensibili
588 1830 865 1881 expressa.
922 1812 992 1864 Et
1022 1814 1152 1882 quia
1186 1812 1409 1865 traditio
1454 1822 1507 1864 et
1547 1814 1855 1882 acceptatio
1899 1813 2182 1865 ordinarie

294 1920 392 1971 per
444 1901 617 1953 verba
666 1903 1066 1970 significantur,
1123 1902 1234 1954 dici
1293 1904 1459 1954 etiam
1514 1911 1693 1972 potest
1745 1902 1921 1970 verba,
1978 1902 2184 1973 quibus

295 2000 488 2043 mutua
528 1992 751 2043 traditio
795 2000 848 2043 et
897 1994 1206 2061 acceptatio
1257 1993 1392 2044 iuris
1441 1994 1790 2062 exprimitur,
1847 1993 2179 2045 constituere

296 2083 583 2133 materiam
612 2090 665 2133 et
693 2081 927 2133 formam
952 2083 1309 2147 sacramenti3
1342 2083 1631 2134 materiam
1656 2082 1881 2153 quidem
1906 2089 2182 2152 quatenus

293 2172 614 2240 exprimunt
667 2173 801 2223 iuris
853 2172 1226 2235 traditionem,
1281 2172 1516 2224 formam
1572 2191 1703 2224 vero
1757 2181 2031 2243 quatenus
2087 2191 2175 2224 ex-

295 2263 540 2331 primunt
582 2261 829 2313 eiusdem
873 2263 1330 2331 acceptationem.

446 2426 537 2479 17.
587 2426 857 2480 Ministri
898 2426 1063 2478 huius
1103 2427 1435 2478 sacramenti
1463 2433 1590 2478 sunt
1618 2427 1723 2496 ipsi
1753 2426 2177 2478 contrahentes:

292 2517 335 2567 si
379 2518 525 2568 enim
570 2524 977 2568 sacramentum
1022 2535 1054 2568 a
1096 2524 1383 2568 contractu
1426 2534 1536 2567 non
1573 2516 1774 2579 differt,
1818 2516 2178 2568 conficientes

292 2614 636 2658 contractum
681 2607 848 2658 etiam
891 2614 1300 2658 sacramentum
1343 2605 1661 2659 conficiunt.
1747 2606 1903 2671 Quae
1948 2607 2174 2676 quidem

292 2696 543 2748 doctrina
618 2695 746 2747 olim
815 2705 1170 2748 controversa
1243 2695 1409 2748 hodie
1485 2703 1640 2747 extra
1708 2714 1871 2748 omne
1941 2696 2180 2748 dubium

291 2788 468 2855 posita
510 2787 658 2852 estl).

439 2890 745 2934 Nihilominus
780 2895 1114 2934 sacramentum
1149 2892 1391 2947 conferunt
1422 2895 1521 2934 tum
1555 2891 1728 2945 fideles,
1767 2891 1844 2945 qui
1876 2890 2096 2946 ignorant
2129 2903 2177 2934 se

291 2978 385 3008 esse
409 2965 644 3009 ministros
668 2966 955 3020 sacramenti,
989 2969 1089 3008 tum
1123 2965 1357 3020 haeretici,
1391 2965 1468 3021 qui
1501 2979 1590 3009 non
1613 2965 1804 3009 credunt
1828 2965 2172 3009 matrimonium

290 3053 384 3083 esse
424 3046 773 3096 sacramentum,
815 3041 1005 3096 ideoque
1048 3040 1298 3096 (explicite)
1339 3055 1425 3085 non
1472 3041 1724 3085 intendunt
1767 3041 1985 3084 conficere
2029 3053 2170 3083 sacra-

290 3122 510 3159 mentum.
569 3116 630 3158 Et
661 3116 731 3158 illi
766 3116 963 3170 quidem,
987 3115 1094 3171 quia
1126 3116 1383 3170 generalem
1417 3116 1720 3160 intentionem
1755 3115 1925 3158 habent
1957 3113 2174 3169 faciendi,

290 3191 407 3245 quod
439 3190 617 3233 faciunt
651 3190 787 3233 ceteri
821 3191 979 3234 fideles
1011 3190 1355 3234 matrimonium
1389 3191 1617 3246 ineuntes,
1650 3194 1789 3245 atque
1820 3190 1923 3233 ideo
1955 3189 2172 3242 faciendi,

289 3266 406 3319 quod
431 3265 639 3308 Christus
662 3265 894 3313 instituit3
920 3265 1137 3308 haeretici
1160 3279 1280 3320 vero,
1305 3266 1412 3320 quia
1434 3266 1699 3321 plerumque
1723 3265 1886 3308 saltem
1911 3265 2169 3320 generalem

289 3339 590 3383 intentionem
640 3339 810 3383 habent
858 3340 1170 3395 contrahendi,
1219 3344 1272 3383 ut
1321 3340 1559 3384 christiani
1608 3341 1656 3384 in
1707 3339 1894 3384 ecclesia
1927 3353 1953 3382 a
1988 3339 2171 3382 Christo

446 3488 473 3542 1ξ
506 3488 572 3533 Cf.
607 3489 754 3532 Pescla
790 3489 891 3532 VII.
925 3503 967 3532 n.
1003 3489 1089 3533 868
1124 3503 1179 3532 ss.
