2269 3898
264 114 352 157 180
1002 111 1086 153 ΙΙΙ.
1120 110 1189 154 Ι)0
1220 111 1413 167 legibus.

263 247 412 299 valet
468 248 535 299 de
591 247 1100 316 dispensationibus
1149 246 1668 299 matrimonialibus.
1753 247 2003 312 Quilibet
2044 249 2155 301 dis-

261 338 644 407 pensationem
686 336 918 404 petitam
961 343 1252 405 acceptare
1295 345 1564 402 censetur,
1609 338 1716 388 nisi
1762 337 1830 388 de
1873 340 2160 391 contraria.

263 426 549 477 voluntate
591 432 816 476 constet.

417 528 456 556 a.
493 513 806 558 Confessarius
839 513 1009 557 habens
1042 516 1323 568 potestatem
1359 514 1653 569 dispensandi
1697 515 1836 558 etiam
1878 529 1978 559 cum
2011 530 2154 572 pere-

255 590 409 646 prinis
435 589 696 644 dispensare
718 592 886 644 potest,
920 588 1016 632 sive
1048 592 1328 644 potestatem
1361 588 1497 632 habet
1532 603 1558 632 a
1591 603 1766 633 summo
1800 590 2018 645 pontifice
2051 591 2160 635 sive:

260 665 317 709 ab
351 664 581 720 episcopo:
617 668 780 707 neuter
812 663 931 706 enim
967 667 1176 706 censetur
1210 663 1419 718 delegare
1451 668 1729 719 potestatem
1766 666 1824 708 ad
1867 669 2013 709 certas
2052 679 2146 721 per-

257 754 389 784 sonas
425 739 702 794 restrictam,
743 739 822 783 sed
865 743 1161 794 potestatem,
1206 752 1320 793 quae
1362 752 1408 782 se
1451 740 1672 783 extendat
1712 740 1771 783 ad
1818 753 1987 795 omnes,
2033 754 2156 796 quos-

255 815 345 871 ipsi
381 816 645 871 delegantes
681 813 943 869 dispensare
975 818 1182 869 possunt.

376 890 412 933 b.
436 890 651 933 Facultas
676 888 985 944 dispensandi,
1009 902 1123 943 quae
1145 887 1283 931 alicui
1303 888 1567 932 conceditur
1583 893 1820 944 tamquam
1841 891 2144 946 confessario,

254 965 303 1009 in
337 978 409 1009 eos
442 970 626 1007 tantum
660 965 800 1018 valet,
830 964 878 1007 in
912 977 1021 1018 quos
1060 962 1426 1006 iurisdictionem
1471 963 1631 1013 habet;
1677 968 1723 1006 01
1763 968 1984 1018 potestas,
2028 977 2144 1018 quae

254 1040 393 1084 alicui
428 1039 690 1083 conceditur
723 1042 959 1093 tamquam
999 1038 1315 1092 missz'onario,
1361 1039 1488 1082 valet
1536 1052 1616 1094 pro
1650 1042 1751 1082 toto
1796 1044 2010 1094 tempore,
2055 1052 2144 1094 quo

255 1113 548 1158 missionibus
582 1112 803 1156 habendis
838 1112 1098 1156 destinatus
1132 1117 1217 1168 est,
1251 1112 1337 1156 etsi
1371 1116 1478 1156 actu
1511 1127 1603 1156 11011
1629 1118 1875 1169 occupetur
1906 1113 1955 1156 in
1990 1113 2142 1157 danda

250 1190 479 1235 missione.

403 1339 530 1395 158.
596 1340 741 1391 Num
794 1337 990 1389 habens
1044 1345 1358 1407 potestatem
1428 1338 1786 1408 dispensandi
1845 1358 1957 1390 cum
2011 1337 2151 1390 aliis·

249 1451 416 1483 secum
456 1432 571 1501 ipse
612 1430 924 1500 dispensare
955 1429 1150 1498 possit.
1235 1426 1347 1492 Qui
1389 1427 1558 1479 habet
1602 1435 1932 1497 potestatem
1974 1445 2133 1496 gene·

247 1521 419 1573 ralem
463 1525 597 1588 (non
639 1537 734 1588 pro
777 1517 1099 1588 particulari
1143 1520 1297 1584 casu)
1341 1519 1459 1570 sive
1502 1518 1843 1570 ordinariam
1886 1519 2004 1570 sive
2048 1519 2145 1571 de·

247 1611 484 1679 legatam
543 1608 903 1678 dispensandi
958 1626 1084 1659 cum
1146 1607 1285 1671 aliis,
1350 1608 1671 1677 dispensare
1735 1616 1912 1678 potest
1966 1610 2133 1661 etiam

245 1719 416 1752 secum
454 1700 583 1769 ipse,
640 1698 808 1768 idque
862 1698 1093 1749 directe:
1151 1698 1490 1767 dispensatio
1534 1700 1681 1750 enim
1726 1717 1836 1751 non
1866 1707 1948 1751 est
1975 1707 2146 1751 actus

246 1790 645 1842 iurisdictionis
701 1790 1078 1839 contentiosae
1139 1806 1240 1839 nec
1307 1788 1706 1840 iurisdictionis
1763 1788 2128 1854 voluntariae,

245 1899 354 1951 qua
410 1878 673 1947 obligatio
736 1879 1078 1946 iniungitur,
1149 1878 1246 1929 sed
1303 1878 1703 1930 iurisdictionis
1762 1878 2129 1940 voluntariae,

245 1989 354 2040 qua
394 1970 573 2038 gratia
614 1968 968 2035 conceditur3
1025 1968 1096 2019 ad
1138 1976 1295 2020 actus
1345 1987 1477 2020 vero
1520 1969 1686 2021 huius
1729 1969 2144 2021 iurisdictionis-

241 2078 353 2112 non
394 2059 693 2129 requiritur
736 2077 968 2128 persona
1015 2058 1293 2111 distincta.

396 2164 482 2218 Qui
516 2163 775 2219 generalem
812 2161 1109 2217 dispensandi
1143 2162 1419 2206 facultatem
1453 2162 1605 2219 habet,
1655 2163 1859 2207 omnium
1908 2177 2141 2208 consensus

242 2245 397 2295 potest
430 2239 571 2283 etiam
605 2251 755 2281 seeum
788 2237 886 2292 ipse
921 2237 1196 2292 dispensare.
1260 2237 1391 2280 Hanc
1422 2240 1582 2281 tamen
1617 2237 2003 2294 dispensationem
2037 2252 2129 2283 non

240 2327 394 2358 omnes
430 2314 584 2357 eodem
618 2313 751 2356 modo
786 2312 1033 2368 explicant.
1096 2312 1191 2355 Alii
1226 2316 1410 2356 censent
1434 2312 1711 2368 superiorem
1736 2313 1881 2356 solum
1905 2312 2129 2356 indirecte

240 2402 389 2432 50011111
425 2387 687 2442 dispensare
720 2400 864 2442 posse,
897 2387 1034 2442 idque
1069 2386 1244 2442 duplici
1279 2387 1425 2430 modo.
1491 2387 1573 2430 Vel
1607 2387 1727 2431 enim
1762 2401 1862 2430 cum
1888 2391 1989 2430 tota
2011 2400 2125 2430 com-

239 2463 468 2506 munitate
502 2462 760 2517 dispensat;
796 2461 957 2517 quodsi
992 2466 1094 2505 tota
1127 2462 1434 2505 communitas
1456 2476 1494 2517 a
1526 2462 1627 2517 lege
1661 2462 1870 2517 solvitur,
1916 2462 2139 2517 aequitas-

240 2538 463 2593 postulat‚
496 2541 550 2580 ut
583 2537 723 2580 etiam
757 2537 885 2580 illius
919 2541 1060 2592 caput
1091 2536 1148 2580 ab
1181 2549 1233 2580 ea
1267 2537 1488 2580 solvatur.
1521 2536 1605 2580 Vel
1639 2537 1844 2592 superior
1866 2537 2004 2580 alicui
2027 2550 2131 2581 con·

238 2613 358 2656 cedit
390 2613 664 2656 facultatem
700 2611 1010 2667 dispensandi,
1045 2616 1091 2655 et
1116 2611 1279 2655 deinde
1300 2611 1399 2666 ipse
1421 2611 1478 2654 ab
1501 2625 1550 2655 eo
1573 2611 1694 2667 petit
1719 2611 2124 2668 dispensationem.

235 2688 307 2730 Ad
340 2689 456 2731 hanc
489 2687 766 2731 sententiam
802 2687 1168 2742 amplectendam
1205 2687 1436 2730 ducuntur
1458 2687 1591 2730 hocce
1617 2690 1909 2742 argumento:
1947 2685 2122 2741 dispen-

235 2762 352 2805 satio
386 2767 456 2806 est
502 2767 632 2806 actus
679 2761 1036 2813 iurisdictionis;
1087 2775 1218 2806 nemo
1267 2766 1422 2806 autem
1474 2762 1524 2805 in
1570 2761 1868 2817 semetipsum
1917 2773 2137 2805 exercere:

235 2842 389 2893 potest
421 2837 802 2893 iurisdictionem,
837 2837 944 2892 quia
976 2836 1245 2881 exercitium
1279 2836 1614 2881 iurisdictionis
1648 2836 1886 2881 subditum
1919 2837 2136 2891 adeoque-

233 2925 471 2968 personam
507 2912 774 2956 distinctam
802 2912 964 2967 exigit.
1027 2912 1336 2956 Nihilominus
1385 2912 1466 2956 alii
1510 2912 1681 2957 rectius
1723 2912 2009 2956 contendunt
2051 2925 2134 2955 su-

233 2988 454 3043 periorem
488 2987 658 3031 duecte
691 3001 841 3031 secum
878 2987 1139 3042 dispensare
1174 3001 1318 3043 posse,
1354 2988 1461 3043 quia
1484 2989 1542 3070 ad
1565 2988 1769 3077 gratiam
1798 2987 2117 3063 conferendam

231 3076 322 3105 non
356 3062 608 3117 requiiitur
641 3076 833 3118 peisona
867 3063 1102 3107 distincta.

376 3212 507 3267 159.
564 3212 710 3264 len
764 3232 991 3265 summus
1032 3213 1290 3283 pontifex
1345 3213 1658 3283 dispensare
1688 3215 1868 3284 possit
1905 3214 1962 3264 in
2006 3211 2127 3282 leye-

230 3302 430 3355 cla-ina.
474 3333 545 3339 -——
584 3303 650 3354 In
691 3301 811 3372 lege
854 3303 1049 3354 divina
1082 3303 1320 3372 positiva
1370 3302 1689 3373 dispensare
1740 3303 1948 3374 nequit,
1992 3321 2121 3361 eam*

229 3409 360 3444 vero
415 3392 706 3444 authentice
761 3392 1042 3444 declarare
1097 3400 1150 3444 et
1202 3394 1554 3464 interpretari
1615 3401 1795 3463 potest
1854 3400 1926 3457 (n.
1972 3392 2126 3457 lom„

230 3480 430 3546 Quoad
458 3481 636 3550 legem
668 3482 919 3535 divinam
953 3481 1254 3535 naturalem
1295 3491 1504 3535 certum
1548 3491 1628 3536 est
1669 3501 1944 3536 summum
1982 3500 2122 3553 pon—
