2269 3898
273 177 360 220 <296
1001 176 1078 218 VI.
1112 177 1179 220 De
1211 177 1423 231 peccatis.

425 310 558 362 270.
602 311 652 362 3.
698 309 890 361 Plenus·
931 328 1229 362 consensus,
1272 331 1320 364 a.
1366 311 1455 363 Ad
1486 330 1814 364 consensum
1844 313 2071 383 plenum
2103 323 2156 366 01

274 400 580 470 perfectum
624 418 735 450 non
776 401 1078 468 requiritur
1106 401 1430 453 immunitas
1472 421 1503 452 a
1544 403 1801 472 passione
1841 401 1931 453 vel
1972 411 2154 455 metu:

276 506 403 540 nam
459 487 633 538 solum
687 487 781 539 illa
823 490 1007 557 passio
1049 488 1275 558 plenum
1319 507 1648 542 consensum
1692 491 1956 558 excludit,
2015 510 2156 562 quae

272 577 573 646 perfectam
618 576 1074 629 deliberationem
1118 579 1366 647 impedit.

423 666 467 719 b.
512 666 684 733 Signa
726 666 1015 736 semipleni
1059 685 1384 720 consensus:

424 770 465 801 α.
502 755 587 809 Qui
621 755 923 800 habitualit-er
946 757 1157 800 abhorret
1194 771 1220 800 a
1253 757 1385 813 gravi
1419 762 1618 813 peccato,
1651 759 1791 803 immo
1814 761 1998 803 firmum
2021 760 2159 804 habet

276 829 561 886 propositum
595 830 749 885 potius
781 831 894 874 mori
924 845 1058 886 quam
1083 845 1266 887 peccare
1299 832 1570 888 mortaliter,
1599 835 1956 888 praesumendus
1977 839 2046 879 est
2069 849 2160 879 non

274 906 406 961 plene
439 905 728 949 consensisse

424 979 585 1033 13.Qui
618 985 853 1035 peccatum
888 985 991 1024 exte
1036 994 1089 1024 115
1122 981 1257 1037 facile
1303 981 1496 1051 exequi
1504 982 1731 1037 potuisset
1764 988 1816 1050 01
1859 983 2159 1028 nihilominus

274 1068 301 1097 a
333 1059 516 1110 peccato
550 1054 792 1110 abstinuit,
827 1056 1039 1098 censendi
1022 1069 1075 1099 15
1109 1060 1177 1099 051
1210 1027 1496 1100 iffteiius
1438 1052 1529 1099 0011
1561 1057 1695 1112 plene
1728 1046 2018 1101 consensisse.
2060 1067 2064 1071 ‘

422 1144 460 1180 γ.
498 1128 583 1183 Qui
617 1131 855 1173 reflectens
889 1130 946 1173 ad
979 1130 1041 1185 id,
1077 1131 1197 1188 quod
1232 1130 1344 1186 egit,
1378 1130 1539 1173 statim
1573 1131 1764 1186 angitur
1796 1135 1842 1175 et
1874 1132 2091 1175 tar-istatui
2114 1136 2161 1176 et

277 1218 302 1247 a
337 1204 492 1259 pravis
526 1204 886 1260 cogitationibus
919 1212 962 1248 et
1000 1204 1236 1249 desideriis
1270 1218 1316 1248 se
1348 1205 1536 1259 avertit,
1570 1204 1745 1260 pariter
1776 1220 1866 1249 non
1899 1207 2031 1262 plene
2064 1220 2161 1250 con-

272 1292 452 1322 sensum
488 1279 628 1322 dedit.

425 1353 463 1396 ὃ.
501 1353 587 1407 Qui
623 1354 822 1409 dubitat,
856 1367 965 1396 num
1001 1353 1293 1409 consenserit,
1327 1354 1685 1410 praesumendus
1731 1361 1800 1399 est
1843 1370 1934 1400 non
1978 1369 2160 1399 consen-

276 1427 400 1484 sisse,
435 1428 471 1471 si
506 1429 752 1473 timoratae
785 1429 1088 1473 conscientiae
1122 1429 1196 1473 sit.

425 1517 566 1571 Quale
587 1522 825 1575 peecatum
860 1520 1120 1562 committat.
1165 1520 1243 1575 qui
1274 1519 1502 1562 deliberat
1532 1519 1587 1562 de
1609 1522 1796 1576 peceato
1830 1519 2156 1563 committendo.

276 1591 375 1650 Qui
410 1593 609 1650 cognita
655 1593 801 1651 gravi
836 1593 1045 1639 actionis
1080 1594 1277 1639 malitia
1313 1593 1566 1640 deliberat
1598 1594 1628 1639 i.
1665 1608 1706 1640 e.
1741 1594 1872 1640 serio
1908 1593 2160 1653 expendit„

273 1680 387 1712 num
421 1664 585 1712 Deum
619 1669 848 1725 graviter
883 1668 1133 1715 offendere
1167 1669 1292 1715 velit
1328 1683 1393 1715 an
1426 1683 1535 1725 000,
1550 1670 2055 1742 fflXth‘ffPPC-QRQ,
2079 1683 2161 1716 vo·

270 1742 437 1787 luntas
474 1742 601 1788 enim
634 1743 709 1789 ita
743 1743 927 1789 affecta
962 1749 1050 1796 est,
1085 1748 1140 1790 ut
1175 1744 1325 1790 etiam
1361 1744 1423 1789 ad
1459 1733 2051 1802 offeffs‘aTm-‘D‘eissp'a’fat‘aff
2080 1743 2160 1789 sit.

271 1814 433 1874 Saepe
463 1822 627 1862 tamen
651 1817 701 1862 in
726 1818 965 1864 eiusmodi
991 1818 1439 1865 deliberationibus
1470 1819 1633 1865 deerit
1661 1820 1811 1877 plena
1837 1818 2160 1866 advertentia

273 1891 335 1936 ad
379 1905 585 1947 gravem
628 1893 839 1939 actionis
883 1893 1145 1951 malitiam‚
1191 1895 1274 1940 vel
1309 1895 1488 1940 saltem
1521 1900 1634 1953 post
1665 1892 1855 1940 factum
1889 1907 1970 1939 res
2007 1893 2158 1939 dubia

273 1967 506 2024 manebit,
540 1981 652 2012 num
685 1968 833 2026 plena
869 1968 1190 2015 advertentia
1226 1968 1460 2015 adfuerit.

424 2102 575 2145 Nota.
613 2103 681 2145 Ex
715 2102 861 2158 signis
894 2104 1019 2158 pleni
1043 2118 1093 2147 ac
1117 2103 1357 2159 semipleni
1380 2116 1623 2147 consensus
1647 2102 1898 2158 colligitur,
1932 2102 2046 2158 quid·
2064 2116 2161 2146 con—

273 2177 491 2220 fessarius
524 2178 811 2233 interrogare
844 2178 1020 2234 debeat,
1053 2183 1105 2223 ut
1140 2183 1399 2234 cognoscat,
1440 2192 1551 2222 num
1586 2178 1633 2221 in
1668 2177 1803 2221 dubio
1846 2177 1900 2220 de
1943 2190 2162 2220 consensu

273 2264 413 2305 grave
446 2257 682 2307 peccatum
717 2254 1008 2296 commissum
1042 2254 1199 2297 fuerit.
1262 2254 1399 2297 Haud
1432 2267 1533 2297 raro
1568 2252 1870 2297 confessarius
1916 2253 1970 2295 de
2013 2251 2160 2307 gravi-

272 2330 372 2370 tate
404 2327 579 2381 peccati
601 2342 626 2371 a
653 2328 918 2383 poenitente
941 2329 1169 2372 commissi
1194 2333 1368 2372 certum
1391 2328 1612 2372 iudicium
1636 2329 1834 2371 formare
1850 2341 1941 2370 non
1975 2326 2161 2382 poterit,

276 2401 387 2445 adeo
420 2407 474 2444 ut
505 2415 575 2445 res
608 2401 693 2445 Dei
726 2403 895 2446 iudicio
928 2403 1226 2458 relinquenda
1259 2403 1335 2446 sit.

823 2584 857 2639 ὃς
889 2585 942 2629 2.
1007 2586 1093 2629 De
1116 2589 1348 2639 peccato
1379 2585 1609 2628 veniali.

424 2700 556 2755 271.
625 2702 980 2757 Existentia
1044 2704 1277 2771 peccati
1345 2701 1622 2756 venialis.
1728 2702 1865 2753 Esse
1932 2707 2161 2771 peccata

275 2789 535 2855 venialia,
600 2811 757 2861 quae,
819 2794 936 2844 sive
978 2812 1010 2844 a
1051 2792 1437 2863 peccatoribus
1479 2794 1597 2843 sive
1639 2810 1670 2843 a
1712 2793 1869 2843 iustis
1910 2791 2157 2843 commit-

275 2887 481 2946 tuntur,
538 2890 737 2933 natura
779 2901 878 2934 sua
931 2900 1168 2952 poenam
1218 2889 1500 2934 aeternam
1542 2900 1653 2933 non
1695 2888 1992 2948 merentur,
2036 2898 2160 2931 con·

276 2976 384 3020 stat
422 2987 491 3020 ex
533 2989 571 3023 5.
616 2973 889 3041 scriptura
930 2982 983 3023 et
1023 2971 1129 3023 hac
1164 2973 1540 3042 propositione
1571 2971 1680 3039 (20.
1725 2971 1870 3022 inter
1908 2968 2162 3035 baianas)

277 3057 568 3110 damnata:
632 3061 856 3114 Nullum
897 3071 973 3114 est
1003 3072 1282 3133 peccatum
1324 3081 1388 3113 eoe
1427 3071 1626 3114 natura
1665 3081 1765 3113 sua
1804 3058 2027 3125 veniale,
2070 3058 2163 3112 sed

275 3166 420 3199 omne
452 3159 730 3218 peccatum
770 3161 995 3204 meretur
1027 3171 1257 3222 poenam
1298 3162 1586 3205 aeternam.

425 3251 465 3282 a.
500 3238 617 3282 Sunt
649 3247 847 3295 peccata,
881 3255 994 3295 quae
1026 3246 1145 3285 teste
1168 3241 1395 3296 scriptura
1417 3256 1507 3284 non
1532 3243 1735 3285 afferunt
1758 3245 1949 3284 mortem
1971 3238 2152 3283 animae

274 3324 355 3355 nec
388 3317 574 3356 aeterna
607 3328 750 3369 poena
785 3315 925 3370 digna
957 3320 1081 3371 sunt,
1115 3317 1193 3360 sed
1227 3316 1364 3359 simul
1398 3330 1498 3360 cum
1533 3320 1662 3360 statu
1715 3315 1905 3371 gratiae
1946 3313 2156 3357 existunt

276 3388 377 3430 Non
412 3392 482 3432 est
511 3389 639 3432 homo
663 3390 812 3433 iustus
844 3391 887 3433 in
924 3394 1071 3443 terra,
1119 3391 1198 3446 qni
1236 3391 1390 3448 faeiat
1436 3391 1594 3433 bonum
1645 3393 1689 3433 et
1729 3402 1814 3432 non
1855 3387 2079 3445 peecet¹)·
2126 3401 2167 3430 31

432 3553 461 3607 ¹)
495 3555 611 3598 Eccl.
649 3556 688 3610 7,
723 3557 792 3599 ⁶21.
