2269 3898
657 128 723 170 De
755 127 1095 182 impedimentis
1130 127 1425 170 matrimonii.
1930 131 1983 173 79

105 262 305 317 ducitur,
339 266 381 306 et
417 263 474 305 ad
507 262 637 304 illum
672 261 852 315 quidem
888 265 1076 315 metum,
1117 261 1193 314 qui
1238 274 1501 304 consensum
1537 262 1721 316 minuit,
1770 262 1846 305 sed
1892 276 1981 305 non

106 337 246 380 tollit.

258 411 295 453 b.
328 408 671 453 Matrimonium
708 422 761 451 ex
794 409 925 463 gravi
959 413 1085 452 metu
1118 409 1285 452 initum
1336 424 1425 453 non
1472 410 1572 453 ideo
1606 410 1661 453 ab
1695 410 1882 453 ecclesia
1917 410 1984 452 de-

102 485 307 527 claratur
353 483 624 537 invalidum,
674 497 724 525 ac
765 483 803 525 si
846 483 1018 526 deesset
1061 496 1193 526 verus
1242 498 1504 533 consensus,·
1556 485 1632 527 sed
1682 498 1839 527 verum
1889 497 1984 526 con-

102 572 301 612 sensum,
350 563 476 600 metu
519 561 673 600 tamen
716 561 963 612 extortum,
1010 557 1111 612 ipsa
1156 558 1357 600 declarat
1404 558 1676 613 invalidum,
1725 564 1779 601 ut
1827 559 1986 613 plenae

105 632 498 675 matrimoniorum
534 630 739 674 libertati
773 631 1051 685 consulatur,
1097 631 1192 674 sine
1238 645 1326 685 qua
1359 631 1655 675 matrimonia
1700 634 1857 675 fausta
1891 646 1986 675 esse

99 714 348 760 nequeunt.

255 797 304 848 2.
371 796 583 846 Metum
645 794 904 845 dirimere
972 796 1385 846 matrimonium
1449 797 1564 846 iure
1629 794 1978 847 ecclesiastico

103 894 314 935 certum
359 892 455 949 est,
499 902 630 934 num
675 885 841 933 etiam
884 885 1000 935 iure
1042 892 1288 949 naturae,
1333 886 1775 937 controvertitur.

257 988 341 1041 Qui
375 989 422 1030 id
457 1002 556 1031 cum
595 987 806 1030 Sanches
848 994 893 1030 et
936 987 1113 1043 Kngsler
1146 990 1327 1043 memmi,
1369 988 1415 1030 in
1464 989 1583 1030 hunc
1632 988 1814 1031 modum
1859 1001 1988 1043 argu-

101 1066 394 1106 mentantur:
445 1067 594 1105 metus
626 1062 715 1105 iste
747 1076 836 1104 non
869 1064 1021 1105 aufert
1055 1062 1380 1116 voluntarium,
1431 1076 1530 1105 011111
1577 1062 1882 1105 sufficientem
1920 1062 1988 1105 de-

104 1137 422 1180 liberationem
455 1151 544 1179 non
577 1137 820 1191 impediat;
857 1150 963 1191 ergo
997 1137 1128 1180 adest
1162 1146 1417 1191 consensus,
1452 1138 1528 1191 qui
1563 1138 1620 1180 ad
1655 1138 1855 1181 valorem
1893 1151 1988 1180 con-

107 1217 283 1255 tractus
316 1211 671 1254 matrimonialis
705 1225 759 1254 ex
791 1212 888 1254 iure
931 1216 1124 1255 naturae
1166 1211 1428 1266 requiritur.
1494 1212 1686 1267 Insuper
1730 1216 1877 1255 metus
1927 1211 1988 1254 in-

105 1287 226 1330 iuste
258 1286 464 1329 incussus
496 1299 587 1329 non
621 1286 770 1341 magis
805 1288 955 1329 aufert
989 1286 1266 1340 libertatem,
1317 1300 1449 1340 quam
1498 1292 1647 1329 metus
1697 1287 1817 1329 iuste
1858 1286 1930 1328 101
1964 1299 1990 1328 a

105 1375 240 1404 causa
272 1360 477 1403 naturali
511 1361 736 1409 incussus;
773 1361 850 1403 sed
884 1367 1032 1404 metus
1066 1375 1092 1403 a
1126 1374 1260 1403 causa
1294 1361 1417 1403 iusta
1440 1361 1511 1403 101
1545 1360 1750 1403 naturali
1781 1360 1988 1403 incussus

106 1449 196 1478 non
238 1435 414 1478 dirimit
460 1435 818 1478 matrimonium.
884 1434 970 1488 Qui
1013 1435 1060 1477 id
1107 1449 1207 1478 cum
1250 1436 1413 1478 Pontio
1459 1442 1504 1478 et
1553 1435 1818 1477 Tcnnbnrz'm'
1857 1436 1986 1491 affir-

100 1513 248 1561 mant,
281 1510 533 1553 concedunt
567 1510 723 1553 adesse
765 1524 1045 1564 consensum,
1096 1510 1171 1564 qui
1222 1511 1274 1552 de
1323 1510 1420 1552 iure
1461 1514 1655 1552 naturae
1698 1510 1755 1552 ad
1788 1509 1985 1552 valorem

102 1584 298 1627 aliorum
326 1588 640 1626 contractuum
672 1584 940 1638 requiritur:
977 1588 1236 1626 contractus
1268 1589 1419 1626 autem
1446 1583 1800 1626 matrimonialis
1823 1589 1989 1625 natura

104 1672 187 1701 sua
220 1658 366 1713 exigit
402 1660 581 1713 plenam
617 1657 798 1700 omnino
833 1658 1093 1701 libertatem
1138 1658 1185 1700 in
1229 1658 1558 1701 contrahendo:
1606 1657 1686 1700 alii
1730 1657 1849 1700 enim
1894 1671 2006 1714 con-¹

107 1737 281 1775 tractus
324 1732 431 1775 initi
481 1745 535 1775 ex
579 1738 704 1775 metu
749 1732 919 1775 iniuste
954 1732 1132 1775 incusso
1167 1738 1275 1775 sunt
1307 1732 1644 1775 rescindibiles:
1690 1745 1791 1774 cum
1835 1659 2086 1790 1111101111),

105 1807 447 1850 matrimonium
491 1807 686 1850 rescindi
729 1821 818 1849 non
862 1807 1019 1862 possit,
1064 1807 1327 1861 requiritur,
1368 1812 1421 1849 111
1466 1807 1521 1850 ab
1563 1806 1795 1849 initio‘sit
1827 1788 2009 1849 invaliJ

108 1882 230 1924 dum.
296 1882 500 1936 Utraque
534 1882 763 1925 sententia
797 1881 1041 1936 probabilis
1076 1888 1156 1925 est.

258 1973 306 2024 3.
363 1971 452 2022 Ex
506 1970 590 2022 his
648 1973 895 2040 sequitur
951 1971 1409 2041 impedimentum
1461 1971 1566 2022 hoc
1608 1989 1724 2021 esse
1766 1989 1987 2040 prorsus

103 2060 561 2131 *indispensabilffi
604 2079 772 2130 quare
815 2059 989 2112 solum
1033 2079 1198 2111 causa
1241 2068 1418 2111 metus
1456 2059 1673 2111 sublata
1710 2062 1988 2112 matrimo-

110 2152 263 2201 nium
306 2152 433 2202 iniri
477 2150 565 2200 vel
616 2149 863 2201 invalide
906 2151 1101 2201 initum
1149 2149 1492 2201 convalidari
1542 2159 1746 2219 potest:
1801 2168 1988 2219 quam-

102 2241 202 2292 diu
257 2241 404 2290 enim
457 2239 619 2291 durat
672 2248 851 2291 metus
910 2241 1112 2291 iniuste
1165 2242 1434 2305 incussus,
1496 2239 1659 2290 durat
1701 2241 1867 2291 etiam
1911 2241 1989 2290 in-

106 2329 366 2381 habilitas
408 2329 478 2381 ad
521 2329 974 2382 contrahendum.

259 2494 353 2547 80.
413 2494 774 2548 Declaratio.
854 2494 930 2546 Ut
984 2502 1158 2545 metus
1214 2502 1359 2546 certo
1405 2495 1819 2546 matrimonium
1863 2494 1990 2546 diri-

113 2592 239 2649 mat,
284 2583 448 2635 debet
490 2602 634 2635 esse:
680 2604 727 2637 α.
771 2584 986 2651 gravis3
1032 2583 1071 2636 ἶ).
1121 2585 1383 2649 1111110111ος
1428 2603 1467 2637 c,
1512 2585 1766 2634 incussus
1808 2585 1863 2634 in
1907 2602 1985 2634 or-

103 2673 237 2724 dine
279 2673 350 2724 ad
392 2675 822 2725 matrimonium.

258 2798 305 2830 a.
359 2776 581 2842 Gravia,-
637 2788 812 2830 metus
871 2796 981 2829 non
1037 2777 1212 2830 solum
1263 2778 1511 2830 absolute
1557 2779 1650 2832 sed
1697 2780 1861 2830 etiam
1910 2798 1985 2829 re-

101 2866 277 2918 lative
336 2868 522 2935 gravis
583 2868 1000 2918 matrimonium
1063 2866 1299 2927 dirimit;
1368 2876 1544 2919 metus
1612 2877 1795 2919 autem
1862 2867 1987 2919 levis

107 2957 522 3007 matrimonium
567 2974 675 3006 non
721 2956 944 3010 dirimit.

261 3045 376 3088 Sunt
425 3045 622 3099 quidem,
672 3045 748 3099 qui
783 3044 938 3088 dicant
986 3046 1125 3089 etiam
1175 3051 1347 3088 metum
1391 3046 1535 3089 levem
1585 3038 1794 3090 dirimere
1838 3046 1991 3090 matri-

110 3119 335 3170 monium,·
380 3133 536 3163 10111111
582 3132 635 3162 ex
668 3119 765 3162 iure
798 3119 1099 3163 ecclesiastico
1134 3121 1255 3163 solus
1288 3123 1438 3163 metus
1472 3121 1627 3176 gravis
1660 3121 1843 3164 irritum
1877 3122 1988 3164 facit

107 3193 476 3247 matrimonium3
525 3194 710 3248 insuper
752 3193 789 3236 si
834 3200 983 3238 metus
1017 3195 1130 3238 levis
1165 3195 1398 3238 dirimeret
1436 3196 1795 3250 matrimonium,
1844 3196 1991 3238 multa

110 3269 404 3313 matrimonia
436 3269 485 3312 in
520 3270 734 3311 damnum
769 3269 873 3312 boni
907 3270 1157 3313 communis
1191 3276 1341 3313 essent
1373 3271 1520 3313 irrita.

259 3344 304 3386 Si
339 3344 525 3387 dubium
560 3347 643 3397 est,
676 3357 783 3386 num
818 3348 967 3387 metus
1000 3345 1248 3388 censendus
1281 3345 1344 3388 sit
1371 3345 1544 3400 gravis,
1579 3346 1794 3388 standum
1818 3351 1887 3388 est
1911 3359 1990 3400 pro

109 3418 261 3461 valore
294 3418 577 3461 matrimonii
622 3423 720 3460 tum
762 3432 816 3461 ex
856 3420 1057 3474 generali
1092 3419 1335 3474 principio:
1387 3420 1430 3462 in
1481 3420 1614 3462 dnbio
1662 3419 1874 3462 standum
1926 3423 1994 3462 est

95 3505 192 3548 pro
225 3493 379 3536 calore
412 3496 554 3544 actus,
588 3497 685 3535 tum
720 3496 906 3548 propter
937 3494 1236 3537 reverentiam
1272 3495 1558 3538 sacramenti.
