2301 3962
347 232 400 272 10
1124 226 1249 268 Intro
1256 225 1422 268 ductio.

348 364 413 414 de
468 379 655 412 eorum
712 360 1036 411 auctoritate
1079 377 1206 409 vero
1264 357 1450 408 valent
1503 357 1725 424 regulae
1780 357 1847 408 de
1887 359 2211 409 auctoritate

344 450 719 517 theologorum
764 447 1102 499 statuendae.

497 552 517 561 υ

493 569 540 605 o.
593 552 767 621 Opera
811 550 1173 618 theologorum,
1216 550 1538 618 praesertim
1591 566 1719 599 vero
1781 548 2016 616 illorum,
2078 567 2214 618 quos

346 643 531 709 magni
575 641 708 691 facit
749 639 997 705 ecclesia,
1042 657 1179 707 quae
1209 637 1433 707 quidem
1463 636 1800 705 singularem
1830 639 2212 688 auctoritatem

343 729 536 781 tribuit
593 748 634 780 s,
701 729 927 779 Thomae
989 736 1035 777 et
1095 747 1130 778 s.
1192 725 1475 795 Αἷρήοηεο.
1568 725 1732 777 Unde
1798 726 1919 794 ipsa
1983 724 2214 776 ecclesia

346 818 649 869 decisiones
701 816 1016 886 petentibus
1070 817 1126 865 in
1183 814 1347 865 rebus
1402 813 1702 865 moralibus
1756 813 2088 882 quandoque
2137 832 2212 864 re-

345 906 603 975 spondet:
653 903 1008 957 Consulcmtur
1041 902 1261 973 probati
1302 912 1554 955 auctore-5.

493 1009 559 1051 De
592 1009 863 1051 anctoritate
896 1008 1203 1062 theologorum
1237 1020 1290 1049 ex
1324 1007 1379 1049 P.
1415 1006 1646 1049 Zacharia
1697 1005 1806 1047 haec
1854 1004 2052 1047 tenenda
2084 1010 2214 1047 sunt:

493 1111 533 1139 α.
568 1096 644 1151 „Si
678 1110 766 1151 qua
811 1097 860 1139 in
895 1096 1158 1151 quaestione
1190 1095 1390 1138 universi
1425 1094 1651 1137 casuistae
1684 1094 1839 1137 eadem
1872 1094 1994 1136 inter
2042 1106 2087 1136 se
2120 1107 2216 1135 con-

345 1171 518 1225 cinunt,
552 1172 726 1214 aientes
759 1171 934 1225 aliquid
967 1171 1147 1213 licitum
1181 1183 1294 1224 esse,
1342 1168 1515 1212 haeresi
1549 1168 1807 1223 proximum
1842 1171 1912 1210 est
1959 1167 2015 1210 ab
2062 1180 2214 1210 eorum

347 1245 557 1299 opinione
592 1244 832 1288 discedere.

495 1319 531 1362 b.
566 1319 635 1361 Ex
684 1323 921 1361 auctorum
969 1318 1063 1359 fere
1113 1316 1314 1359 omnium
1363 1315 1666 1358 casuistarum
1716 1315 1943 1358 communi
1990 1316 2220 1359 sententia

346 1406 485 1447 usque
517 1394 628 1436 adeo
661 1392 914 1447 probabilia
948 1394 1192 1435 sumuntur
1224 1394 1512 1445 argumenta,
1560 1393 1614 1433 ut
1659 1389 1765 1443 (nisi
1813 1390 1949 1444 plane
1982 1390 2137 1445 gravis
2172 1394 2218 1433 et

345 1467 515 1510 nemini
540 1467 778 1510 observata
810 1466 929 1509 ratio
963 1471 1044 1509 aut
1079 1464 1344 1519 auctoritas,
1379 1465 1455 1507 sed
1489 1464 1610 1507 clara
1633 1468 1769 1518 atque
1791 1463 2029 1518 perspicua
2051 1463 2220 1517 obstet)

346 1541 438 1584 illis
471 1541 693 1596 refragari
726 1540 1020 1584 temerarium
1055 1539 1129 1582 sit.

496 1629 529 1657 c.
565 1615 898 1669 Theologorum
924 1614 1226 1657 casuistarum
1261 1612 1400 1656 etiam
1426 1613 1677 1655 multorum
1701 1611 2034 1666 testimonium,
2068 1611 2105 1654 si
2139 1612 2219 1655 alii

347 1691 503 1731 contra
536 1692 748 1743 pugnant
780 1688 868 1731 viri
904 1688 1039 1742 docti,
1087 1701 1176 1730 non
1220 1687 1323 1741 plus
1355 1687 1481 1729 valet
1529 1687 1587 1729 ad
1619 1685 1874 1729 faciendam
1909 1687 2047 1730 fidem
2082 1700 2217 1741 quam

349 1763 419 1805 vel
452 1762 570 1805 ratio
603 1763 805 1817 ipsorum
839 1763 911 1805 vel
946 1761 1130 1817 gravior
1163 1761 1301 1804 etiam
1336 1759 1588 1803 auctoritas
1621 1760 1937 1814 comprobarit,

498 1836 538 1879 d.
571 1837 743 1879 Unicus
777 1841 949 1891 auctor,
999 1836 1036 1879 si
1085 1835 1147 1879 sit
1180 1835 1300 1878 omni
1335 1834 1599 1889 exceptione
1644 1834 1788 1877 maior
1830 1836 2083 1888 afferatque
2114 1833 2220 1877 rati-

349 1923 492 1964 onem,
527 1924 661 1964 quam
695 1910 774 1953 alii
807 1924 896 1952 non
921 1909 1251 1952 considerarint
1284 1912 1365 1951 aut
1396 1922 1487 1951 non
1521 1908 1635 1951 satis
1670 1908 1905 1963 solverint,
1938 1907 2035 1963 ipse
2065 1912 2219 1951 autem

348 1984 540 2027 aliorum
573 1984 773 2027 rationes
808 1984 1038 2027 commode
1082 1984 1247 2037 solvat,
1296 1982 1505 2037 quamvis
1539 1983 1698 2025 doceat
1731 1987 1889 2025 contra
1921 1996 2218 2037 communem,

349 2059 519 2113 poterit
551 2059 737 2102 reddere
770 2058 1027 2113 opinionem
1062 2056 1425 2112 probabilem‘ss).

499 2148 545 2199 6.
590 2149 679 2199 Ius
722 2149 1127 2200 ecclesiasticwn
1168 2156 1215 2198 et
1255 2146 1405 2199 civile
1448 2147 1732 2216 complura
1761 2148 2060 2212 continent,
2105 2147 2220 2215 qui-

352 2236 451 2288 bus
496 2238 766 2304 statuitur,
811 2238 942 2307 quid
985 2238 1041 2288 in
1084 2238 1244 2287 certis
1274 2236 1550 2287 adiunctis
1585 2235 1882 2302 agendum,
1926 2236 2059 2305 quid
2089 2253 2218 2286 vero

351 2326 640 2377 vitandum
685 2328 767 2379 sit.

500 2445 539 2473 α.
575 2431 685 2474 Cum
721 2430 932 2473 ecclesiae
964 2444 991 2473 a
1023 2430 1116 2473 Deo
1149 2442 1356 2472 concessa
1389 2428 1449 2471 sit
1482 2441 1589 2471 vera
1620 2431 1825 2482 potestas
1857 2428 2064 2483 legifera,
2096 2429 2220 2483 leges

350 2505 405 2548 ab
438 2505 624 2548 ecclesia
657 2504 882 2559 conditae,
925 2504 1022 2547 sive
1055 2507 1162 2546 sunt
1194 2503 1473 2546 universales
1508 2502 1603 2545 sive
1635 2502 1949 2557 particulares,
1983 2516 2038 2546 ex
2069 2503 2222 2546 volun-

352 2584 448 2622 tate
481 2578 564 2622 Dei
599 2579 825 2622 observari
860 2578 1039 2634 debent,
1072 2582 1126 2621 ut
1157 2579 1295 2621 finem
1328 2576 1454 2621 vitae
1486 2580 1697 2620 aeternae
1719 2576 2027 2629 obtineamus;
2062 2578 2223 2620 harum

350 2655 501 2708 legum
537 2653 742 2696 collectio
775 2654 845 2696 ius
881 2652 1235 2696 ecclesiasticum
1270 2651 1420 2695 vocari
1454 2655 1620 2706 potest.

502 2742 538 2785 b.
572 2743 716 2786 Immo
768 2742 907 2786 etiam
941 2742 1192 2785 auctoritas
1225 2741 1374 2784 civilis
1406 2740 1635 2784 instructa
1683 2744 1752 2783 est
1784 2745 2016 2795 potestate
2046 2741 2222 2785 ferendi

350 2818 473 2872 leges
507 2818 554 2859 in
588 2817 863 2860 conscientia
898 2817 1169 2872 obligantes.
1202 2816 1377 2859 Harum
1412 2816 1567 2869 legum
1603 2815 1660 2857 ad
1693 2815 1973 2871 theologiam
2006 2817 2223 2860 moralem

350 2891 457 2935 illae
491 2891 781 2946 potissimum
815 2891 1059 2946 pertinent,
1095 2890 1255 2945 quibus
1287 2891 1388 2933 iura
1421 2893 1693 2933 statuuntur
1725 2893 1806 2933 aut
1831 2889 2218 2933 determinantur:

352 2966 500 3008 tutela
533 2965 651 3008 enim
684 2965 852 3008 iurium
888 2965 1109 3019 potestati
1142 2964 1357 3019 politicae
1378 2962 1606 3019 imprimis
1629 2963 1870 3007 commissa
1892 2967 1972 3006 est.
2023 2965 2083 3007 Et
2115 2964 2224 3007 haec

353 3039 533 3093 quidem
568 3043 635 3082 est
668 3039 801 3093 ratio,
836 3039 890 3081 ob
923 3053 1056 3093 quam
1090 3039 1356 3093 praesertim
1398 3038 1446 3081 in
1479 3041 1684 3081 tractatu
1733 3038 1787 3081 de
1818 3037 1916 3080 iure
1963 3041 2009 3080 et
2040 3036 2225 3080 iustitia

353 3114 410 3156 ad
445 3113 640 3156 codicem
676 3113 854 3156 civilem
889 3114 1219 3156 attendendum
1253 3112 1329 3155 sit.

505 3204 531 3220 H

514 3222 548 3256 ι.
610 3203 746 3254 Usu-s
800 3212 847 3253 et
896 3205 1090 3272 pramis
1146 3202 1423 3254 ecclesiae:
1477 3220 1611 3271 quas
1666 3202 1812 3252 enim
1855 3200 2131 3252 doctrinas
2173 3208 2226 3251 et

353 3290 503 3358 leges
555 3292 787 3343 morales
841 3291 1071 3343 ecclesia
1121 3292 1394 3360 proponit,
1451 3309 1546 3342 eae
1596 3291 1652 3341 in
1695 3290 1938 3341 fidelium
1981 3287 2225 3340 moribus

357 3390 408 3429 et
460 3380 729 3449 exemplis
786 3398 1076 3449 expressae
1127 3383 1503 3449 reperiuntur,
1564 3397 1731 3448 quare
1788 3397 1918 3430 usus
1961 3377 2223 3429 ecclesiae

1631 3572 1649 3580 ιν

515 3573 541 3626 ⁵)
572 3572 637 3615 Cf.
673 3573 920 3626 Zacharia,
953 3573 1143 3616 Dissert.
1181 3574 1351 3628 proleg.
1385 3586 1450 3628 pr.
1485 3573 1524 3617 2.
1559 3586 1593 3615 0.
1629 3586 1669 3615 o.
