2269 3898
260 115 346 157 222
943 111 1019 153 IV.
1055 111 1122 154 De
1154 110 1444 154 conscientia.

259 265 448 317 gerere
492 246 705 300 debeat.
785 244 1085 308 Quaeritur
1118 262 1333 313 nempe,
1376 250 1560 295 utrum
1589 262 1659 294 ex
1685 242 1968 295 voluntate
2009 243 2134 310 Dei,

263 336 501 406 supremi
552 333 895 401 legislatoris,
947 335 1156 385 servari
1210 332 1450 385 debeant
1503 334 1670 384 etiam
1724 332 1872 402 leges
1914 332 2137 400 dubiae,

264 425 331 477 de
360 441 592 493 quarum
621 421 958 491 obligatione
1001 441 1127 474 cum
1171 421 1502 475 certitudine
1543 439 1655 473 non
1698 428 1928 487 constat,
1971 440 2043 472 an
2067 440 2137 472 ex

263 513 508 564 eiusdem
538 511 823 564 voluntate
865 511 1123 578 sufficiat,
1167 519 1228 562 ut
1254 518 1544 562 serventur
1583 510 1748 578 leges,
1794 510 1861 561 de
1903 529 2137 579 quarum

264 602 556 653 existentia
595 609 800 652 certam
839 601 1215 667 cognitionem
1257 599 1546 653 habemus
1613 599 1686 650 Et
1727 601 1771 650 si
1814 601 2136 664 constiterit,

263 710 332 742 ex
383 690 668 742 voluntate
724 690 833 742 Dei
890 707 1112 741 necesse
1166 706 1278 740 non
1333 707 1469 755 esse,
1525 696 1585 739 ut
1639 696 1929 740 serventur
1971 690 2136 740 etiam

261 780 408 849 leges
438 780 660 846 dubiae,
701 778 931 831 ulterius
959 780 1259 849 quaeritur,
1303 796 1411 847 qua
1438 779 1653 829 ratione
1680 785 1938 829 manente
1968 776 2137 829 dubio

264 870 331 921 de
374 869 710 938 obligatione
750 868 887 937 legis
936 868 1007 920 ad
1049 869 1447 919 conscientiam
1489 868 1733 937 practice
1775 874 1982 919 certam
2024 886 2141 937 per-

265 960 442 1010 veniri
470 960 657 1028 possit.
701 959 789 1010 Ex
819 957 986 1010 dubio
1019 959 1165 1008 enim
1197 957 1264 1009 de
1292 956 1630 1026 obligatione
1656 956 1793 1024 legis
1822 957 2141 1008 immediate

265 1050 435 1100 oritur
476 1049 815 1099 conscientia
855 1049 1100 1117 practice
1144 1046 1344 1112 dubia3
1389 1046 1484 1098 sed
1525 1064 1637 1097 non
1666 1045 1796 1096 licet
1823 1064 1986 1114 agere
2013 1064 2140 1097 cum

269 1139 607 1189 conscientia
663 1138 906 1206 practice
964 1136 1152 1189 dubia.
1231 1136 1529 1206 Duplicem
1587 1153 1714 1203 ergo
1758 1136 2139 1204 quaestionem

266 1227 501 1296 quodvis
548 1237 788 1295 systema
830 1226 1035 1278 morale
1078 1225 1403 1277 solvendam
1445 1225 1550 1277 sibi
1591 1226 1880 1294 proponit:
1934 1225 2000 1276 de
2043 1224 2140 1276 ob-

264 1316 531 1383 ligatione
584 1315 721 1385 legis
775 1315 978 1367 dubiae
1030 1323 1083 1367 et
1124 1315 1192 1367 de
1235 1316 1328 1366 via
1368 1333 1434 1366 ac
1475 1313 1735 1366 methodo
1779 1313 2145 1383 perveniendi

266 1406 336 1457 ad
379 1407 775 1457 conscientiam
817 1407 1061 1474 practice
1103 1412 1309 1456 certam
1354 1406 1623 1456 existente
1677 1403 1846 1455 dubio
1890 1403 1958 1456 de
1997 1403 2142 1455 licei-

266 1502 378 1547 tate
419 1496 650 1547 actionis
692 1496 750 1546 in
791 1513 1007 1564 genere.

418 1674 547 1728 203.
593 1674 746 1747 Quid
793 1675 893 1728 sit.
948 1675 1187 1726 Nomine
1228 1675 1525 1743 systematis
1566 1671 1786 1724 moralis
1821 1671 2147 1739 intelligitur

269 1763 588 1833 complexus
630 1765 1047 1833 principiorum,
1093 1781 1329 1832 quorum
1359 1780 1461 1831 ope
1491 1767 1560 1813 ex
1588 1761 1757 1813 dubio
1800 1760 2143 1830 speculativo

270 1854 337 1905 de
379 1852 714 1922 obligatione
755 1853 892 1922 legis
937 1853 1190 1905 deveniri
1232 1853 1405 1921 possit
1441 1852 1513 1903 ad
1555 1851 1949 1903 conscientiam
1992 1869 2145 1919 prac-

268 1944 375 1994 tice
418 1953 639 1996 certam.

419 2047 600 2090 Dicitur
631 2049 830 2103 systema
863 2046 1067 2088 morale:
1112 2059 1152 2088 a.
1188 2044 1295 2100 quia
1328 2045 1560 2100 complura
1592 2043 1818 2099 principia
1848 2044 1996 2099 logico
2028 2057 2148 2087 nexu

270 2122 392 2165 inter
424 2135 470 2165 se
503 2121 791 2165 cohaerentia
824 2120 1043 2175 continet,
1078 2133 1267 2175 quorum
1292 2133 1374 2175 ope
1396 2119 1641 2175 praecipua
1662 2118 1867 2174 quaestio
1889 2118 2149 2173 theologiae

272 2197 455 2240 moralis
490 2197 705 2249 solvitur3
742 2196 779 2238 b.
815 2195 921 2250 quia
953 2195 1002 2238 in
1025 2199 1173 2238 totam
1199 2193 1478 2249 theologiam
1502 2194 1717 2236 moralem
1742 2192 1928 2247 eiusque
1949 2193 2148 2236 indolem

273 2271 523 2314 maximum
556 2271 783 2314 infiuxum
819 2274 1010 2324 exercet,
1056 2283 1156 2312 cum
1199 2268 1465 2323 systematis
1508 2267 1784 2323 principium
1831 2267 1895 2311 sit
1925 2267 2149 2311 fecundis-

275 2346 439 2390 simum
473 2346 734 2401 theologiae
766 2344 950 2387 moralis
984 2343 1275 2399 principium,
1310 2344 1428 2398 quod
1459 2356 1664 2387 normam
1697 2342 1931 2385 iudicandi
1963 2343 2017 2385 de
2040 2342 2149 2385 exis-

275 2422 425 2465 tentia
467 2421 697 2477 praecepti
741 2424 879 2474 atque
921 2419 1021 2462 ideo
1064 2433 1270 2462 normam
1311 2418 1479 2474 agendi
1527 2417 1575 2460 in
1624 2416 1965 2472 quaestionibus
2014 2430 2149 2472 quam

273 2496 484 2550 plurimis
517 2495 794 2551 suppeditet.

424 2660 557 2713 204.
602 2660 758 2732 Quot
798 2660 941 2714 Sint.
1012 2658 1327 2727 Systemata
1370 2655 1599 2708 moralia
1639 2664 2003 2707 numerantur
2042 2673 2150 2706 om-

275 2751 404 2800 nino
460 2768 572 2815 seX,
631 2768 773 2819 quae
829 2750 1137 2818 propositas
1195 2749 1543 2818 quaestiones
1587 2747 1805 2798 diverso
1849 2747 2010 2799 modo
2054 2747 2152 2798 sol-

274 2847 439 2889 vunt:
503 2841 826 2890 tutiorismus
869 2837 1155 2904 absolutus,
1200 2839 1527 2890 tutiorismus
1566 2838 1853 2906 mitiycztus,
1899 2835 2152 2905 probabi-

278 2926 558 2991 Ziorz‘mnuS,
603 2928 1185 2998 aequiprobabilismzw,
1221 2927 1640 2998 probabilismus
1669 2934 1718 2976 et
1746 2924 2020 2978 Zaaeismus.
2076 2925 2154 2978 Ut

277 3016 615 3087 intelligatur
655 3018 907 3083 formula,
952 3036 1062 3087 qua
1091 3017 1308 3086 singula
1326 3023 1631 3086 vsystemata
1660 3014 2010 3082 exhibentur,
2048 3015 2153 3066 hoc

277 3106 583 3158 notandum
626 3114 732 3158 est:
776 3109 989 3176 quoties
1031 3108 1326 3158 existentia
1368 3124 1462 3157 seu
1507 3105 1770 3174 obligatio
1812 3104 1950 3172 legis
1977 3103 2149 3156 dubia

278 3205 372 3263 est,
402 3196 543 3248 duae
573 3197 860 3265 opiniones
882 3197 1006 3265 plus
1029 3198 1288 3248 minusve
1311 3194 1626 3265 probabiles
1654 3194 1760 3246 sibi
1780 3201 2152 3264 opponuntur,

279 3303 510 3354 quarum
538 3285 708 3337 altera
737 3292 843 3336 stat
869 3304 964 3354 pro
995 3285 1332 3354 obligatione
1360 3284 1513 3354 legiS,
1556 3284 1728 3336 altera
1756 3302 1853 3353 pro
1894 3282 2152 3335 libertate

278 3393 309 3424 a
349 3373 484 3443 lege.
540 3373 835 3426 Formulae
877 3374 1219 3441 singulorum
1263 3381 1624 3443 systematum
1661 3373 1922 3425 dicuntur
1962 3388 2153 3423 eorum

282 3464 574 3533 principia,
620 3483 760 3534 quae
802 3465 857 3515 in
902 3463 1051 3515 hunc
1094 3464 1320 3515 modum
1364 3462 1617 3515 exhiberi
1659 3462 1864 3514 solent:

1674 3626 1757 3653 Rs,
1792 3636 1827 3653 ,Α

227 3650 232 3659 ,.
654 3651 656 3654 ,
762 3640 839 3664 ·..
950 3639 976 3662 4
1053 3636 1103 3660 μ
1152 3654 1157 3661 ι
1299 3641 1321 3659 4
1366 3654 1372 3661 .
1614 3641 1628 3650 A
2016 3655 2052 3663 x

56 3653 227 3730 ΞΡᾸΕᾸ
254 3703 258 3717 J
304 3699 307 3702 ¹
383 3688 405 3709 v(
425 3658 443 3708 s
487 3687 512 3697 ’ν
715 3665 727 3677 ”
786 3659 798 3670 f
934 3669 950 3673 ’”
1086 3682 1139 3692 “
1201 3649 1235 3665 μ
2054 3665 2061 3670 ’

833 3780 835 3782 ·
910 3765 930 3799 ἶ

84 3725 343 3761 lh*

322 3714 327 3726 ,
