2269 3898
676 162 742 204 De
775 161 1130 216 proprietatibus
1162 161 1455 205 matrimonii.
1899 165 1956 205 29

93 294 209 344 eius
251 293 634 345 educationem
678 302 847 346 curat.
902 294 1049 345 Hinc
1076 294 1402 363 polyandria
1429 313 1644 365 semper
1671 303 1722 346 et
1749 295 1952 365 ubique

96 381 372 450 prohibita
412 382 530 448 fuit,
573 384 649 433 ita
690 389 749 432 ut
789 400 858 432 ne
887 383 1038 434 Deus
1075 383 1296 452 quidem
1339 383 1406 435 ab
1445 390 1553 436 hac
1593 384 1712 453 lege
1739 384 1951 453 dispen-

93 489 212 522 sare
251 472 436 539 possit.

244 559 290 610 2.
334 556 628 628 Folyyynia
668 567 938 626 repugnat
979 560 1084 609 iuri
1126 560 1363 611 naturali
1401 568 1452 611 et
1492 560 1587 611 fini
1620 562 1951 612 matrimonii

92 646 448 712 secundari03
497 655 770 715 repugnat
811 648 973 698 etiam
1015 647 1122 716 legi
1164 649 1434 717 positivae
1476 649 1725 700 divinae:
1769 651 1953 714 onmis,

89 738 178 805 qui
218 735 437 786 dimittit
474 753 689 786 ‘timorem
728 754 877 786 suam
919 744 966 786 et
1007 735 1171 787 aliam
1212 737 1369 799 ducit,
1411 738 1771 805 moeclzcctzw²¹).

238 838 279 868 α.
313 824 574 878 Complures
598 829 706 866 sunt
728 823 941 875 rationes)
975 824 1027 866 ob
1051 838 1161 879 quas
1182 826 1429 881 polygsfflzia
1462 826 1549 868 iuri
1583 831 1772 869 naturae
1804 827 1952 869 adver-

89 901 237 941 satur:
285 912 325 940 a.
359 897 542 953 physice
574 897 868 952 impossibilis
901 903 984 952 est,
1017 912 1116 941 cum
1149 899 1386 953 utriusque
1419 913 1551 942 sexus
1594 902 1687 943 fere
1728 900 1847 942 idem
1893 900 1953 942 sit

87 985 301 1015 numerus
334 985 646 1027 personarum;
681 975 848 1014 natura
880 985 985 1026 ergo
1019 973 1353 1028 monogamiam
1386 973 1609 1023 intendit;
1656 974 1690 1015 b.
1726 979 1952 1028 repugnat

87 1046 356 1100 aequalitati
399 1046 581 1100 iurium,
630 1058 742 1099 quae
773 1045 955 1099 utrique
999 1046 1123 1089 sexui
1165 1052 1210 1090 et
1249 1047 1496 1090 universim
1541 1047 1798 1090 hominibus
1843 1061 1952 1090 com-

86 1120 225 1175 petit;
260 1134 294 1164 e.
327 1124 555 1175 repugnat
589 1119 701 1162 bono
726 1120 966 1170 communi,
1000 1133 1098 1163 cum
1124 1121 1271 1163 virum
1295 1126 1492 1176 enervet,
1525 1126 1569 1165 et
1603 1121 1833 1164 mulierem
1860 1121 1952 1176 dig-

85 1194 234 1237 nitate
283 1207 363 1237 sua
407 1194 581 1249 privet;
632 1193 672 1236 cl.
718 1193 958 1236 conturbat
1002 1194 1295 1249 tranquillam
1342 1196 1464 1238 vitae
1504 1195 1871 1239 consuetudinem
1907 1200 1951 1238 et

85 1272 295 1311 mutuum
328 1268 449 1311 inter
482 1267 694 1322 coniuges
726 1268 1018 1310 adiutorium.

236 1342 273 1384 b.
306 1342 375 1384 Ab
408 1342 491 1384 hac
523 1342 623 1396 lege
658 1342 776 1384 Deus
801 1342 1058 1396 dispensare
1082 1346 1233 1396 potest
1257 1347 1301 1385 et
1338 1343 1486 1397 reipsa
1511 1342 1813 1397 dispensavit:
1849 1351 1953 1397 post

87 1415 310 1459 diluvium
345 1416 464 1459 enim
498 1415 769 1470 patriarchis
803 1420 848 1458 et
881 1416 1046 1471 populo
1064 1416 1311 1458 israelitico
1333 1430 1539 1459 concessa
1559 1416 1652 1459 fuit
1675 1417 1953 1471 polygamia,

84 1503 199 1544 quae
231 1490 452 1533 concessio
485 1490 623 1533 etiam
658 1490 714 1532 ad
748 1489 943 1544 gentiles
989 1489 1330 1534 extendebatur.
1393 1490 1477 1533 Per
1509 1490 1738 1533 Christum
1782 1497 1950 1543 tamen,

85 1563 160 1617 qui
208 1564 550 1607 matrimonium
599 1563 857 1618 primaevae
904 1563 1167 1618 integritati
1226 1564 1455 1618 restituit,
1514 1564 1790 1618 dispensatio
1844 1564 1954 1606 haec

85 1638 224 1682 etiam
259 1639 406 1693 quoad
439 1639 647 1681 infideles
681 1638 862 1681 sublata
895 1642 978 1692 est,
1011 1639 1120 1681 adeo
1153 1644 1205 1681 ut
1239 1638 1376 1681 etiam
1410 1637 1530 1680 inter
1562 1638 1768 1681 infideles
1803 1651 1949 1680 secun-

85 1713 190 1756 dum
225 1713 566 1756 matrimonium
603 1713 795 1755 durante
827 1712 974 1767 priore
1006 1712 1259 1755 invalidum
1294 1712 1356 1755 sit
1397 1717 1442 1755 et
1485 1713 1606 1767 apud
1646 1712 1829 1755 iudaeos
1873 1724 1950 1767 per

81 1787 284 1830 libellum
318 1787 496 1842 repudii
529 1786 870 1829 matrimonium
905 1787 1101 1841 amplius
1133 1800 1222 1829 non
1255 1786 1509 1839 solvam-2).

232 1861 280 1913 3.
323 1861 572 1930 Biyamia
625 1880 718 1912 seu
763 1860 1074 1930 polygamia
1128 1862 1417 1912 successiva
1468 1871 1579 1912 tam
1623 1864 1740 1913 viro
1783 1880 1946 1932 quam

84 1949 300 2001 mulieri
343 1951 506 2001 etiam
550 1951 605 2001 in
648 1968 793 2000 nova
833 1949 950 2018 lege
988 1951 1349 2018 permittitur:
1394 1949 1593 2001 Mulier
1622 1950 1847 2021 alligata
1875 1960 1952 2002 est

83 2036 198 2108 Zeqi,
253 2046 446 2107 quanto
502 2047 728 2109 tempore
784 2039 864 2088 vir
917 2040 1026 2089 eius
1082 2039 1242 2102 vivit,·
1297 2038 1485 2107 quodsi
1537 2039 1810 2091 dormierit
1866 2042 1946 2090 vir

81 2128 208 2191 eius,
252 2125 419 2178 libera
460 2136 567 2191 est,·
609 2128 692 2178 cui
731 2126 841 2178 vult
878 2126 1069 2178 nubat:
1111 2136 1312 2178 temtum
1340 2129 1396 2178 in
1424 2129 1715 2196 Dominoss).
1764 2128 1944 2193 Quare

83 2214 314 2266 ecclesia
368 2215 637 2267 secundas
698 2217 918 2285 nuptias
978 2224 1098 2284 post
1153 2224 1385 2268 mortem
1442 2218 1637 2285 prioris
1697 2216 1949 2285 coniugis

81 2306 245 2356 initas
287 2323 502 2374 semper
541 2305 718 2356 licitas
759 2304 970 2370 habuit,
1022 2306 1275 2374 quamvis
1317 2323 1407 2356 eas
1450 2307 1631 2357 minus
1672 2306 1942 2375 probaret.

695 2556 989 2614 Articulus
1031 2555 1327 2614 secundus

535 2679 613 2716 De
645 2677 1123 2718 indissolubilitate
1155 2677 1498 2717 matrimonii.

227 2821 318 2875 28.
374 2822 528 2895 Quae
571 2824 655 2877 sit
693 2823 1202 2878 indissolubilitas
1245 2824 1639 2878 matrimonii.
1720 2823 1942 2893 Duplex

79 2910 474 2980 distinguenda
527 2920 606 2964 est
660 2912 1128 2977 indissolubilitas,
1184 2915 1400 2965 interna
1441 2921 1493 2964 et
1535 2921 1777 2966 externa.
1858 2914 1939 2964 In-

80 3009 232 3051 ter-na
273 3002 328 3051 in
370 3018 431 3052 eo
475 3002 736 3065 consistit,
781 3002 925 3071 quod
975 3003 1386 3053 matrimonium
1440 3021 1537 3071 per
1587 3020 1808 3053 causam
1866 3003 1939 3052 in-

77 3096 291 3140 ternam
334 3107 429 3140 seu
471 3109 567 3159 per
619 3098 870 3142 mutuum
920 3090 1361 3143 contrahentium
1416 3109 1743 3143 consensum
1800 3089 1938 3141 solvi

77 3195 186 3229 non
243 3180 438 3247 possit3
501 3188 718 3230 eoeterna
773 3180 829 3231 in
886 3197 946 3232 eo
1005 3181 1267 3246 consistit,
1326 3180 1471 3249 quod
1529 3181 1938 3232 matrimonium

233 3355 260 3409 ¹)
291 3356 400 3398 Luc.
435 3356 505 3410 16,
539 3358 608 3399 18.
672 3357 738 3399 Cf.
772 3357 1001 3400 concilium
1034 3358 1139 3400 trid.
1176 3371 1278 3401 sess.
1313 3358 1383 3401 24.
1417 3372 1511 3402 can.
1546 3359 1585 3401 2.

231 3427 260 3483 2>
290 3431 457 3473 Matth.
494 3431 562 3485 19,
595 3431 621 3472 3
654 3443 710 3474 ss.

228 3501 260 3552 ³)
292 3505 315 3545 1
350 3504 447 3548 Cor⁴
484 3504 522 3557 7,
555 3504 626 3546 39.
