2269 3898
256 138 342 181 128
987 133 1070 174 ΠΙ.
1107 133 1171 175 ne
1202 131 1395 186 legibus.

327 291 331 294 ·
404 271 444 313 6.
482 268 779 325 Conqreyatio
797 267 925 309 sacri
945 265 1088 322 oflicii
1118 265 1189 308 vel
1214 265 1515 320 congregatio·
1538 277 1758 308 romanae
1785 267 1830 308 et
1858 265 2138 308 zzm'cersalis

256 343 577 400 z'nqnisitiom's,
610 342 736 386 cuius
769 354 948 396 praeses
981 343 1049 383 est
1072 339 1170 394 ipse
1192 353 1395 382 summus
1418 339 1642 394 pontifex,
1676 339 1752 394 qui
1779 343 1934 382 tamen
1958 339 2131 382 sollem-

255 419 387 462 nibus
435 422 618 461 tantum
663 415 936 460 sessionibus
985 415 1204 458 interesse
1253 415 1368 457 solet
1462 414 1585 457 Haec
1634 414 1928 468 congregat-io
1977 426 2138 456 causas

257 493 501 549 cognoscit,
535 505 648 546 quae
681 492 738 534 ad
771 491 909 534 fidem
943 490 1191 549 pertinent,
1228 489 1281 532 de
1313 489 1488 533 haeresi
1523 492 1567 531 et
1603 489 1657 531 de
1691 488 1972 543 criminibus,
2022 500 2138 543 quae

257 567 556 623 suspicionem
591 567 644 610 (le
676 566 851 609 haeresi
885 570 1085 619 movent,
1117 564 1308 607 iudicat.

406 643 444 684 7.
481 641 779 697 Gonyreqatt'o
812 640 1199 696 z'ndnlqentiarum
1248 641 1292 681 et
1337 638 1641 693 reliquiarum
1686 650 1842 681 curare
1885 637 2032 691 debet,
2075 650 2132 680 ne

256 717 538 772 apocryphae
570 714 887 770 indulgentiae
920 719 1002 758 aut
1031 715 1177 758 falsae
1200 713 1419 769 reliquiae
1443 714 1707 768 vulgentur,
1740 717 1787 755 et
1824 725 1977 755 omnes
2003 725 2133 766 quae-

257 792 426 835 stiones
462 791 515 833 de
547 791 630 833 hac
663 804 710 833 re
742 788 1000 844 propositas
1035 787 1225 831 dirimit.

410 867 450 909 8.
489 865 786 921 Conffl'egsm‘io
820 863 1119 906 imnnmitatis
1152 863 1499 912 ecclesiasticae,
1532 863 1589 905 ad
1624 876 1757 917 quam
1792 875 1945 905 omnes
1978 874 2141 904 causae

257 943 531 995 referuntur,
565 953 678 994 quae
710 940 767 982 ad
800 938 1144 981 immunitatem
1178 937 1529 981 ecclesiasticam
1565 936 1660 980 sive
1691 937 1858 980 realem
1905 935 2000 979 sive
2045 949 2136 991 per-

259 1016 457 1059 sonalem
492 1015 586 1058 sive
618 1014 806 1056 localem
841 1012 1087 1067 pertinent.

406 1089 492 1133 His
525 1087 717 1142 adiungi
753 1087 885 1130 debet
927 1093 963 1131 s.
998 1087 1366 1130 Poem‘tem‘iaria
1402 1085 1688 1141 Apostolica:
1737 1098 1838 1128 curn
1888 1087 2007 1128 enim
2056 1085 2140 1127 hoc

257 1165 459 1209 tribunal
493 1167 770 1219 potestatem
805 1162 970 1204 habeat
1003 1160 1257 1204 resolvendi
1294 1160 1444 1215 dubia,
1479 1174 1593 1214 quae
1636 1162 1785 1202 forum
1829 1158 2141 1215 poenitentiae

258 1244 545 1294 concernunt,
580 1237 758 1292 saepius
792 1237 888 1279 eius
921 1249 1150 1290 responsa,
1183 1234 1451 1289 praesertim
1485 1235 1533 1277 in
1578 1234 1710 1278 rebus
1758 1234 2042 1278 matrimonii
2092 1238 2140 1277 et

258 1327 562 1367 censurarum,
595 1312 643 1355 in
677 1311 911 1366 theologia
944 1309 1105 1353 morali
1139 1309 1329 1352 citanda
1363 1312 1484 1352 sunt.

406 1464 528 1518 112.
582 1461 1053 1516 Declarationes.
1134 1479 1181 1511 α.
1241 1460 1361 1510 Hoc
1414 1458 1532 1509 loco
1576 1477 1752 1510 sermo
1797 1477 1906 1510 non
1949 1467 2030 1509 est
2071 1458 2141 1509 de

260 1555 480 1605 decretis
521 1549 922 1617 doctrinalibus,
966 1551 1061 1602 sed
1104 1548 1278 1600 solum
1316 1549 1383 1600 de
1414 1549 1649 1600 decretis
1679 1546 2137 1618 disciplinaribus,

260 1663 401 1715 quae
455 1645 509 1693 in
567 1643 797 1693 materia
848 1658 1061 1692 morum
1119 1638 1209 1690 vel
1262 1657 1466 1690 novam
1520 1639 1696 1707 legem
1745 1638 2006 1705 condunt,
2052 1637 2139 1688 vel

258 1734 434 1802 legem
492 1735 602 1783 iam
655 1732 983 1782 existentem
1039 1731 1488 1798 interpretantur,
1546 1728 1634 1779 Vel
1688 1731 1744 1779 in
1797 1729 1977 1779 causis
2019 1747 2136 1798 par·

259 1822 586 1874 ticularibus
629 1823 712 1872 ius
755 1821 950 1872 dicunt
991 1820 1078 1871 vel
1119 1820 1355 1889 gratiam
1399 1818 1727 1870 concedunt.

409 1928 452 1979 b.
499 1928 736 1978 Decreta
791 1927 1284 1993 congregationum
1339 1941 1690 1975 romanarum
1743 1924 1914 1974 variis
1967 1924 2139 1974 nomi-

260 2018 423 2069 nibus
467 2017 849 2085 significantur
884 2025 1049 2084 atque
1080 2013 1168 2065 vel
1197 2012 1588 2065 declarationes
1618 2013 1705 2064 vel
1736 2014 2026 2064 decisiones
2052 2012 2142 2064 vel

262 2108 602 2159 resolutiones
644 2105 733 2156 vel
774 2124 1030 2175 responsa
1072 2104 1160 2155 vel
1203 2105 1410 2155 decreta
1454 2103 1729 2156 dicuntur.
1790 2103 1907 2154 Etsi
1951 2104 2138 2154 stricto

262 2216 423 2249 sensu
467 2197 688 2247 decreta
730 2213 932 2246 novam
975 2194 1170 2263 legem,
1228 2193 1629 2245 declarationes
1674 2211 1802 2244 vero
1844 2192 1984 2261 legis
2026 2194 2137 2244 iam

264 2287 593 2338 constitutae
635 2286 1146 2354 interpretationem
1190 2292 1241 2335 et
1282 2283 1645 2335 resolutiones
1687 2302 1785 2336 seu
1828 2282 2140 2334 decisiones

263 2377 592 2427 sententiam
659 2374 978 2426 iudicialem
1053 2376 1108 2425 in
1177 2393 1345 2425 causa
1411 2373 1731 2442 particulari
1801 2374 2141 2437 contineant,

264 2465 624 2517 nihilominus
677 2464 813 2516 'naec
872 2466 1097 2515 nomina
1139 2463 1417 2514 ordinarie
1459 2461 1949 2514 indiscriminatim
1990 2480 2141 2513 usur-

262 2555 527 2624 panturl).

417 2681 454 2711 c.
500 2659 767 2726 Potestas,
813 2677 953 2728 quae
997 2657 1165 2708 sacris
1210 2656 1734 2725 congregationibus
1777 2658 2056 2725 competit,
2111 2676 2143 2707 a

265 2767 476 2799 summo
520 2748 778 2816 pontifice
808 2748 885 2798 eis
925 2765 1186 2798 concessa
1228 2754 1323 2811 est,
1367 2748 1461 2816 qui
1505 2754 1689 2798 tamen
1732 2766 1842 2798 non
1885 2746 2143 2798 omnibus

265 2837 549 2907 aequalem
593 2845 916 2906 potestatem
962 2835 1207 2889 contulit.
1265 2836 1488 2887 Etenim
1517 2855 1557 2888 s,
1589 2839 1919 2906 congregatio
1948 2838 2143 2887 rimam

265 2935 588 2997 potesta-tem
642 2927 931 2995 legiferam
984 2925 1168 2990 habet,
1223 2926 1361 2977 adeo
1399 2935 1479 2977 -ut
1534 2927 1700 2977 etiam
1756 2928 1873 2976 sine
1916 2924 2142 2994 speciali

268 3017 525 3068 mandato
584 3024 636 3067 et
697 3015 1095 3085 approbatione
1153 3034 1191 3068 s,
1251 3016 1527 3084 pontificis
1585 3016 1807 3067 decreta
1861 3013 2143 3084 generalia

267 3107 379 3156 vim
410 3106 548 3174 legis
579 3105 910 3168 universalis
940 3105 1203 3156 habentia
1227 3104 1463 3156 condere
1487 3105 1721 3174 possit2).
1768 3105 1928 3157 Aliae
1957 3112 2142 3155 autem

433 3285 458 3337 ¹)
491 3283 558 3327 Cf.
605 3283 768 3326 Werne
800 3284 834 3325 I.
869 3297 911 3325 n.
948 3284 1047 3325 143.

421 3358 456 3413 ²)
494 3357 653 3400 Sz'xtzls
699 3357 739 3401 V.
774 3357 1022 3400 instituens
1057 3358 1172 3400 hanc
1219 3357 1618 3412 congregationem
1663 3357 1847 3400 constit.
1913 3356 2143 3398 Immensa

269 3430 338 3473 22.
373 3431 464 3473 ian.
501 3431 615 3474 1:388
649 3431 688 3474 ei
725 3435 997 3486 potestatem
1035 3431 1272 3486 legiferam
1308 3431 1526 3482 contulit;
1561 3432 1662 3486 ipsa
1685 3431 1980 3486 congregatio
2005 3430 2144 3473 decla-

273 3504 395 3547 ravit
429 3506 608 3549 decreta
641 3519 722 3548 sua
753 3505 962 3549 formiter
996 3505 1120 3548 edita
1168 3506 1354 3548 eandem
1405 3506 1727 3549 auctoritatem
1777 3504 1953 3558 habere,
2004 3517 2055 3547 ac
2106 3503 2143 3546 si
