2269 3898
293 134 379 176 128
1037 129 1104 172 De
1135 128 1442 172 matrimonio.
1475 143 1480 151 ¹

292 270 583 339 promissio
627 266 924 338 praecedat
965 283 1037 316 an
1080 264 1375 314 comitetur
1416 262 1797 334 vel-sequatur
1826 265 2184 335 adulterium,

292 368 346 410 et
385 360 590 428 pariter
630 356 770 409 nihil
809 355 993 420 refert,
1036 361 1243 424 quanto
1286 360 1534 422 tempore
1575 352 1645 405 ab
1689 355 1933 407 invicem
1977 356 2187 408 distent

292 447 627 500 adulterium
687 454 739 496 et
791 445 1097 514 promissiO,
1159 442 1322 493 modo
1386 442 1620 493 durante
1675 443 1870 495 eodem
1924 447 2183 514 coniugio

290 538 438 588 facta
480 537 604 588 sint.

441 625 486 669 Si
520 624 656 669 Caius
689 621 1035 666 matrimonium
1085 619 1323 677 promittit
1374 621 1574 665 Berthae
1623 621 1810 666 vivente
1861 636 1944 666 sua
1991 624 2187 680 coniuge

289 702 438 756 Anna,
474 704 520 743 et
552 700 638 742 hac
670 702 853 741 mortua
886 697 1015 740 ducit
1048 695 1377 751 Semproniam,
1412 709 1501 751 qua
1533 696 1721 741 vivente
1753 698 2036 742 adulterium
2070 713 2185 743 com-

290 775 444 819 mittit
478 788 579 818 cum
615 773 802 828 Bertha,
835 773 1014 816 nullum
1049 770 1340 815 contrahitur
1371 771 1771 826 impedimentum.

437 925 567 979 127.
615 923 1087 992 Impedimentum
1119 922 1370 972 criminis
1402 921 1802 990 multiplicari
1833 925 2037 991 potest
2062 932 2181 976 tum

288 1016 499 1066 ratione
544 1013 729 1066 delicti
771 1021 888 1063 tum
929 1013 1144 1063 ratione
1185 1012 1544 1064 matrimonii.

438 1118 477 1147 a.
513 1103 559 1147 Si
592 1102 975 1158 impedimentum
1010 1101 1157 1145 oritur
1189 1114 1244 1144 ex
1278 1101 1373 1144 solo
1405 1101 1664 1155 homicidio,
1698 1102 1867 1157 duplex
1885 1102 2081 1147 habetur
2102 1103 2182 1146 inr-

287 1179 619 1234 pedimentum‚
669 1178 849 1232 quando
893 1176 1025 1220 ambo
1071 1176 1386 1231 conspirantes
1420 1177 1657 1232 coniugati
1702 1181 1811 1220 sunt
1852 1182 1899 1221 et
1941 1178 2184 1234 utriusque

286 1253 450 1297 coniux
483 1252 539 1296 ab
572 1252 636 1296 eis
670 1251 905 1295 occiditur.

436 1329 474 1370 h.
509 1327 554 1371 Si
587 1327 969 1382 impedimentum
1005 1326 1151 1369 oritur
1199 1339 1253 1370 ex
1297 1326 1538 1370 homicidio
1582 1341 1679 1370 cnm
1725 1327 1968 1381 adulterio,
2013 1328 2182 1384 duplex

287 1402 481 1446 habetur
512 1402 910 1458 impedimentum,
945 1402 1124 1456 quando
1158 1401 1290 1444 ambo
1324 1401 1524 1445 adulteri
1560 1402 1798 1458 coniugati
1831 1408 1941 1446 sunt
1975 1407 2021 1447 et
2062 1408 2183 1447 uter·

287 1491 371 1532 que
405 1477 643 1532 coniugem
678 1490 808 1520 suum
844 1476 1025 1520 occidit.

435 1567 469 1596 0.
504 1551 549 1595 Si
582 1552 963 1607 impedimentum
999 1552 1144 1595 oritur
1177 1565 1232 1595 ex
1265 1552 1359 1595 solo
1395 1552 1637 1608 adulterio,
1673 1553 1841 1608 duplex
1875 1553 2070 1597 habetur
2101 1553 2184 1597 im-

286 1628 619 1683 pedimentum:
668 1642 708 1669 α.
743 1628 923 1682 quando
956 1627 1087 1670 ambo
1121 1627 1322 1670 adulteri
1367 1627 1603 1682 coniugati
1649 1631 1757 1671 sunt
1802 1633 1848 1672 et
1889 1628 2021 1672 ambo
2063 1629 2180 1673 hanc

286 1702 680 1746 circumstantiam
715 1707 1014 1758 cognoscunt;
1066 1703 1104 1752 β.
1140 1702 1177 1745 si
1213 1702 1348 1746 Caius
1393 1716 1493 1745 cum
1527 1703 1700 1746 Bertha
1744 1703 2018 1758 coniugatus
2063 1703 2180 1747 Sem-

286 1777 490 1833 proniam
526 1778 761 1820 adulterat
793 1777 922 1832 eique
955 1777 1302 1820 matrimonium
1345 1777 1595 1833 promittit,
1641 1778 1745 1822 dein
1786 1784 1969 1823 mortua
2008 1779 2182 1823 Bertha

286 1853 465 1896 Annam
501 1852 627 1895 ducit
661 1856 706 1895 et
741 1853 936 1896 durante
968 1852 1049 1896 1100
1082 1852 1375 1895 matrimonio
1410 1852 1722 1908 Semproniam
1757 1867 1857 1896 cum
1881 1854 2185 1909 promissione

286 1927 568 1971 matrimonii
599 1927 767 1970 iterum
802 1928 1048 1983 cognoscit.

851 2095 884 2148 ς’
916 2095 1004 2138 15.
1038 2096 1377 2149 Disparitas
1409 2098 1606 2139 cultus.

438 2215 565 2269 1:28.
609 2215 834 2269 Natura
887 2214 1329 2283 impedimenti.
1412 2216 1888 2284 Impedimentum
1941 2216 2181 2287 dispari-

286 2307 414 2357 tatis
456 2306 624 2357 cultus
665 2308 722 2357 in
765 2324 826 2357 eo
872 2307 1137 2372 consistit,
1184 2305 1333 2375 quod
1377 2306 1521 2357 inter
1561 2306 1909 2375 baptizatum
1967 2314 2020 2357 et
2067 2324 2178 2357 non

285 2394 628 2465 baptizatum
674 2397 1088 2448 matrimonium
1131 2395 1384 2448 validum
1429 2397 1557 2447 iniri
1601 2415 1712 2447 non
1756 2398 1944 2465 possit.

434 2486 706 2542 Dispccritas
739 2487 884 2530 cultus
927 2487 1049 2529 inter
1097 2486 1314 2541 coniuges
1359 2485 1529 2529 dicitur
1566 2488 1799 2543 perfecta,
1847 2487 1884 2530 si
1933 2499 2026 2529 una
2073 2498 2182 2540 pars

287 2559 539 2616 baptizata,
573 2562 721 2604 altera
751 2575 842 2604 non
875 2561 1116 2616 baptizata
1148 2566 1238 2620 est,
1270 2566 1316 2604 et
1352 2560 1521 2603 dicitur
1554 2561 1840 2617 imperfecta,
1874 2560 1912 2604 si
1947 2574 2040 2604 una
2071 2573 2181 2616 pars

286 2635 523 2690 catholica,
574 2637 720 2679 altera
753 2636 1009 2680 acatholica
1062 2650 1140 2680 seu
1194 2636 1426 2680 haeretica
1477 2636 1549 2679 vel
1605 2636 1899 2680 schismatica
1943 2639 2027 2679 est.
2088 2634 2180 2678 Illa

287 2711 467 2766 proprio
502 2716 548 2754 et
582 2711 742 2754 stricto
776 2725 910 2755 sensu
946 2711 1195 2767 disparitas
1230 2712 1399 2766 cultus,
1433 2711 1543 2754 haec
1582 2711 1764 2766 proprio
1807 2711 1992 2754 nomine
2032 2710 2177 2753 mixta

285 2786 448 2841 relifsz'o
483 2791 686 2830 vocatur,

356 2927 359 2930 y
440 2864 483 2914 l.
530 2862 653 2913 Hoc
682 2862 1164 2931 impedimentum,
1209 2869 1486 2931 quatenus
1515 2862 1770 2914 dirimens
1797 2869 1894 2928 est,
1937 2869 2017 2912 est
2041 2861 2179 2912 iuvas

287 2952 656 3003 ecclesiastici:
706 2953 804 3004 etsi
847 2954 995 3004 enim
1037 2953 1418 3004 testimonium
1461 2954 1596 3004 iuris
1649 2952 1755 3004 hoc
1806 2950 2176 3021 impedimen-

287 3052 402 3092 tum
447 3043 737 3093 statuentis
778 3061 888 3094 non
931 3051 1095 3108 extet,
1139 3041 1302 3111 longo
1345 3050 1534 3094 tamen
1578 3062 1680 3095 usu
1740 3041 2023 3108 ecclesiae,
2080 3041 2176 3110 qui

286 3131 400 3180 vim
442 3129 578 3198 legis
621 3132 876 3199 obtinuit,
922 3140 1133 3185 certum
1176 3142 1257 3184 est
1317 3132 1700 3202 disparitatem
1759 3131 1937 3184 cultus
1992 3131 2176 3182 matri-

286 3221 535 3272 monium
580 3221 836 3273 dirimere
851 3223 900 3286 ¹).

442 3370 470 3425 ¹)
505 3370 571 3413 Cf.
623 3370 804 3413 constit.
854 3372 1092 3416 Benedicti
1137 3372 1255 3416 XIV.
1308 3372 1553 3429 Sinfflllari
1597 3373 1726 3416 nobis
1771 3373 1828 3427 (9.
1875 3371 1987 3415 febr.
2044 3369 2179 3424 1749)

284 3459 328 3488 n.
365 3447 433 3488 10.
498 3445 688 3489 Ineunte
732 3448 909 3490 saeculo
952 3449 1018 3490 13.
1069 3448 1317 3504 disparitas
1362 3450 1513 3493 cultus
1561 3449 1653 3493 iam
1688 3454 1758 3492 est
1790 3447 2173 3504 impedimentum

284 3519 566 3564 matrimonii
601 3519 829 3564 dirimens.
1605 3526 1608 3529 ’
