2269 3898
786 132 852 175 De
884 134 984 188 lege
1019 133 1187 177 divina.
1833 140 1916 182 119

202 264 240 312 ,3.
288 265 357 306 Ad
392 264 707 307 abstinentiam
748 265 802 306 ab
836 266 1085 308 actionibus
1117 266 1510 322 incliffcrentibus:
1557 269 1756 313 actiones
1798 272 1916 313 enim

52 335 378 392 indifferentes,
411 338 677 392 praesertim
711 351 803 392 eae,
848 352 960 393 quae
992 340 1049 382 ad
1084 341 1371 384 delectabilia
1402 344 1675 398 referuntur,
1709 345 1915 399 quamvis

52 409 135 452 sub
167 410 301 453 certis
335 411 670 454 condicionibus
713 426 803 455 non
848 412 941 455 sint
985 414 1146 468 malae,
1195 416 1477 459 tendentiam
1514 421 1666 460 tamen
1698 417 1746 460 in
1778 419 1915 461 finem

50 483 264 526 ultimum
309 484 567 539 impediunt-
614 494 751 540 atque
793 486 840 528 in
884 487 1132 540 periculum
1176 488 1433 539 adducunt;
1488 504 1623 545 quare
1655 492 1712 535 iis
1745 505 1791 535 se
1823 491 1916 534 abs—

49 557 207 605 tinere,
240 562 462 612 quatenus
493 560 744 603 necessaria
775 573 864 603 non
898 565 1019 615 sunt,
1051 574 1121 604 res
1154 562 1328 605 consilii
1362 567 1443 606 est.

196 646 234 683 γ.
269 633 340 675 Ad
374 633 638 676 exercitium
673 634 884 676 virtutum
905 647 920 677 .·
952 635 1174 689 plurimae
1207 636 1326 678 enim
1360 637 1559 681 actiones
1583 638 1724 681 bonae
1746 652 1914 682 earum-

49 719 133 760 que
178 706 399 761 oppositis
432 707 637 750 meliores
670 712 752 751 aut
783 709 1046 752 nullatenus
1079 717 1160 752 aut
1193 710 1354 753 saltem
1388 725 1477 754 non
1510 712 1715 755 omnibus
1749 721 1916 768 tempo·

47 780 171 823 ribus
194 784 457 835 praeceptae
490 786 598 824 sunt
630 786 682 824 ut
716 782 980 838 virginitas,
1012 785 1221 838 frequens
1257 785 1481 840 susceptio
1515 792 1914 841 sacramentorum,

47 853 223 897 auditio
257 854 370 898 sacri
405 854 561 914 diebus
592 855 843 911 ferialibus,
876 859 1086 912 frequens
1120 858 1264 901 oratio
1302 863 1385 902 etc.

194 1004 318 1059 103.
376 1004 644 1058 Consilia
703 1006 1065 1072 evangelica.
1160 1008 1311 1058 Inter
1377 1009 1605 1060 consilia
1671 1011 1916 1061 eminent

53 1093 281 1145 consilia
323 1094 645 1164 evangelica
688 1094 898 1146 scilicet
928 1106 1244 1166 paupertaS,
1288 1100 1508 1149 castitas
1539 1107 1586 1149 et
1617 1099 1916 1150 obedientia

47 1182 258 1234 homini
299 1185 574 1251 praestita,
619 1202 758 1253 quae
801 1185 1101 1255 evanyelica
1137 1194 1422 1254 vocantur,
1467 1189 1596 1257 quia
1636 1207 1667 1239 a
1695 1187 1913 1241 Christo

47 1273 288 1323 Domino
326 1274 381 1324 in
417 1273 704 1342 evangelio
734 1274 1154 1343 promulgantur
1188 1283 1240 1326 et
1268 1275 1438 1327 verbo
1469 1285 1633 1346 atque
1663 1276 1913 1346 exemplo

48 1370 331 1433 tamquam
399 1363 581 1415 media
647 1364 1000 1432 perfectionis
1065 1364 1396 1416 christianae
1462 1365 1687 1434 speciali
1754 1365 1913 1417 modo

50 1452 522 1519 commendantur,
576 1455 652 1504 ita
694 1461 753 1504 ut
795 1453 956 1504 simul
1005 1453 1382 1523 promulgetur
1431 1454 1720 1506 consilium
1770 1456 1916 1506 insti-

47 1542 238 1593 tuendi
281 1541 614 1611 peculiarem
657 1543 804 1593 vitae
847 1550 1066 1610 statum,
1111 1545 1167 1594 in
1210 1562 1314 1614 quo
1359 1544 1428 1595 ad
1472 1544 1914 1596 observationem

47 1634 240 1683 horum
288 1630 640 1682 consiliorum
684 1633 885 1683 existat
925 1632 1204 1701 obligatio.

197 1734 236 1764 a.
272 1720 464 1775 Singula
494 1720 542 1763 in
576 1720 713 1763 sacris
745 1721 916 1764 litteris
950 1722 1262 1765 continentur:

195 1810 234 1835 α.
275 1795 517 1838 Consilium
541 1796 867 1850 paupertatis:
902 1795 956 1838 Si
976 1797 1041 1839 cis
1062 1798 1303 1852 perfectus
1326 1810 1440 1851 esse,
1473 1796 1596 1850 zade,
1621 1797 1774 1849 sende,
1802 1809 1915 1852 quae

42 1869 198 1922 habes,
231 1872 275 1912 et
305 1869 363 1911 da
385 1869 719 1925 pauperiori-5²¹).

195 1946 232 1994 β.
285 1944 527 1987 Consilium
569 1944 821 1987 castitatis:
874 1945 974 1987 Xon
1018 1958 1169 1988 omnes
1208 1945 1391 2000 capiunt
1431 1945 1611 1987 verbum
1656 1944 1790 1999 istud,
1838 1944 1921 1986 sed

44 2018 204 2074 quibus
235 2018 388 2061 datum
422 2020 491 2061 est
522 2051 531 2060 .
567 2051 575 2060 .
612 2052 620 2060 .
662 2018 779 2061 Sunt
810 2019 1017 2072 eunuchi,
1051 2020 1128 2074 qui
1156 2033 1206 2062 se
1237 2019 1358 2075 ipsos
1391 2020 1708 2061 castraverunt
1726 2021 1920 2074 propter

46 2107 234 2150 refluum
268 2094 503 2140 coelorum,
575 2094 661 2146 Qui
681 2096 835 2149 potest
866 2107 1043 2148 capere,
1076 2091 1274 2148 capiat2).
1340 2092 1512 2146 Quibus
1544 2092 1693 2136 verbis
1711 2093 1918 2136 Christus

45 2168 267 2211 Dominus
290 2167 525 2222 significat
546 2167 867 2221 virginitatem
894 2180 989 2210 esse
1012 2166 1176 2209 bonum
1201 2166 1510 2221 praestantius
1538 2166 1763 2221 coniugio,
1797 2167 1914 2220 quod

48 2243 212 2285 bonum
246 2242 344 2297 ipse
375 2255 465 2284 non
498 2241 735 2296 praecipit,
780 2242 856 2284 sed
889 2241 962 2295 iis,
1006 2241 1082 2295 qui
1115 2240 1313 2296 pretium
1363 2240 1458 2284 eius
1503 2255 1557 2284 ex
1590 2241 1768 2296 gratiae
1803 2241 1916 2284 dono

44 2331 204 2372 capere
236 2322 442 2372 possunt,
475 2317 773 2359 commendat.

189 2406 229 2443 γ.
287 2391 531 2434 Consilium
572 2390 878 2433 obedientiae:
926 2390 981 2433 Si
1011 2391 1111 2445 quis
1154 2391 1245 2433 cult
1275 2393 1385 2445 post
1414 2403 1484 2433 me
1517 2390 1683 2443 conire,
1732 2390 1921 2445 abneqet

43 2466 329 2522 semetffisum
380 2468 424 2508 et
465 2465 595 2508 tollat
637 2479 811 2508 crucem
844 2478 972 2507 suom
1008 2464 1204 2519 qnotidie
1237 2467 1281 2507 et
1310 2466 1529 2519 sequatur
1561 2462 1680 2517 mess).
1747 2463 1917 2516 Quibus

48 2540 194 2583 verbis
225 2553 315 2583 non
349 2540 492 2583 solum
527 2539 772 2594 abnegatio
805 2543 1046 2593 praecepta
1077 2538 1375 2593 intelligitur,
1410 2538 1486 2581 sed
1520 2537 1658 2580 etiam
1682 2551 1772 2580 non
1796 2550 1917 2592 prae-

44 2619 176 2669 cepta
208 2619 254 2657 et
286 2614 553 2669 praesertim
587 2627 652 2668 ea,
687 2626 800 2667 quae
831 2613 879 2655 in
911 2612 1172 2655 voluntaria
1205 2611 1462 2655 obedientia
1495 2611 1666 2654 homini
1696 2610 1920 2666 praestita

45 2688 270 2743 consistit,
304 2688 469 2743 quippe
502 2701 615 2742 quae
647 2689 779 2742 pleno
813 2701 946 2731 sensu
975 2687 1037 2730 sit
1070 2687 1306 2742 abnefsatio
1339 2687 1415 2729 sui
1445 2686 1616 2730 scilicet
1649 2685 1821 2741 proprii
1852 2685 1918 2727 in-

45 2764 257 2807 tellectus
290 2769 335 2806 et
367 2762 575 2817 propriae
608 2761 876 2807 voluntatis⁴

195 2837 231 2880 b.
267 2836 496 2890 Quaedam
522 2836 710 2879 consilia
732 2835 823 2878 iam
849 2836 1080 2890 cmtiquum
1114 2838 1427 2878 testamentum
1452 2834 1739 2878 continebat:
1776 2848 1816 2875 α.
1846 2846 1917 2875 sa-

45 2912 218 2968 crificia
265 2911 404 2955 libere
449 2911 623 2963 oblata;
675 2910 738 2953 sic
769 2910 946 2953 hostiae
978 2910 1194 2965 pacificae
1225 2924 1315 2953 11011
1349 2915 1479 2952 erant
1512 2912 1794 2964 praeceptae,
1840 2907 1917 2949 sed

46 2986 184 3030 libere
207 2985 533 3035 offerebantur;
571 2986 609 3035 β.
644 2988 759 3037 cota,
792 2998 905 3040 quae
937 2984 985 3027 in
1015 2985 1116 3039 lege
1148 2984 1539 3038 commendantur,
1574 2983 1651 3026 sed
1683 2995 1773 3025 non
1796 2993 1917 3035 prae-

47 3059 356 3114 scribuntur&
419 3059 638 3102 Votorum
683 3060 974 3114 praecipuum
1017 3064 1085 3102 est-
1125 3059 1405 3112 nasireatus,
1454 3071 1539 3112 quo
1581 3058 1712 3100 homo
1746 3056 1816 3099 vel
1860 3055 1918 3097 ad

47 3138 228 3189 tempus
260 3135 332 3177 vel
364 3133 411 3176 in
445 3138 713 3189 perpetuum
747 3133 932 3189 speciali
966 3134 1096 3176 modo
1130 3146 1175 3177 se
1208 3133 1301 3176 Deo
1335 3132 1639 3176 consecrabat.

202 3268 229 3321 ¹)
260 3267 425 3310 Matth.
462 3267 530 3321 19,
563 3267 633 3309 21.

199 3340 231 3396 ²)
262 3341 426 3384 Matth.
468 3340 537 3395 19,
571 3341 639 3383 11.
676 3341 743 3384 12.

200 3414 232 3468 ³)
262 3415 370 3457 Luc.
403 3414 445 3468 9,
479 3414 547 3457 23.

198 3489 232 3542 ⁴)
261 3489 397 3532 Deut.
432 3489 502 3543 93,
534 3489 590 3530 ‘21
625 3502 681 3531 ss.
