2269 3898
207 184 264 226 94
745 180 804 221 Π.
841 179 907 221 De
940 176 1118 220 actibus
1151 176 1209 219 ad
1242 177 1380 218 finem
1413 176 1550 230 aptis.

208 317 391 381 eedat;
435 332 659 367 necesse
701 321 885 363 autem
929 329 1037 362 non
1082 319 1177 373 est,
1221 318 1282 361 ut
1323 309 1601 360 obiectum
1645 317 1800 361 actus
1831 328 2088 379 superna-

208 403 400 458 turalis
443 406 511 455 sit
552 400 986 471 supernaturale.
1071 399 1348 465 Quocirca
1397 399 1893 468 supernaturalitas
1933 407 2090 450 actus

209 513 317 546 non
361 493 428 544 ab
473 492 704 557 obiectO,
750 491 843 542 sed
872 511 903 542 a
933 492 1208 560 principio
1239 490 1494 541 eliciente
1526 489 1818 558 dependet,
1865 487 2002 540 adeo
2031 499 2091 540 ut

210 581 643 652 supernaturalis
700 583 784 647 sit,
845 583 944 632 etsi
1000 590 1252 632 versetur
1302 581 1450 631 cirea
1498 579 1779 630 obiectum
1821 578 2089 644 naturale,

217 672 378 723 modo
422 669 636 722 Viribus
678 672 888 745 gratiae
932 670 1197 723 eliciatur.

359 790 398 818 a.
453 775 588 818 Hisce
629 789 719 818 non
762 781 961 830 negatur
1006 778 1174 828 aetum,
1220 773 1295 829 qui
1339 786 1394 816 ex
1437 773 1528 816 fide
1562 772 1780 827 procedit,
1814 772 2004 826 ideoque
2037 786 2092 815 ex

209 850 381 893 motivo
407 848 744 904 supernaturali
768 849 876 892 fidei
902 848 1096 903 elicitur,
1132 848 1316 892 maioris
1335 862 1430 891 esse
1455 847 1704 902 dignitatis
1728 854 1775 891 et
1798 847 1948 903 pretii.
1989 847 2091 890 Etsi

209 939 315 981 ergo
351 926 462 967 hona
496 925 685 967 intentio
719 924 1097 979 supernaturalis,
1132 937 1245 978 quae
1280 923 1463 978 dicitur,
1497 936 1551 966 ex
1584 924 1665 965 1100
1700 922 1850 977 eapite
1882 936 1972 966 non
1997 936 2091 978 pro-

209 1000 342 1043 betur
374 999 643 1054 necessaria,
678 1004 832 1041 tamen
857 999 1014 1042 fideles
1041 998 1254 1041 monendi
1274 1004 1411 1052 atque
1430 997 1646 1040 hortandi
1667 1000 1790 1052 sunt,
1812 1002 1866 1040 ut
1891 996 2091 1040 actiones

209 1088 312 1117 suas
346 1088 400 1118 ex
433 1074 619 1117 motivis
653 1073 1077 1128 supernaturalibus
1099 1073 1208 1117 fidei
1233 1086 1436 1116 exercere
1464 1076 1747 1116 assuescant:
1783 1086 1936 1116 eorum
1969 1086 2092 1115 nam-

210 1162 294 1203 que
327 1162 461 1203 opera
492 1149 575 1191 hae
617 1148 793 1191 ratione
837 1148 1022 1190 maioris
1065 1148 1218 1190 meriti
1263 1151 1415 1198 erunt;
1467 1148 1524 1190 ad
1557 1147 1704 1202 ipsam
1749 1150 1902 1191 autem
1945 1159 2093 1201 super-

209 1223 559 1266 naturalitatem
594 1229 723 1266 actus
757 1223 804 1265 id
839 1223 1089 1266 necessario
1135 1236 1226 1265 non
1259 1221 1523 1276 requiritur.

359 1298 396 1340 b.
431 1298 654 1353 Ceterum,
689 1299 806 1352 quod
833 1298 1071 1340 Cardenus·
1105 1297 1158 1340 de
1182 1298 1466 1351 eleemosyna
1492 1297 1540 1339 in
1563 1296 1709 1352 specie
1734 1297 1878 1351 docet,
1901 1295 1980 1339 Vix
2002 1310 2093 1339 non

210 1373 267 1416 ad
301 1387 453 1416 omnes
487 1373 688 1416 actiones
721 1373 958 1416 moraliter
991 1373 1130 1416 bonas
1163 1372 1361 1415 hominis
1406 1371 1647 1415 christiani
1696 1371 1882 1415 extendi
1916 1376 2093 1426 potest:

209 1447 328 1504 „Qui
360 1448 407 1491 111
441 1448 594 1491 schola
626 1448 734 1490 fidei
771 1447 932 1490 didicit
968 1448 1299 1501 eleemosynam
1334 1461 1429 1490 esse
1463 1447 1773 1502 operationem
1808 1452 2014 1490 sanctam
2049 1451 2094 1489 et

210 1525 463 1578 placentem
499 1524 606 1578 Deo,
641 1523 747 1577 quia
780 1524 901 1566 Deus
936 1523 999 1565 510
1032 1522 1269 1574 revelavit,
1312 1522 1421 1565 11061
1455 1522 1608 1565 oblata
1642 1521 1872 1565 occasione
1912 1521 2095 1565 eleemo-

211 1612 349 1652 synae
369 1599 429 1641 sit
449 1597 695 1642 actualiter
712 1598 949 1640 immemor
967 1597 1262 1641 revelationis
1283 1597 1480 1651 divinae,
1514 1600 1730 1651 operatur
1751 1602 1906 1640 tamen
1933 1597 2096 1640 duetus

212 1673 431 1728 doctrina,
467 1687 601 1728 quam
637 1672 797 1715 didicit
830 1672 879 1715 in
913 1673 1066 1715 schola
1098 1672 1207 1715 fidei
1247 1671 1444 1727 divinae,
1489 1678 1535 1715 et
1577 1671 1646 1714 ita
1679 1685 1730 1715 ea
1764 1671 1967 1727 operatio
2001 1686 2096 1727 pro—

211 1749 330 1792 cedit
364 1748 628 1792 virtualiter
661 1761 714 1791 ex
747 1751 853 1791 actu
887 1747 1009 1802 fidei,
1045 1748 1151 1802 quia
1184 1752 1399 1802 operatur
1432 1760 1485 1790 ex
1520 1747 1782 1802 dictamine,
1832 1748 1950 1802 quod
1984 1760 2095 1790 eom-

210 1823 393 1877 paravit
427 1822 474 1865 in
509 1823 659 1865 schola
693 1821 884 1877 fidam).

365 1973 459 2026 80.
516 1972 889 2039 Argumenta
929 1972 1113 2025 huius
1158 1972 1513 2026 sententiae.
1604 1974 1645 2023 1.
1687 1972 1881 2035 Actus,
1930 1974 2021 2042 qui
2065 1991 2097 2023 a

214 2063 487 2132 principio
526 2082 625 2132 per
666 2064 899 2130 gratiam
943 2061 1350 2131 supernaturali
1392 2062 1717 2131 procedunt,
1765 2064 1882 2113 sine
1926 2060 2095 2113 dubio

215 2162 340 2203 sunt
382 2151 854 2221 supernaturales:
911 2154 954 2203 si
1011 2153 1158 2203 enim
1214 2151 1376 2203 radix
1431 2160 1484 2203 et
1530 2153 1868 2222 principium
1912 2170 2095 2221 super-

213 2241 479 2293 naturalis
521 2250 616 2309 est,
659 2244 823 2294 etiam
867 2242 1079 2294 fructus
1122 2241 1211 2293 vel
1254 2243 1484 2294 effectus
1512 2242 1950 2312 supernaturalis
1979 2261 2097 2294 esse

215 2330 394 2383 debet.
476 2332 547 2383 Et
600 2351 730 2384 sane
783 2333 962 2401 gratia
1016 2332 1249 2384 actualis
1304 2333 1490 2401 efficit,
1546 2343 1606 2384 ut
1659 2342 1816 2385 actus
1866 2333 2097 2385 humani

215 2423 324 2472 sint
364 2421 836 2490 supernaturales:
882 2422 1006 2474 ideo
1051 2424 1198 2474 enim
1240 2425 1419 2491 gratia
1463 2423 1804 2490 conceditur,
1848 2432 1908 2474 ut
1941 2431 2096 2474 actus

213 2529 311 2580 per
350 2513 586 2580 gratiam
628 2513 762 2564 fiant
803 2513 1268 2582 supernaturaleS,
1324 2513 1382 2564 id
1438 2513 1561 2565 ideo
1617 2512 1688 2565 ad
1743 2532 1904 2565 omne
1960 2531 2097 2582 opus

217 2600 453 2652 salutare
482 2608 599 2652 tum
630 2603 759 2653 iusti
795 2610 911 2653 tum
953 2604 1276 2672 peccatoriS,
1318 2610 1435 2654 tum
1478 2601 1656 2655 fidelis
1698 2610 1816 2654 tum
1857 2602 2098 2656 infidelis

215 2694 525 2742 necessaria
567 2700 648 2743 est
681 2694 877 2760 gratia,
924 2693 1055 2762 quia
1097 2693 1218 2762 ipsa
1261 2693 1479 2744 efficere
1523 2692 1702 2760 debet,
1747 2700 1808 2744 ut
1848 2712 1986 2762 opus
2029 2694 2099 2745 sit

223 2781 653 2850 supernaturale.

366 2884 405 2911 a.
462 2868 515 2915 Si
552 2885 666 2928 ergo
712 2871 775 2915 ad
822 2875 962 2917 actus
984 2872 1416 2938 ,supernaturales
1452 2872 1697 2918 obiectum
1744 2886 1829 2918 seu
1862 2873 2097 2919 motivum

218 2945 594 3001 supernaturale
640 2946 997 3002 requireretur.
1045 2946 1135 2993 1100
1182 2946 1292 2993 ideo
1339 2954 1484 3002 esset,
1536 2947 1650 3004 quia
1691 2947 1742 2993 in
1786 2947 1876 2994 hoc
1923 2948 2096 2994 ordine

217 3018 562 3076 providentiae
598 3018 736 3065 Deus
772 3020 1008 3067 auxilium
1042 3022 1243 3079 gratiae
1278 3021 1595 3080 (praesertim
1633 3021 1697 3067 ad
1731 3027 1870 3068 actus
1904 3022 2098 3069 indiffe-

217 3094 406 3147 rentes)
442 3093 593 3138 solum
630 3095 716 3139 sub
743 3095 837 3141 hae
863 3095 1148 3142 condicione
1175 3096 1485 3154 concederet,
1520 3097 1648 3155 quod
1670 3097 1811 3143 homo
1838 3112 1898 3144 ex
1915 3098 2098 3144 motivo

220 3168 591 3224 supernaturali
635 3174 776 3225 agat3
834 3170 971 3227 atqui
1027 3171 1160 3216 nullo
1212 3178 1501 3229 argumento
1553 3171 1886 3218 demonstrari
1932 3178 2098 3232 potest

217 3240 379 3287 Deum
431 3242 482 3287 in
514 3242 605 3288 1100
650 3242 821 3288 ordine
867 3246 1297 3302 supernaturalem
1344 3259 1632 3291 concursum
1679 3247 1878 3304 gratiae
1920 3248 2097 3306 depen-

222 3316 419 3361 dentem
453 3316 633 3363 tecisse
670 3331 698 3362 a
732 3318 913 3363 motivo
961 3320 1334 3377 supernaturali
1377 3321 1597 3378 agentis;
1654 3327 1859 3368 econtra
1904 3321 2097 3368 demon-

221 3390 373 3435 strari
406 3405 547 3449 posse
581 3392 793 3447 videtur,
819 3394 959 3450 fidem
996 3409 1103 3440 esse
1142 3395 1494 3453 condicionem,
1530 3410 1558 3441 a
1583 3410 1678 3454 qua
1713 3398 2096 3456 supernaturale

380 3555 405 3607 ¹)
441 3554 692 3609 Cal-denas,
725 3556 863 3600 Crisis
895 3558 1032 3601 theol.
1069 3572 1132 3612 pr.
1169 3560 1207 3601 4.
1246 3560 1400 3605 disert.
1439 3562 1504 3604 16.
1541 3575 1574 3604 0.
1611 3562 1651 3605 6.
1684 3575 1728 3604 n,
1763 3561 1863 3611 54„
