2269 3898
748 134 814 177 De
845 137 1011 176 natura
1042 134 1336 177 matrimonii.
1915 137 1970 178 23

264 284 306 319 e.
353 266 419 317 de
459 266 803 334 legitimitate
845 266 1041 335 prolis:
1097 268 1277 335 agitur
1318 268 1463 317 enim
1507 266 1572 317 de
1613 267 1826 332 effectu,
1878 268 1968 335 qui

115 373 182 405 ex
225 354 409 406 valido
452 355 799 405 matrimonio
842 354 1158 406 immediate
1198 355 1436 408 resultat.

261 517 345 571 23.
404 517 545 589 Quis
586 516 648 568 in
691 517 945 570 ecelesia
979 518 1242 570 statuere
1286 518 1482 584 possit
1523 516 1968 585 impedimenta.

265 623 308 671 1.
371 618 608 670 Summus
658 618 909 688 pont-ifex
971 629 1022 670 et
1078 619 1369 670 concilium
1426 621 1679 688 generale
1736 630 1970 673 statuere

113 715 340 777 possunt
392 706 789 775 impedimenta
831 708 1146 760 dirimentia
1200 716 1253 759 et
1308 708 1666 777 impedientia
1715 718 1830 761 tum
1874 729 1968 778 pro

113 797 373 848 universa
415 795 646 846 ecclesia
687 803 802 847 tum
846 814 941 865 pro
986 796 1346 847 determinato
1388 799 1676 849 territorio.

261 885 308 937 2.
352 885 606 954 Episcopi
646 893 697 935 et
739 884 973 935 concilia
1014 884 1369 953 particularia
1410 886 1712 954 antiquitus
1748 885 1968 954 quidem

112 974 484 1043 impedimenta
542 974 887 1042 impedientia
947 983 995 1025 et
1057 974 1362 1024 dirim-entia
1427 992 1522 1042 pro
1590 992 1686 1024 sua
1751 975 1970 1042 regione

111 1071 348 1114 statuere
413 1071 690 1131 poterant3
747 1081 895 1113 nunc
937 1080 1065 1113 vero
1120 1081 1364 1113 summus
1406 1062 1655 1131 pontifex
1697 1062 1841 1114 hanc
1882 1081 1968 1131 po-

112 1159 361 1203 testatem
404 1151 509 1202 sibi
551 1152 888 1202 reservavit:
936 1160 1163 1220 possunt
1203 1159 1387 1202 tamen
1419 1151 1802 1220 dispositiones
1839 1153 1972 1202 iuris

111 1242 433 1304 communiS,
488 1241 653 1291 etiam
696 1241 919 1290 sancitis
962 1242 1167 1308 poenis⁷
1220 1258 1411 1308 urgere
1454 1250 1505 1290 et
1547 1239 1968 1291 celebrationem

111 1330 447 1380 matrimonii
503 1328 573 1379 ad
628 1328 850 1380 modum
907 1331 1185 1398 praecepti
1241 1331 1295 1380 in
1354 1328 1670 1397 particulari
1721 1348 1849 1379 casu
1904 1346 1972 1378 ex

110 1419 252 1468 iusta
295 1436 460 1469 causa
501 1417 793 1486 prohibere
836 1436 879 1471 e.
923 1436 972 1486 g.
1013 1419 1082 1469 ad
1144 1418 1456 1469 cavendum
1506 1417 1845 1483 scandalum7
1901 1418 1969 1468 ob

110 1507 361 1557 timorem
423 1506 852 1567 discordiarum,
913 1506 980 1557 ob
1043 1508 1410 1575 suspicionem
1467 1505 1684 1556 latentis
1740 1506 1972 1557 alicuius

110 1595 492 1664 impedimenti
534 1602 632 1645 etc.

258 1682 517 1725 Communis
583 1683 813 1726 doctorum
869 1683 1097 1726 sententia
1150 1683 1317 1725 statuit
1371 1683 1597 1737 episcopos
1659 1682 1755 1725 iure
1819 1682 1972 1725 divino

109 1757 421 1813 impedimenta
456 1757 717 1800 dirimentis!
752 1761 795 1800 et
829 1757 1127 1811 impedientia
1160 1758 1216 1799 ad
1250 1758 1431 1800 niodum
1465 1756 1579 1811 legis
1613 1762 1812 1799 statuere
1845 1769 1973 1810 posse
2032 1768 2035 1769 ’

109 1835 473 1886 potestatemque
525 1831 661 1874 istam
711 1844 867 1886 reapse
915 1831 1177 1885 exercuisse,
1231 1845 1456 1874 summum
1510 1839 1662 1873 autem
1711 1830 1972 1885 pontificem

112 1906 380 1961 (r'reqw'ium
414 1906 497 1948 IX.
530 1906 578 1960 (ἦ
613 1906 743 1960 1241>
775 1919 871 1949 eam
917 1906 1000 1948 sibi
1044 1919 1293 1949 reservasse
1325 1906 1382 1948 ad
1414 1905 1776 1948 uniformitatem
1810 1904 1857 1947 in
1887 1918 1972 1947 usu

111 1981 244 2023 huius
278 1980 547 2023 sacramenti
581 1981 701 2034 apud
735 1993 886 2023 omnes
921 1980 1078 2023 fideles
1111 1980 1417 2022 obtinendam.
1481 1979 1673 2022 Possunt
1698 1983 1850 2022 tamen
1884 1978 1970 2033 epi—

110 2054 231 2109 scopi
265 2065 467 2109 tempore
500 2055 649 2097 clauso
682 2055 804 2109 ipsas
837 2054 1022 2108 nuptias
1056 2053 1301 2108 prohibere.

263 2144 405 2194 Num
445 2144 814 2195 consuetudine
858 2144 1121 2194 introduci
1152 2146 1327 2213 possit
1370 2143 1804 2212 impeclimentzmn.

258 2253 304 2284 a.
361 2232 772 2284 Consuetudine
828 2233 1117 2283 universali
1171 2232 1447 2283 introduci
1504 2240 1683 2301 potest
1743 2230 1969 2299 impedi·

109 2330 354 2372 mentum
397 2330 513 2372 tum
553 2322 817 2373 dirimens
856 2331 969 2372 tum
1009 2321 1332 2390 impediens,
1364 2320 1574 2372 scilicet
1602 2338 1812 2371 summo
1842 2338 1970 2389 pon-

107 2410 254 2461 tifice
295 2410 383 2461 vel
425 2429 679 2478 expresse
722 2410 808 2461 vel
851 2412 1016 2461 tacite
1056 2409 1427 2478 approbante3
1472 2410 1549 2459 sic
1592 2408 1705 2460 sola
1747 2426 1968 2459 consue-

106 2499 303 2550 tudine
345 2500 721 2551 introductum
765 2508 846 2552 est
896 2499 1353 2568 impedimentum
1397 2499 1733 2567 disparitatis
1776 2496 1968 2548 cultus.

259 2588 301 2641 b.
345 2587 756 2640 Consuetudine
788 2588 1118 2658 particulari
1158 2605 1305 2638 nunc
1347 2605 1455 2638 non
1490 2594 1668 2656 potest
1696 2585 1969 2637 introduci

110 2677 568 2745 impedimentum
613 2695 715 2728 nec
759 2677 1021 2728 dirimens
1063 2695 1239 2745 neque
1282 2675 1618 2744 impediens:
1662 2693 1786 2726 cum
1824 2676 1968 2725 enim

111 2766 451 2817 consuetudo
495 2766 843 2834 particularis
887 2767 1000 2816 vim
1044 2766 1284 2834 accipiat
1311 2783 1342 2815 a
1373 2782 1641 2815 consensu
1678 2766 1971 2832 superioris

108 2853 471 2922 particularis,
529 2854 620 2905 hic
675 2865 858 2905 autem
914 2853 1311 2923 impedimenta
1354 2860 1590 2904 statuere
1632 2871 1740 2904 non
1781 2855 1969 2922 possit,

112 2942 451 2994 consuetudo
501 2943 851 3013 particularis
903 2945 1015 2995 vim
1068 2962 1174 2995 non
1227 2942 1393 2993 habet
1443 2941 1831 2993 introducendi
1873 2943 1967 2992 im-

107 3031 439 3100 pedimenta.

255 3193 350 3247 24.
411 3193 566 3266 Quos
621 3193 891 3259 obligent
942 3193 1104 3260 leges
1146 3193 1620 3246 matrimoniales
1665 3193 1965 3246 eeclesiae.

108 3284 156 3334 1.
212 3283 388 3351 Leges
444 3281 875 3333 matrImoniales
938 3282 1200 3333 ecclesiae
1258 3281 1492 3351 obliquat
1547 3301 1719 3332 omnes
1766 3280 1965 3349 fideles,

101 3389 217 3429 ,non
246 3370 418 3421 solum
450 3369 746 3421 catholicos
774 3369 868 3421 sed
899 3372 1063 3421 etiam
1093 3370 1401 3422 haereticos
1436 3372 1511 3438 (et
1537 3370 1963 3434 schismaticossm

109 3478 277 3528 quare
334 3459 729 3527 impedimenta
786 3460 1052 3510 canonica
1103 3455 1356 3510 afficiunt
1403 3461 1566 3510 etiam
1619 3458 1966 3509 matrimonia
