2269 3898
40 2296 56 2339 ἶ
79 2308 107 2338 (ἲ

233 126 322 170 234
922 124 998 167 IV.
1033 124 1101 167 De
1133 122 1424 167 conscientia.

235 260 487 312 tellectus
529 260 596 311 de
639 259 934 310 existentia
974 257 1110 327 legis
1154 257 1388 325 dubitat,
1431 257 1609 327 legem
1651 276 1762 309 non
1804 259 2113 326 cognoscit:

237 350 350 402 sola
392 351 539 401 enim
583 356 733 401 certa
776 348 1016 416 cognitio
1061 365 1192 398 vera
1233 355 1314 398 est
1355 348 1625 415 cogniti03
1678 348 1775 416 qui
1819 347 1886 398 de
1927 347 2117 416 aliqua

236 440 468 490 veritate
513 438 748 504 dubitat,
805 437 1088 505 cognoscit
1137 435 1369 488 dubium
1428 437 1575 487 circa
1629 455 1749 488 eam
1805 446 1857 488 et
1910 435 2113 504 obliga-

236 531 442 580 tionem
496 529 551 578 in
608 530 725 579 eius
779 528 1133 579 existentiam
1192 527 1530 596 inquirendi,
1583 528 1762 596 ipsam
1818 526 2110 576 veritatem

236 627 417 670 autem
461 635 570 669 non
613 618 922 686 cognoscit3
966 634 1093 685 ergo
1135 616 1226 668 lex
1269 616 1441 668 dubia
1482 615 1826 668 voluntatem
1867 614 2115 684 obligare

236 708 443 777 nequit.

385 798 473 849 Ad
528 798 794 849 minorem.
878 795 1163 848 Certitudo
1222 803 1275 846 et
1327 796 1579 865 opposita
1630 794 1994 864 probabilitas
2049 794 2119 846 de

237 887 430 939 eadem
474 888 707 939 veritate
749 906 803 938 se
848 895 1036 938 mutuo
1080 885 1413 949 excludunt3
1459 886 1726 956 quamdiu
1767 903 1896 954 ergo
1925 886 2115 954 opinio

237 996 333 1047 pro
376 977 629 1029 libertate
679 976 983 1046 probabilis
1038 985 1133 1043 est,
1189 977 1375 1045 opinio
1430 994 1527 1045 pro
1581 975 1701 1044 lege
1756 977 1948 1045 nequit
2000 994 2118 1026 esse

237 1075 401 1119 certa.
482 1066 635 1118 Nihil
678 1075 862 1118 autem
904 1066 1086 1131 refert,
1129 1073 1312 1117 utrum
1356 1067 1542 1135 opinio
1572 1065 1710 1116 haec
1739 1067 1808 1117 sit
1835 1065 2019 1116 minus
2047 1083 2118 1116 an

236 1175 410 1227 aeque
452 1156 541 1209 vel
584 1157 761 1225 magis
805 1154 1125 1225 probabiliS,
1169 1155 1332 1206 modo
1375 1156 1562 1224 opinio
1606 1173 1703 1224 pro
1743 1154 2004 1208 libertate
2048 1156 2120 1205 sit

235 1246 557 1315 probabilis

385 1336 479 1379 Alii
513 1335 871 1391 propositionem
905 1335 1123 1378 maiorem
1157 1334 1206 1378 in
1240 1335 1360 1377 hunc
1403 1335 1588 1378 modum
1634 1334 1979 1378 demonstrant:
2029 1335 2117 1387 lex,

240 1425 355 1466 quae
386 1426 477 1455 non
511 1416 581 1455 est
614 1411 900 1455 sufficienter
921 1411 1237 1467 promzzlyata,
1278 1424 1368 1453 non
1408 1410 1606 1465 obligat:
1651 1410 1961 1465 promulgatio
2000 1409 2119 1453 enim

235 1487 491 1531 necessaria
523 1491 606 1542 est,
639 1490 693 1530 ut
724 1488 799 1530 lex
831 1486 924 1529 vim
960 1485 1194 1541 obligandi
1229 1485 1464 1538 obtineam
1499 1485 1629 1540 atqui
1662 1485 1736 1528 lex
1770 1484 1907 1528 dubia
1938 1498 2028 1527 non
2051 1487 2123 1528 est

239 1562 524 1606 sufficienter
561 1563 869 1617 promulgata.
934 1562 1147 1604 Praestat
1191 1567 1346 1604 autem
1388 1565 1712 1616 argumentum
1758 1574 1812 1603 ex
1859 1559 2124 1615 cognitione

236 1637 354 1692 legis
388 1638 634 1692 desumere,
667 1642 722 1680 ut
753 1637 1054 1691 undequaque
1087 1635 1149 1679 sit
1181 1637 1362 1679 efficax.

389 1727 433 1779 b.
489 1727 611 1778 Lex
667 1728 878 1778 incerta
920 1728 1114 1796 nequit
1154 1745 1343 1778 veram
1388 1725 1782 1795 obligationem
1825 1726 2117 1790 inducere,

238 1818 391 1887 atqui
435 1816 542 1884 lex,
606 1826 797 1869 contra
838 1835 1003 1887 quam
1048 1815 1249 1868 militat
1289 1817 1475 1885 opinio
1519 1834 1649 1867 vere
1691 1823 1744 1867 et
1784 1813 1957 1867 solide
2001 1832 2117 1884 pro-

239 1906 457 1975 babilis,
513 1915 594 1958 est
645 1925 775 1959 Vere
829 1908 1064 1967 incerta;
1123 1924 1249 1976 ergo
1301 1905 1410 1973 lex,
1467 1913 1661 1957 contra
1713 1924 1879 1975 quam
1922 1903 2125 1956 militat

239 1998 424 2067 opinio
484 1996 806 2067 probabiliS,
863 1999 1057 2067 nequit
1110 2005 1315 2048 certam
1371 1995 1768 2065 obligationem
1819 1997 2122 2065 imponere.

388 2088 477 2139 Ad
501 2089 768 2141 maiorem.
826 2087 918 2139 Ius
941 2087 1211 2139 libertatis
1241 2087 1408 2157 idque
1439 2095 1646 2138 certum
1677 2094 1840 2156 atque
1867 2087 2121 2137 innatum

174 2143 527 2262 „ffiffassoedit
568 2178 652 2229 ius
693 2178 830 2246 legis
873 2179 1102 2248 eiusque
1137 2177 1549 2245 obligationem.
1605 2177 1749 2229 Sane
1791 2177 1835 2228 si
1878 2176 2121 2227 invicem

32 2263 35 2268 ’
90 2258 96 2267 ’
136 2307 167 2337 ί
188 2257 635 2337 &comparentur
673 2269 794 2319 iura
827 2268 964 2336 legis
989 2276 1042 2318 et
1063 2269 1184 2319 iura
1207 2267 1476 2319 libertatis
1500 2267 1796 2333 humanae,
1822 2265 2122 2318 dicendum

240 2366 322 2410 est
356 2358 663 2410 secundum
694 2358 945 2409 ordinem
989 2352 1219 2410 naturae
1260 2357 1592 2428 praecedere
1635 2359 1720 2408 ius
1760 2356 2031 2407 libertatis
2072 2361 2127 2406 et

241 2447 507 2518 subsequi
549 2450 634 2500 ius
675 2447 812 2518 legis
850 2458 902 2499 et
933 2448 1306 2517 obligationis,
1351 2449 1452 2501 etsi
1482 2465 1593 2498 non
1619 2455 1885 2516 tempore,
1929 2445 2120 2497 saltem

240 2547 440 2590 natura
481 2545 533 2589 et
573 2540 813 2591 ratione:
857 2537 1121 2607 obligatio
1165 2539 1314 2589 enim
1358 2538 1623 2606 supponit
1662 2535 1896 2587 liberam
1932 2534 2122 2586 volun·

241 2636 429 2695 tatem,
475 2647 617 2698 quae
658 2628 886 2697 ligetur3
931 2630 1086 2698 atqui
1129 2630 1213 2679 ius
1257 2637 1466 2679 certum
1508 2627 1766 2695 restringi
1809 2645 1918 2678 non
1946 2632 2124 2695 potest

243 2720 348 2769 nisi
391 2718 729 2787 obligatione
772 2726 949 2770 certa:
999 2720 1190 2788 nequit
1231 2720 1379 2770 enim
1423 2719 1651 2769 effectus
1681 2735 1796 2769 esse
1825 2717 2002 2768 maior
2026 2733 2124 2766 sua

244 2826 437 2868 causa3
495 2826 620 2876 ergo
681 2809 771 2860 lex
827 2810 1042 2861 incerta
1097 2817 1304 2860 certam
1366 2807 1763 2875 obligationem
1821 2805 2126 2876 producere

243 2900 450 2966 nequit.

394 3000 434 3028 a.
469 2986 565 3029 Hoc
598 2993 923 3042 argumentum
959 2988 1214 3031 desumitur
1247 3001 1301 3031 ex
1323 2987 1561 3041 relatione,
1585 3000 1699 3042 quae
1720 2985 1982 3029 libertatem
2006 2984 2129 3027 inter

245 3066 292 3105 et
325 3062 473 3116 legem
508 3061 683 3107 existit.
749 3062 905 3116 Quoad
939 3064 1087 3118 legem
1122 3062 1369 3117 positivam
1404 3067 1503 3105 tum
1528 3061 1733 3104 divinam
1756 3064 1856 3103 tum
1879 3060 2126 3102 humanam

243 3138 434 3182 libertas
467 3140 666 3193 tempore
698 3139 791 3193 legi
826 3139 1029 3182 anterior
1061 3142 1144 3194 est,
1178 3152 1278 3181 cum
1313 3151 1379 3193 ea,
1408 3151 1522 3192 quae
1544 3137 1645 3192 lege
1667 3136 1869 3192 positiva
1891 3133 2125 3190 prohiben-

252 3217 345 3267 tur,
393 3226 447 3256 ex
497 3226 542 3255 se
574 3212 704 3255 licita
737 3212 831 3256 sint
885 3219 929 3256 et
971 3214 1115 3256 solum
1150 3227 1229 3268 per
1260 3214 1408 3268 legem
1449 3212 1497 3255 in
1537 3216 1741 3267 tempore
1783 3212 1927 3254 latam
1961 3208 2128 3252 illicita

246 3288 375 3330 fiant.
440 3286 528 3330 Ubi
562 3292 716 3330 autem
752 3287 807 3330 de
838 3288 940 3342 lege
971 3291 1165 3331 naturae
1187 3287 1361 3342 agitur,
1394 3300 1508 3342 quae
1531 3290 1600 3330 est
1617 3287 1691 3330 lex
1714 3290 1914 3340 aeterna,
1936 3283 2127 3327 libertas

246 3362 426 3404 ratione
462 3362 556 3417 legi
590 3362 791 3406 anterior
823 3366 905 3405 est.
970 3363 1030 3405 Et
1065 3376 1172 3406 sane
1205 3376 1254 3406 eo
1287 3362 1401 3418 ipso,
1435 3363 1554 3417 quod
1586 3363 1719 3406 homo
1752 3375 1779 3404 a
1820 3361 1915 3403 Deo
1948 3364 2128 3401 creatus

248 3440 332 3490 est,
366 3438 612 3481 secundum
648 3442 795 3481 totam
831 3436 1012 3492 quidem
1048 3437 1293 3481 essent-iam
1340 3451 1467 3481 suam
1509 3451 1535 3480 a
1579 3437 1672 3480 Deo
1723 3435 1949 3490 dependet
1996 3432 2127 3486 eique

247 3510 477 3554 subiectus
511 3518 593 3555 est.
659 3513 728 3555 Ex
761 3512 844 3555 hac
879 3512 1186 3568 dependentia
1219 3512 1426 3566 sequit-ur
1459 3511 1663 3556 debitum
1713 3508 2010 3554 contrahendi
2053 3505 2123 3549 ob-
