2269 3898
296 181 352 223 98
1029 176 1096 218 De
1129 173 1432 218 matrimonio.

444 314 491 364 4.
549 308 803 361 Invalida
863 316 987 360 sunt
1045 310 1097 360 in
1155 308 1306 373 locis,
1363 306 1459 358 ubi
1515 308 1773 359 decretum
1827 308 2172 360 tridentinum

295 404 442 471 viget.

446 518 485 546 a.
522 501 734 556 Quaestio
767 500 1013 544 theoretice
1046 501 1244 543 nondum
1290 500 1486 543 diremta
1530 504 1613 555 est,
1659 500 1764 555 quia
1809 514 1842 543 s.
1877 501 2002 544 sedes
2045 514 2175 556 gene-

293 581 433 624 ralem
480 576 829 621 declarationem
873 575 989 618 circa
1032 574 1327 618 matrimonia
1360 575 1646 618 clandestina
1679 575 2009 618 haereticorum
2044 576 2174 619 edere

295 656 522 707 hucusque
544 651 708 703 noluit,
742 651 818 693 sed
843 649 995 705 pot-ius
1028 650 1077 692 in
1108 650 1304 704 singulis
1336 649 1512 692 casibus
1543 651 1864 693 recurrendum
1887 663 1982 693 esse
2005 650 2175 693 statuit

295 727 514 784 expositis
547 725 754 768 omnibus
787 724 901 767 facti
943 724 1186 768 adiunctis.
1252 724 1297 767 Si
1340 737 1446 779 ergo
1489 724 1702 779 coniuges
1753 724 1969 768 haeretici
2017 725 2065 767 in
2112 737 2174 768 re-

294 802 519 859 gionibus,
560 800 609 843 in
643 799 804 854 quibus
836 799 963 853 viget
998 799 1071 841 lex
1104 798 1374 852 tridentina,
1418 798 1477 841 ad
1509 811 1662 841 veram
1698 799 1834 842 fidem
1867 799 2074 853 redeunt,
2116 799 2173 842 de

294 891 444 922 eorum
478 874 770 919 matrimonio
803 874 861 916 ad
895 873 1175 916 ordinarium
1210 874 1495 917 referendum
1531 880 1612 917 est.

443 952 480 995 b.
514 950 674 993 Praxis
706 962 811 992 vero
844 948 1055 992 ecclesiae
1088 948 1136 991 in
1170 948 1477 991 diiudicandis
1500 948 1829 991 haereticorum
1853 948 2176 1003 matrimoniis,

294 1025 590 1070 consideratis
631 1023 857 1078 responsis
902 1023 1269 1078 particularibuS,
1319 1024 1428 1066 haec
1471 1034 1566 1066 esse
1608 1022 1806 1076 videtur,
1855 1023 1973 1076 quod
2021 1022 2174 1066 matri-

294 1101 493 1144 monium
549 1100 806 1143 declaratur
856 1099 1050 1152 nullum,
1099 1097 1275 1152 quoties
1325 1101 1445 1140 certo
1495 1102 1675 1140 constat
1726 1097 1955 1140 decretum
2005 1097 2172 1140 triden-

293 1176 440 1219 tinum
489 1174 537 1217 in
584 1173 695 1227 loco,
741 1172 818 1215 ubi
859 1172 1028 1215 initum
1072 1172 1165 1215 fuit
1215 1171 1576 1226 matrimonium,
1624 1171 1767 1215 fuisse
1814 1172 2172 1226 promulgatum.

295 1249 417 1303 Quae
450 1262 549 1291 cum
583 1248 651 1290 ita
684 1247 791 1300 sint,
826 1246 1031 1301 quaestio
1066 1246 1181 1290 circa
1215 1246 1509 1289 matrimonia
1533 1246 1819 1290 claudestina
1842 1246 2172 1289 haereticorum

292 1338 381 1367 non
413 1329 509 1366 tam
543 1323 652 1365 11300
685 1322 910 1377 generalis
944 1325 1027 1376 est,
1076 1335 1184 1364 num
1230 1321 1447 1364 haeretici
1489 1327 1735 1364 teneantur
1768 1334 1946 1364 servare
1978 1323 2170 1364 formam

292 1398 606 1452 tridentinam,
640 1410 774 1451 quam
808 1397 962 1452 potius
995 1397 1103 1440 haec
1137 1396 1444 1451 particular·iS‚
1489 1410 1597 1439 1111111
1632 1395 1679 1438 111
1711 1396 1821 1450 1000,
1862 1395 1940 1438 ubi
1974 1402 2168 1439 contrac-

292 1479 392 1516 tum
427 1477 494 1516 est
529 1471 891 1527 matrimonium,
923 1473 997 1515 lex
1030 1472 1285 1515 tridentina
1318 1485 1518 1526 unquam
1552 1472 1846 1526 promulgata
1879 1472 2033 1515 fuerit.

441 1561 473 1590 c.
529 1547 652 1590 Haec
708 1547 859 1589 omnia
915 1546 1121 1602 apprime
1178 1547 1509 1589 confirmantur
1573 1545 1877 1589 declaratione
1930 1560 1965 1589 s.
2025 1546 2179 1603 Officii

293 1621 363 1663 23.
397 1634 499 1664 nov.
537 1621 666 1664 1898.
719 1622 961 1664 Decretum
1000 1620 1198 1663 Tametsi
1227 1619 1317 1662 iam
1352 1620 1527 1674 pridem
1562 1620 1906 1675 promulgatum
1939 1622 2092 1664 fuerat
2125 1620 2173 1664 in

293 1701 393 1739 tota
427 1695 616 1739 dioecesi
651 1695 919 1739 Costa-Rica
950 1694 1183 1738 Americae
1226 1694 1555 1737 meridionalis.
1619 1695 1750 1737 Anno
1785 1696 1901 1738 18ῖο
1933 1695 1981 1738 111
2015 1696 2170 1739 eadem

292 1770 482 1814 dioecesi
527 1774 675 1813 erecta
719 1776 787 1813 est
830 1784 946 1813 nova
991 1769 1204 1824 parochia
1237 1769 1403 1811 Portus
1454 1769 1507 1811 de
1554 1769 1732 1823 Limon,
1782 1783 1916 1823 quam
1965 1770 2172 1813 incolunt

293 1844 505 1888 catholici
540 1853 585 1888 et
618 1844 850 1888 haeretici.
914 1844 1011 1887 13111
1046 1857 1078 1887 s.
1118 1844 1333 1888 Officium
1369 1844 1642 1887 declaravit:
1679 1860 1720 1886 α.
1752 1844 2048 1888 necessariam
2083 1858 2173 1888 non

291 1933 385 1963 esse
417 1919 832 1975 promulgationem
868 1919 1036 1962 decreti
1071 1918 1317 1962 tridentini
1351 1918 1400 1962 111
1433 1932 1550 1961 nova
1584 1918 1812 1973 parochia,
1858 1931 1957 1961 cum
1990 1918 2039 1962 111
2072 1923 2174 1962 tota

292 1994 481 2038 dioecesi
514 1994 605 2036 iam
639 1993 981 2049 promulgatum
1017 1993 1102 2035 sit:
1140 1994 1179 2042 β.
1211 1992 1506 2036 matrimonia
1528 1992 1858 2036 haereticorum
1881 1993 2000 2036 inita
2023 2007 2170 2038 coram

292 2069 501 2112 ministro
535 2069 785 2112 acatholico
819 2068 888 2111 vel
925 2081 1072 2110 coram
1107 2066 1327 2122 gubernio
1359 2066 1565 2110 invalida
1588 2080 1705 2117 esse;
1740 2081 1779 2119 γ.
1804 2081 1895 2110 11011
1918 2057 2171 2124 convenire,

292 2153 344 2187 ut
378 2149 564 2199 petatur
607 2143 810 2187 extensio
856 2142 1176 2185 declarationis
1221 2141 1537 2186 benedictinae
1584 2142 1727 2185 relate
1775 2142 1832 2185 ad
1876 2143 2170 2187 matrimonia

280 2219 621 2261 'haereticorum
654 2218 776 2272 (quia
810 2222 990 2260 constat
1022 2217 1085 2259 ibi
1120 2217 1464 2272 promulgatum
1499 2217 1641 2261 fuisse
1674 2217 2010 2271 tridentinum).

441 2309 489 2362 5.
548 2309 901 2359 Matrimonia
956 2309 1141 2371 mima,
1199 2325 1340 2376 quae
1382 2306 1726 2358 clandestine
1769 2306 2172 2359 contrahuntur

297 2400 412 2450 sive
456 2416 639 2450 coram
677 2398 1003 2466 magistratu
1035 2395 1186 2447 civili
1217 2397 1334 2447 sive
1365 2415 1549 2448 coram
1579 2398 1830 2448 ministro
1861 2396 2167 2448 haeretico:

442 2524 490 2556 a.
533 2502 738 2555 Valida
796 2511 923 2554 sunt
976 2503 1032 2553 in
1085 2500 1425 2569 regionibus,
1480 2502 1536 2552 in
1593 2502 1793 2570 quibus
1834 2500 1924 2552 lex
1966 2501 2170 2553 triden—

295 2594 411 2644 tina
451 2611 736 2662 nunquam
780 2591 1127 2662 promulgata
1169 2590 1255 2642 vel
1300 2609 1585 2660 nunquam
1628 2599 1849 2659 recepta
1891 2599 1985 2643 est.

440 2682 527 2725 Ubi
562 2682 680 2725 enim
716 2682 1010 2726 matrimonia
1044 2680 1374 2724 haereticorum
1408 2680 1529 2722 inter
1562 2694 1607 2723 se
1640 2681 1796 2724 valida
1843 2686 1965 2736 sunt,
2013 2681 2171 2725 valent

291 2757 430 2800 etiam
479 2757 773 2800 matrimonia
816 2757 978 2811 mixta,
1026 2755 1115 2799 nisi
1163 2755 1211 2798 in
1259 2755 1413 2809 aliqua
1461 2755 1646 2810 regione
1686 2756 1813 2798 13013
1855 2755 1918 2798 sit
1960 2755 2171 2810 specialis

292 2831 511 2886 exceptio,
545 2832 651 2886 quia
684 2837 868 2886 propter
900 2830 1282 2874 individuitatem
1317 2834 1576 2872 contractus
1601 2829 1797 2873 exemtio
1821 2828 1967 2884 partis
1990 2829 2170 2873 acatho-

291 2906 404 2949 licae
437 2907 797 2950 communicatur
830 2907 952 2962 parti
986 2905 1249 2959 catholicae,
1282 2905 1371 2948 nisi
1405 2905 1591 2948 ecclesia
1624 2904 1750 2948 aliud
1784 2909 1975 2947 statuat.

443 2995 486 3047 b.
531 2995 730 3048 Valida
772 3006 899 3048 sunt
939 2999 994 3047 in
1039 2995 1378 3065 regionibus,
1425 2994 1626 3063 quibus
1655 2993 1782 3045 data
1815 2993 1900 3044 vel
1936 3001 2170 3044 extensa

292 3092 372 3136 est
413 3083 711 3136 declaratio
754 3085 1140 3136 benedictina:
1199 3083 1497 3135 declaratio
1556 3084 1705 3134 enim
1758 3082 1896 3134 haec
1938 3100 2047 3134 non
2088 3100 2169 3133 re-

290 3173 463 3224 fertur
515 3173 691 3225 solum
751 3174 820 3225 ad
883 3175 1252 3239 matrimonia,
1313 3192 1453 3242 quae
1511 3172 1777 3223 haeretici
1834 3170 2170 3223 contrahunt

291 3264 433 3315 inter
473 3281 545 3332 se,
589 3264 685 3315 sed
728 3266 892 3314 etiam
934 3264 1004 3315 ad
1048 3264 1400 3315 matrimonia
1442 3264 1632 3314 mixta.

440 3373 479 3406 0.
533 3352 791 3404 Invalida
832 3362 958 3404 sunt
999 3355 1054 3404 in
1098 3352 1434 3421 regionibus,
1492 3353 1548 3403 in
1591 3350 1793 3421 quibus
1834 3349 1923 3401 lex
1963 3350 2167 3402 triden-

291 3443 408 3493 tina
450 3444 618 3511 viget,
660 3450 821 3512 prout
863 3442 929 3494 de
977 3443 1342 3494 matrimoniis
1384 3441 1787 3493 haereticorum
1817 3440 2027 3491 dictum
2070 3447 2166 3505 est,

291 3532 396 3582 nisi
439 3549 699 3583 concessa
740 3532 904 3583 fuerit
946 3531 1300 3601 dispensatio
