2269 3898
288 107 376 150 328
1011 105 1091 148 VI.
1122 105 1189 147 De
1221 105 1432 159 peccatis.

288 259 356 292 ex
416 239 618 309 quibus
680 238 849 289 multa
909 238 1018 289 alia
1078 247 1305 308 peccata
1365 240 1632 290 oriuntur.
1715 239 1920 291 Fontes
1973 247 2159 291 autem

288 336 639 398 peccatorum
701 345 810 378 non
871 335 999 378 sunt
1057 335 1118 379 ut
1176 335 1347 396 actus,
1417 327 1511 378 sed
1574 329 1755 396 potius
1815 336 1977 397 prout
2036 336 2164 379 sunt

286 435 491 487 pravae
545 417 843 486 passioneS,
897 416 1021 468 ideo
1064 416 1259 468 melius
1310 418 1445 468 vitia
1485 415 1764 487 capitalia,
1821 436 1987 487 quam
2041 435 2163 486 pec-

289 514 409 557 cata
453 505 713 574 capitalia
755 513 1040 559 vocantur.

434 593 688 637 Secundum
724 594 976 637 doctrinam
1010 608 1046 638 s.
1086 594 1278 636 Thomae
1319 607 1373 637 ex
1421 594 1551 637 vitiis
1600 593 1875 649 capitalibus
1926 599 2162 648 tamquam

287 681 344 710 ex
377 681 515 711 eausa
543 668 680 725 finali
709 668 801 711 alia
832 673 1018 722 peccata
1051 668 1275 712 oriuntur.
1338 669 1449 712 Cum
1483 668 1604 712 enim
1629 668 1871 723 obiectum,
1904 668 2023 722 quod
2048 667 2165 711 vitia

286 742 506 797 capitalia
537 742 799 786 inordinate
830 747 1072 798 appetunt,
1105 742 1332 786 hominem
1356 744 1648 786 vehementer
1671 743 1848 786 alliciat
1878 747 1934 786 ut
1957 742 2164 797 divitiae,

287 830 398 871 quas
430 817 612 872 appetit
644 817 858 871 avaritia,
891 817 947 860 ad
981 817 1098 859 illud
1130 818 1393 871 frequenter
1426 821 1472 860 et
1505 817 1793 860 abundanter
1833 817 2163 872 assequendum

286 892 433 934 multa
466 896 511 935 61
547 891 725 934 diversa
758 891 909 935 media
941 891 1130 934 adhibet
1161 890 1342 946 illicita,
1376 905 1490 946 quae
1524 895 1632 934 sunt
1663 891 1858 934 totidem
1892 895 2078 947 peccata
2110 905 2165 935 ex

283 966 400 1009 vitio
433 966 622 1021 capitali
657 967 865 1018 exo1·ta¹).

435 1042 482 1092 2.
530 1041 678 1093 Vitia
733 1041 991 1111 capitalia
1046 1049 1168 1110 post
1209 1059 1247 1094 s,
1293 1039 1622 1108 Gregorium
1668 1040 1984 1109 magnum2)
2028 1049 2081 1092 et
2122 1060 2162 1094 s,

284 1130 611 1198 Thomamss)
636 1131 1002 1182 communiter
1042 1139 1406 1181 numerantur
1447 1138 1687 1200 septem:
1730 1130 1995 1201 superbia,
2041 1150 2162 1182 ava-

282 1219 430 1285 ritia,
486 1217 721 1285 Zuoearia,
777 1220 1003 1286 invidia,
1056 1219 1198 1290 qula,
1255 1221 1358 1286 ira,
1403 1219 1606 1272 acedia.
1688 1221 1775 1272 De
1817 1220 2046 1288 singulis
2087 1222 2163 1272 ita

285 1309 563 1376 agendum
607 1318 701 1374 est,
759 1319 818 1360 ut
872 1320 982 1361 tam
1037 1317 1199 1378 prout
1255 1317 1382 1360 sunt
1423 1310 1560 1360 vitia
1617 1329 1781 1380 quam
1836 1319 1997 1380 prout
2037 1318 2164 1362 sunt

284 1406 509 1467 peccata
551 1398 988 1453 considerentur.

432 1500 473 1529 α.
507 1486 689 1542 Septem
726 1487 845 1531 vitia
879 1487 1102 1543 capitalia
1136 1502 1226 1531 non
1260 1487 1316 1532 ab
1350 1487 1559 1532 omnibus
1603 1489 1757 1531 eodem
1808 1489 1941 1532 modo
1990 1502 2166 1533 enume-

282 1566 463 1604 rantur:
499 1561 579 1604 alii
613 1562 732 1605 enim
766 1562 1022 1617 superbiam
1057 1567 1293 1617 tamquam
1327 1563 1526 1606 radicem
1564 1563 1766 1606 omnium
1799 1563 2020 1607 vitiorum
2069 1577 2166 1607 con-

284 1636 536 1679 siderantes
569 1637 652 1680 sub
685 1651 736 1681 ea
768 1637 917 1680 adhuc
949 1641 1122 1692 septem
1145 1641 1393 1693 recensent,
1427 1651 1617 1692 quorum
1642 1638 1839 1693 primum
1864 1643 1934 1682 est
1957 1638 2164 1693 ambitio,

281 1710 362 1753 alii
394 1714 549 1754 autem
584 1712 840 1766 superbiam
874 1712 996 1755 inter
1029 1717 1202 1767 septem
1253 1713 1371 1756 vitia
1419 1712 1638 1767 capitalia
1686 1717 1972 1757 recensentes
2022 1712 2164 1756 ambi-

283 1786 455 1830 tionem
487 1786 609 1829 inter
642 1787 738 1829 eius
771 1787 892 1830 filias
926 1786 1073 1841 primo
1107 1788 1202 1830 loco
1236 1788 1471 1830 collocant.

434 1862 469 1903 b.
505 1861 686 1916 Septem
719 1861 838 1905 vitia
870 1874 976 1904 voce
1008 1862 1261 1905 memoriali
1305 1861 1483 1918 Saliffl'a
1528 1862 1990 1916 comprehenduntur,
2035 1861 2163 1905 cuius

286 1935 495 1990 singulae
527 1936 713 1979 litterae
747 1936 932 1991 singula
964 1936 1083 1980 vitia
1115 1950 1170 1980 ex
1203 1936 1362 1980 ordine
1395 1936 1677 1992 significant.

942 2174 1236 2232 Articulus
1277 2176 1513 2248 primus».

1029 2298 1107 2336 De
1145 2296 1414 2346 superbia.

433 2444 564 2498 302.
610 2447 658 2499 1.
703 2444 996 2513 Superbia
1038 2444 1298 2496 definitur
1324 2444 1673 2495 inordinatus
1717 2445 1999 2514 appetitus
2042 2463 2162 2513 pro·

282 2535 434 2604 priae
488 2533 865 2588 excellentiae.
949 2534 1225 2603 Superbia
1287 2535 1477 2584 virtuti
1538 2532 1854 2605 humilitatis
1916 2552 2013 2603 per
2073 2553 2162 2585 ex-

285 2643 497 2676 cessum
540 2626 851 2694 opponitur.

432 2729 473 2757 a.
509 2714 835 2758 Inordinatzzs:
869 2719 937 2759 est
970 2714 1090 2758 enim
1123 2713 1333 2768 propriae
1365 2713 1661 2757 excellentiae
1695 2713 1835 2757 etiam
1872 2727 1998 2758 amor
2049 2700 2169 2757 ordi·

282 2793 434 2844 natus,
467 2803 567 2832 cum
602 2789 702 2843 quis
735 2790 919 2845 propria
952 2789 1068 2832 bona
1100 2802 1190 2831 non
1223 2787 1441 2831 aestimat
1476 2789 1593 2843 plus,
1628 2802 1764 2843 (1116111
1800 2803 1883 2844 par
1915 2793 1998 2845 est,
2041 2790 2162 2834 aliis·

284 2877 369 2918 que
400 2864 617 2918 praeferri
653 2865 896 2920 desiderat,
930 2863 1036 2919 quia
1069 2863 1127 2906 ad
1162 2863 1243 2906 Dei
1278 2863 1474 2918 gloriam
1511 2869 1557 2908 et
1592 2864 1825 2920 propriam
1859 2865 1931 2909 vel
1967 2864 2160 2908 aliorum

285 2940 479 2982 salutem
513 2939 629 2982 utile
660 2941 758 2983 fore
790 2939 1042 2984 existimat.

435 3014 472 3056 b.
508 3013 726 3068 Superbia
759 3028 808 3057 eo
842 3015 1000 3067 oritur,
1034 3015 1153 3070 quod
1185 3016 1318 3058 homo
1352 3015 1670 3059 excellentiam
1708 3028 1837 3058 suam
1871 3014 2162 3057 considerans

284 3102 366 3132 nec
397 3089 639 3131 advertens
673 3103 719 3132 se
750 3089 877 3132 illam
912 3104 938 3133 a
969 3089 1063 3132 Deo
1096 3089 1273 3143 habere,
1308 3103 1405 3133 eam
1440 3089 1586 3145 pluris
1619 3089 1747 3144 facit,
1797 3103 1932 3145 quam
1965 3103 2048 3144 par
2079 3092 2162 3132 est.

290 3162 415 3206 Haec
447 3162 747 3206 consideratio
781 3163 941 3218 efficit,
973 3167 1026 3207 111
1058 3165 1249 3208 nimiam
1283 3165 1352 3207 sui
1387 3168 1756 3208 aestimationem
1792 3163 2033 3218 concipiat,
2067 3163 2166 3218 ipse

445 3328 476 3381 ¹)
509 3327 556 3370 S.
596 3327 789 3370 Thomas
820 3328 854 3370 I.
890 3328 945 3371 II.
980 3343 1020 3383 (1,
1055 3330 1125 3372 84.
1160 3343 1198 3372 a.
1234 3330 1272 3372 3.
1309 3344 1343 3372 c.

442 3401 476 3457 2)
507 3402 709 3445 Moralia
741 3403 769 3448 1.
805 3403 877 3448 31.
911 3417 946 3446 6.
982 3405 1020 3446 7.

442 3475 475 3528 3)
512 3476 696 3519 Summa
729 3476 760 3520 Ι.
796 3476 854 3519 II.
890 3491 930 3531 q.
966 3478 1035 3523 84.
1072 3492 1108 3521 a.
1144 3479 1185 3520 4.
1221 3492 1255 3521 c.
