2269 3898
244 129 332 173 3:26
969 128 1045 170 VI.
1082 129 1146 170 De
1179 127 1390 182 peccatis.

399 263 546 306 Nota.
613 260 754 318 Quod
797 259 1083 305 desiderare
1128 261 1261 318 licet,
1311 260 1370 307 de
1415 274 1471 306 eo
1517 261 1710 318 pariter
1749 262 1969 320 gaudere
2003 263 2126 309 licet

249 342 299 381 et
324 335 561 390 vicissim,
589 349 705 392 ergo
730 334 850 379 licet
872 333 1091 391 gaudere
1121 335 1179 380 de
1206 335 1336 381 malo
1360 335 1584 393 proximi,
1609 336 1748 381 modo
1772 350 1866 382 non
1889 337 2127 383 laedatur

247 410 364 455 ordo
400 410 660 465 caritati&
707 410 777 454 516
815 409 936 455 11661
969 409 1120 454 mat-ri
1156 410 1377 468 gaudere
1414 411 1473 455 de
1507 417 1663 456 morte
1698 411 1839 457 filioli
1874 413 1931 458 ob
1965 410 2130 457 felici·

247 490 402 530 tatem
439 485 543 529 eius
578 489 850 529 aeternam.

903 720 1197 778 Articulus
1240 721 1465 778 tertius

1701 802 1721 826 ξ
1811 807 1817 816 ·
1892 821 1897 831 5
1973 809 1991 829 ,κ’

835 859 911 897 De
943 857 1300 898 delectatione
1333 869 1557 899 morosa.
1775 843 1798 871 Ι
1826 845 1839 849 ⁷⁵
1862 852 1865 854 ’
1890 834 1948 875 ’ζῖ
1969 820 2019 873 ‘sc

401 1020 531 1075 299.
575 1020 888 1075 Notiones.
937 1024 981 1074 1.
1026 1020 1341 1087 Delectatio,
1385 1030 1546 1090 prout
1586 1020 1676 1071 hic
1718 1023 2004 1090 accipitur,
2048 1031 2133 1073 651

245 1109 648 1179 complacentia
705 1109 1006 1161 voluntatis
1059 1112 1117 1161 in
1172 1109 1315 1161 bono
1374 1109 1737 1180 apprehenso.
1817 1110 2130 1162 Delectatio

246 1199 1252 1275 moralitatem„'accipit-assiobicem,
1298 1201 1355 1251 in
1398 1218 1504 1270 quo
1536 1200 1792 1252 voluntas
1835 1200 1939 1252 sibi
1985 1219 2129 1252 com·

242 1287 434 1357 placet.

395 1392 592 1436 Ratione
626 1391 790 1436 obiecti
825 1392 1134 1448 distinguitur
1159 1393 1427 1437 delectatio:
1464 1407 1504 1435 a.
1531 1393 1584 1436 de
1606 1406 1659 1436 re
1676 1393 1882 1448 cogitata
1905 1398 1952 1437 61
1974 1394 2130 1437 volun-

244 1466 333 1509 tati
367 1472 710 1522 repraesentata
744 1480 779 1510 e.
814 1480 857 1522 g.
902 1467 955 1510 de
1005 1467 1225 1511 occisione
1272 1467 1464 1522 inimici,
1514 1468 1568 1511 de
1609 1467 1935 1519 fornicatione;
1986 1469 2023 1512 b.
2073 1469 2131 1511 de

244 1542 493 1597 cofflzitione
525 1542 605 1597 rei,
639 1542 676 1585 si
710 1541 884 1585 scilicet
914 1555 1005 1585 non
1038 1555 1108 1585 res
1141 1541 1256 1596 ipsa,
1292 1543 1369 1585 sed
1403 1542 1499 1585 61115
1549 1542 1750 1598 cognitio
1799 1543 1949 1598 placet
1997 1557 2033 1587 6.
2082 1556 2127 1598 g.

244 1616 445 1671 cognitio
479 1616 729 1672 homicidii,
760 1616 1093 1662 fornicatiouis.
1158 1616 1298 1659 Aliud
1333 1631 1440 1661 sane
1463 1622 1532 1661 651
1568 1617 1783 1661 delectari
1808 1618 1861 1660 de
1883 1617 2131 1661 homicidio

243 1704 322 1746 per
354 1691 732 1747 imaginationem
768 1692 971 1735 exhibito
1005 1695 1049 1734 et
1084 1691 1211 1734 aliud
1246 1692 1462 1736 delectari
1497 1692 1551 1735 de
1584 1692 1845 1748 cognitione
1877 1690 2128 1735 homicidii.

394 1797 442 1847 2.
488 1796 784 1848 Delectatio
812 1816 1021 1848 morosa
1063 1806 1144 1848 651
1171 1796 1349 1849 libera
1379 1797 1782 1866 complacentia
1811 1798 1866 1848 in
1897 1815 1954 1847 re
1984 1796 2131 1848 mala

243 1903 339 1954 per
382 1887 776 1955 cogitationem
821 1887 908 1938 vel
950 1888 1413 1955 imaginationem
1458 1886 1710 1938 exhibita
1750 1895 1810 1938 ut
1837 1894 2129 1956 praesente

247 1976 364 2026 sine
408 1975 682 2027 desiderio
725 1975 875 2029 illam
917 1976 1191 2040 faciendi;
1239 1978 1333 2046 qui
1376 1994 1504 2045 ergo
1547 1994 1759 2028 morose
1803 1976 2126 2040 delectatur,

241 2064 401 2133 fingit
442 2064 547 2117 sibi
589 2074 774 2117 actum
817 2068 1030 2136 peccati
1074 2085 1116 2120 6.
1158 2086 1209 2135 g.
1270 2066 1497 2131 furtum,
1551 2075 1763 2118 tactum
1820 2076 2038 2136 turpem
2074 2079 2129 2117 et

243 2154 309 2206 de
352 2153 444 2206 illo
487 2163 615 2207 actu
671 2158 749 2207 516
804 2164 1217 2226 repraesentato
1263 2156 1368 2209 sibi
1412 2157 1733 2227 complacet,
1777 2175 1841 2208 ac
1883 2158 1927 2208 si
1969 2156 2124 2208 illum

241 2252 626 2314 exequeretur,
671 2248 788 2297 sine
832 2246 1118 2298 voluntate
1162 2255 1350 2297 tamen
1393 2245 1547 2298 illum
1589 2245 1920 2316 exequendi.
2002 2246 2112 2297 Mo-

240 2353 366 2386 rosa
409 2334 612 2386 dicitur
653 2334 790 2387 haec
844 2335 1134 2387 delectatio
1197 2354 1309 2388 non
1362 2356 1394 2388 a
1437 2335 1726 2387 duratione
1781 2334 2126 2404 complacen-

240 2426 366 2491 tiae,
409 2424 505 2476 sed
549 2427 677 2495 quia
719 2424 975 2477 voluntas
1016 2428 1075 2477 in
1119 2445 1183 2477 ea
1228 2435 1351 2496 post
1399 2426 1806 2478 advertentiam
1860 2432 2124 2490 moratur,

239 2513 370 2565 licet
413 2514 574 2565 unico
618 2516 875 2579 instanti,
933 2515 1225 2567 delectatio
1281 2516 1451 2584 igitur
1492 2533 1706 2567 morosa
1747 2515 1895 2566 idem
1939 2522 2019 2566 651
2059 2534 2126 2566 ac

238 2601 558 2656 voluntaria.

391 2767 524 2822 300.
568 2768 897 2837 Principia.
946 2771 990 2823 1.
1037 2769 1345 2821 Delectatio
1377 2787 1592 2821 morosa
1634 2769 1700 2821 de
1742 2788 1799 2820 re
1828 2769 1972 2820 mala
1999 2787 2123 2839 pec-

241 2865 426 2908 catum
470 2867 551 2909 651
591 2858 839 2910 61115(16111
879 2860 1172 2927 gravitatis
1227 2868 1280 2911 61
1323 2861 1526 2930 speciei
1582 2878 1647 2912 ac
1685 2878 1772 2911 res
1813 2860 1935 2928 ipsa
1976 2858 2125 2910 mala

2125 769 2137 786 ,l
2264 770 2269 772 -

2112 789 2174 826 ‘vas
2202 815 2220 828 t·
2239 813 2245 817 ¹

2126 866 2142 874 ‚

241 2965 337 3016 per
379 2949 832 3016 imaginationem
873 2957 1288 3018 repraesentata
1335 2949 1423 3001 vel
1476 2951 1730 3019 cogitata.
1811 2948 1970 2999 Ratio
2025 2956 2122 3011 est,
2200 2955 2208 2965 ·

242 3037 373 3105 quia
417 3035 705 3088 delectatio
750 3056 965 3090 morosa
1007 3039 1381 3091 moralitatem
1423 3048 1539 3090 tum
1592 3037 1962 3106 theologicam
2003 3045 2120 3089 tum

244 3126 561 3194 specificam
603 3128 809 3196 accipit
849 3127 918 3179 ab
961 3128 1195 3193 obiect0,
1241 3131 1389 3181 circa
1433 3128 1580 3199 quod
1622 3134 1889 3181 versatur.
1933 3125 2121 3192 Quare

243 3215 534 3267 delectatio
576 3233 792 3268 morosa
831 3218 1020 3286 gravis
1064 3217 1153 3270 vel
1194 3217 1334 3269 levis
1395 3228 1490 3286 651,
1534 3226 1696 3289 prout
1733 3236 1820 3269 res
1865 3218 2121 3286 cogitata,

240 3306 297 3354 in
339 3323 447 3374 qua
489 3304 745 3356 voluntas
788 3304 1109 3373 delectatur,
1157 3309 1404 3376 graviter
1446 3307 1532 3359 vel
1580 3306 1780 3359 leviter
1834 3305 1981 3358 mala
2021 3317 2119 3367 651,

241 3402 295 3444 61
336 3393 625 3446 delectatio
669 3394 737 3446 de
778 3395 920 3446 furto
963 3397 1148 3464 specie
1193 3396 1378 3449 differt
1429 3416 1460 3449 a
1514 3396 1877 3449 delectatione
1919 3395 1987 3447 de
2028 3395 2119 3447 ho-

244 3484 466 3535 micidio
510 3483 598 3535 vel
640 3484 708 3535 de
749 3484 1131 3538 fornicatione.
