2269 3898
251 152 335 195 152
992 147 1057 189 De
1089 143 1396 188 matrimonio.

250 285 467 328 ordinarii
505 283 793 337 relinquitur,
827 281 903 336 qui
937 293 1034 323 eam
1068 279 1335 333 plerumque
1367 291 1394 320 a
1426 277 1619 332 parocho
1643 276 1968 331 perficiendam
1988 281 2131 319 curat.

251 358 513 401 Verificatio
547 356 834 412 potissimum
870 356 926 397 fit
958 353 1261 397 examinando
1294 357 1437 396 testes
1470 351 1680 406 ipsosque
1713 349 1965 404 oratores1).

417 435 453 477 b.
487 432 704 483 Remotio,
753 430 797 473 si
826 428 963 481 adsit,
994 427 1205 471 scandali
1233 425 1500 482 praesertim
1534 439 1613 480 per
1644 425 1976 480 separationem
2009 437 2135 479 spon-

252 526 416 564 sorum,
452 514 655 561 tempore
688 504 915 548 ordinario
949 503 1060 546 bene
1091 502 1203 557 viso,
1238 501 1275 545 si
1308 500 1408 544 fieri
1449 499 1608 555 possit.
1672 499 1829 542 Etiam
1871 500 1981 542 haec
2021 500 2136 542 clau-

253 588 366 640 sula,
400 596 513 639 quae
546 582 594 624 in
626 579 860 634 rescriptis
893 577 1168 631 continetur,
1203 575 1382 630 quando
1415 574 1616 617 incestus
1649 573 1721 616 vel
1755 573 1883 617 aliud
1917 573 2136 616 delictum

253 667 482 704 oratorum
516 659 569 699 ut-
613 667 748 698 causa
792 650 1146 707 dispensationis
1187 652 1402 704 affertur,
1455 662 1545 692 non
1588 649 1646 691 ad
1689 648 2006 703 validitatem,
2059 648 2137 691 sed

253 736 397 778 solum
432 732 489 776 ad
522 730 774 774 liceitatem
811 725 1168 782 dispensationis
1200 724 1465 778 requiritur,
1509 727 1556 766 et
1597 723 1667 766 ita
1707 723 2014 778 intelligenda
2055 726 2139 777 est,

252 814 303 852 ut
338 808 459 851 inter
491 805 642 848 media
673 801 914 858 reparandi
965 800 1227 844 scandalum
1280 798 1578 854 praeferenda
1626 797 1687 840 sit
1737 797 1964 852 separatio
2013 810 2139 852 spon-

254 895 424 935 sorum;
462 879 622 935 quodsi
656 879 765 921 haec
796 876 896 920 fieri
929 889 1020 919 non
1052 874 1212 930 possit,
1251 873 1378 916 aliud
1411 872 1611 916 medium
1654 872 1766 927 eligi
1809 871 1967 926 debet,
2007 871 2139 914 modo

255 961 413 1011 aptum
449 954 510 997 sit
543 954 600 997 ad
632 949 822 1005 finem2).

406 1044 439 1072 e.
474 1027 707 1070 Absoluiio
741 1040 766 1067 a
802 1024 1009 1069 censuris
1040 1021 1358 1065 fulminationi
1403 1020 1759 1076 dispensationis
1808 1021 1866 1063 ad
1915 1021 2140 1064 cautelam

257 1103 494 1159 praemitti
529 1102 657 1156 solet,
690 1113 747 1144 ne
781 1103 996 1151 oratores,
1049 1097 1086 1140 si
1134 1098 1254 1140 forte
1303 1096 1481 1139 occulta
1530 1095 1685 1150 aliqua
1734 1108 1922 1138 censura
1968 1095 2141 1139 irretit-i

255 1179 361 1231 sint,
395 1176 550 1233 gratia
581 1191 608 1219 a
641 1175 868 1231 superiore
902 1185 1109 1216 concessa
1142 1172 1395 1227 priventur.
1460 1170 1584 1214 Haec
1629 1169 1871 1224 absolutio,
1917 1183 2030 1225 quae
2073 1173 2142 1213 est

255 1267 334 1308 pro
366 1255 463 1296 foro
497 1257 697 1305 externo,
731 1249 912 1293 concedi
946 1252 1099 1304 potest
1133 1251 1264 1291 extra
1298 1245 1625 1290 confessionem
1672 1245 1767 1288 sive
1801 1258 1909 1289 voce
1951 1245 2047 1289 sive
2094 1244 2158 1287 in'

259 1327 441 1382 scriptis
475 1331 521 1370 et
553 1327 678 1369 valet
712 1325 851 1368 etiam
886 1337 965 1379 pro
999 1324 1096 1366 foro
1129 1322 1325 1365 interno.

405 1401 446 1444 d.
481 1400 769 1444 Poeniientia
804 1398 1047 1450 salutaris,
1080 1410 1194 1452 quae
1240 1395 1526 1450 iniungenda
1570 1394 1921 1449 praescribitur,
1965 1395 2144 1449 quando

256 1478 304 1520 in
336 1476 489 1520 libello
524 1475 718 1531 supplici
754 1473 998 1529 exponitur
1030 1472 1248 1526 incestus,
1290 1484 1381 1514 non
1423 1470 1674 1524 requiritur
1715 1469 1773 1512 ad
1816 1469 2015 1512 valorem
2061 1468 2146 1511 dis-

258 1551 553 1607 pensationis,
586 1550 624 1593 si
668 1550 777 1593 haec
823 1548 1085 1592 conceditur
1125 1547 1174 1589 in
1221 1548 1370 1589 forma
1414 1544 1660 1599 ordinaria,
1701 1543 1950 1599 requiritur
1989 1547 2143 1587 autem

257 1628 314 1670 ad
347 1627 562 1680 valorem,
599 1624 636 1668 si
672 1623 952 1679 dispensatio
986 1622 1248 1666 conceditur
1280 1621 1328 1664 in
1360 1622 1510 1663 forma
1543 1632 1809 1674 pauperum.

411 1716 458 1769 3.
515 1716 617 1766 His
673 1720 789 1782 (per
840 1712 1168 1782 parochum)
1221 1711 1540 1781 praemissis
1583 1710 1994 1760 commissarius
2037 1708 2143 1759 dis-

261 1807 641 1875 pensationem
687 1803 957 1869 concedit,
1014 1820 1154 1872 quae
1212 1819 1308 1870 pro
1367 1801 1482 1852 foro
1541 1807 1787 1863 externo,
1849 1797 2043 1850 saltem
2085 1807 2146 1848 ut

259 1895 410 1946 licita
465 1895 605 1961 sit3),
666 1894 784 1946 dari
845 1891 1009 1944 debet
1065 1894 1123 1943 in
1180 1892 1394 1960 scriptis
1452 1889 1601 1941 facta
1662 1890 1941 1940 mentione
2003 1887 2142 1939 dele-

259 1986 494 2054 gationis
554 1984 888 2054 apostolicae
943 1990 995 2034 et
1043 1981 1450 2051 impedimenti,
1500 1980 1559 2030 in
1603 1997 1709 2048 quo
1753 1986 1996 2030 oratores
2039 1977 2144 2029 dis-

263 2074 628 2144 pensantur4).

410 2179 540 2234 Sunt,
575 2179 651 2233 qui
686 2178 839 2222 dicant
875 2175 1169 2233 (Gusparri),
1201 2175 1318 2218 nihil
1352 2175 1532 2218 efficere
1566 2172 1864 2227 ordinarium,
1899 2171 1975 2226 qui
2003 2171 2147 2214 solum

261 2255 497 2298 rescribat:
539 2255 758 2297 Oratores
797 2252 1134 2295 matrimonium
1186 2251 1306 2293 inire
1343 2252 1555 2306 possunt,
1604 2248 1694 2292 nisi
1738 2260 1946 2302 expresse
1998 2247 2148 2289 dicat:

260 2329 550 2373 Auctoritate
604 2328 854 2384 apostolica
905 2327 1036 2370 nobis
1090 2339 1297 2369 concessa
1350 2325 1669 2381 dispensamus
1716 2327 1801 2366 etc.
1866 2321 1962 2365 Alii
1994 2327 2151 2364 tamen

261 2404 456 2461 (Zitellz)
494 2408 663 2459 putant
708 2402 1093 2458 dispensationem
1142 2401 1308 2454 valere,
1357 2399 1395 2443 si
1445 2399 1703 2442 ordinarius
1757 2398 1903 2441 solum
1938 2397 2151 2450 declaret,

263 2482 472 2522 oratores
504 2479 775 2521 contrahere
802 2490 951 2533 posse.

412 2643 543 2698 147.
591 2643 676 2696 De
731 2641 907 2696 modo
951 2640 1289 2707 exequendi
1344 2637 1833 2707 dispensationes
1876 2652 1909 2689 a
1949 2637 2152 2704 poeni-

264 2734 554 2788 tential’ia
582 2747 916 2786 concessas.
999 2731 1056 2783 Si
1087 2729 1509 2781 Poenitentz'aria
1539 2726 1796 2779 concedit
1830 2725 2152 2778 facultatem

421 2927 453 2980 ¹)
491 2926 661 2981 Quodsi
693 2927 960 2981 rescriptum
1017 2924 1274 2968 invalidum
1325 2924 1400 2978 sit,
1449 2923 1648 2978 petenda
1696 2927 1766 2965 est
1815 2921 1912 2964 eius
1960 2920 2155 2974 sanatio,

270 3015 383 3056 quae
416 3002 677 3045 conceditur
708 3016 824 3045 novo
857 3001 1091 3056 rescripto,
1125 3000 1244 3055 quod
1288 3000 1404 3042 solet
1447 2997 1535 3041 dici
1580 2996 1786 3041 Perinde
1829 2996 2008 3048 calere,
2049 2994 2156 3049 quia

270 3077 394 3132 prius
427 3077 697 3132 rescriptum
721 3077 908 3132 perinde
930 3077 1081 3120 valere
1106 3075 1378 3128 declaratur,
1413 3087 1463 3117 ac
1482 3073 1519 3116 si
1537 3073 1664 3116 nullo
1684 3072 1865 3114 defectu
1887 3069 2155 3113 laborasset.

421 3152 453 3205 2)
487 3151 531 3195 S.
566 3152 820 3194 Poenitenz‘.
857 3152 925 3194 12.
960 3165 1056 3206 apr.
1106 3150 1237 3194 1889.
1302 3149 1575 3202 Plerumque
1623 3147 1681 3190 ad
1729 3147 1850 3189 hunc
1898 3147 2037 3188 finem
2087 3143 2155 3186 ob-

272 3226 511 3270 tinendum
545 3226 865 3281 nupturientes
898 3239 1047 3269 coram
1081 3225 1274 3280 parocho
1309 3227 1358 3267 et
1392 3223 1565 3266 duobus
1599 3221 1797 3265 testibus
1832 3220 2066 3264 declarant
2111 3230 2157 3260 se

273 3301 491 3345 detestari
523 3300 738 3344 iniuriam
773 3300 1058 3343 commissam
1093 3304 1140 3343 et
1173 3302 1357 3354 paratos
1391 3311 1486 3341 esse
1519 3298 1577 3340 ad
1610 3296 1891 3352 implendam
1927 3293 2157 3349 poeniten-

272 3375 386 3418 tiam
419 3375 695 3430 impositam.

425 3449 457 3504 3)
489 3450 534 3493 S.
575 3450 781 3507 Officium
818 3450 885 3492 19.
921 3450 1017 3492 iun.
1053 3450 1182 3492 1875.

423 3524 457 3572 4)
488 3524 534 3567 S.
572 3523 617 3567 C.
653 3524 707 3567 de
735 3537 860 3580 prop.
892 3523 986 3579 fide
1020 3524 1088 3567 19.
1123 3523 1213 3566 ian.
1250 3522 1380 3565 1869.
