2269 3898
281 97 366 140 188
1015 93 1098 135 ΙΠ.
1133 93 1201 136 De
1230 92 1425 148 legibus.

280 229 617 301 particulari,
662 246 801 298 quae
845 247 914 278 ex
955 226 1183 297 speciali
1225 245 1391 278 causa
1419 245 1686 297 personae
1725 228 1990 297 singulari
2034 247 2160 281 con-

282 339 433 372 cessa
475 328 570 385 est,
616 317 822 387 ubique
880 326 1152 368 terrarum
1207 318 1286 368 uti
1339 316 1484 385 licet,
1542 318 1672 387 quia
1714 315 1850 368 haec
1891 311 2161 387 personae

282 409 544 472 inhaeret,
593 409 682 458 cui
727 424 987 458 concessa
1030 414 1126 470 est,
1170 425 1402 476 eamque
1446 407 1753 458 comitatur.

936 657 1233 719 Articulus
1273 654 1502 716 tertius
1567 650 1569 652 ’
1591 640 1595 644 ”

1018 781 1097 819 De
1130 779 1432 828 privilegio.

438 929 568 983 167.
612 928 925 982 Definitio.
972 930 1017 981 1.
1058 927 1422 995 Privilegium
1465 927 1711 979 obiective
1753 927 2162 979 consideratum

288 1027 368 1072 est
407 1019 497 1071 lex
539 1021 759 1088 privata
803 1017 1097 1087 specialem
1139 1020 1388 1069 favorem
1431 1026 1623 1068 contra
1665 1017 1753 1068 vel
1806 1025 2023 1088 praeter
2080 1018 2166 1069 ius

283 1126 575 1159 commune
619 1107 944 1159 concedens,

438 1226 478 1255 a.
513 1212 816 1267 Privilegiuin
852 1211 1076 1256 rationem
1111 1213 1225 1269 leyis
1257 1212 1410 1267 habet,
1444 1212 1551 1266 quia
1586 1215 1656 1255 est
1699 1225 1876 1264 norma,
1920 1213 2167 1255 secundum

284 1302 416 1344 quam
451 1287 617 1343 aliquis
641 1301 695 1331 ex
719 1288 1003 1331 concessione
1027 1287 1273 1342 superioris
1297 1291 1617 1342 permanenter
1635 1286 1810 1342 operari
1835 1290 1988 1341 potest
2011 1292 2169 1330 contra

282 1364 355 1407 vel
407 1368 588 1418 praeter
640 1363 711 1406 ius
761 1376 1011 1417 commune,
1066 1362 1336 1418 praesertim
1386 1376 1504 1417 vero,
1558 1362 1664 1417 quia
1712 1365 1813 1404 tota
1864 1361 2168 1405 communit-as

284 1451 525 1494 agnoscere
560 1442 744 1481 tenetur
776 1437 1073 1493 privilegium
1101 1442 1145 1481 et
1170 1436 1519 1493 privilegiatum
1552 1451 1642 1480 non
1665 1436 1902 1492 impedire,
1927 1436 2168 1491 quominus

285 1527 333 1557 eo
365 1518 541 1558 utatur.

436 1604 472 1646 b.
506 1603 602 1647 Lex
626 1604 815 1660 [fricata
852 1603 1036 1658 dicitur,
1089 1602 1195 1657 quia
1241 1615 1333 1646 non
1382 1601 1648 1646 conceditur
1694 1602 1784 1646 toti
1833 1601 2171 1656 communitati,

287 1679 363 1723 sed
397 1679 468 1721 vel
502 1678 583 1721 uni
618 1691 835 1733 personae
868 1679 940 1721 vel
974 1677 1097 1733 parti
1132 1676 1492 1732 communitatis,
1527 1690 1640 1732 quae
1682 1676 1784 1732 ipsa
1830 1677 1930 1732 lege
1972 1679 2170 1720 tenetur.

435 1768 483 1822 2.
550 1768 894 1837 Privileyium
959 1767 1238 1819 subiective
1305 1766 1717 1818 consideratum
1792 1776 1874 1817 est
1935 1765 2172 1817 facultas

287 1856 539 1928 specialis
596 1866 647 1909 et
702 1875 1034 1927 permanens
1089 1876 1121 1909 a
1163 1858 1444 1927 superiore
1499 1858 1557 1908 in
1616 1857 1865 1909 favorem
1909 1874 2172 1908 concessa

287 1956 476 1999 contra
517 1947 607 1999 vel
648 1955 866 2016 praeter
907 1949 990 1999 ius
1033 1965 1342 2001 commune.

286 2127 358 2170 vel
391 2127 448 2170 ad
482 2126 615 2170 breve
650 2131 833 2182 tempus
867 2126 985 2170 sicut
1021 2126 1302 2182 dispensatio
1336 2131 1418 2170 aut
1449 2126 1650 2170 facultas
1682 2124 1938 2181 generatim
1972 2132 2157 2181 accepta
2188 2121 2195 2136 ¹

289 2202 365 2245 sed
400 2201 508 2256 quia
540 2206 709 2245 natura
743 2215 825 2244 sua
859 2202 1087 2256 quandam
1123 2201 1429 2246 stabilitatem
1464 2200 1616 2256 habet,
1649 2200 1737 2244 etsi
1769 2214 1859 2243 non
1903 2214 2080 2256 semper
2112 2200 2149 2244 si

286 2280 572 2331 perpetuum.
639 2277 679 2318 A
713 2276 953 2333 superiore
986 2289 1215 2330 concessa,
1248 2276 1355 2331 quia
1387 2275 1599 2331 privatus
1631 2288 1721 2319 non
1742 2278 1895 2331 potest
1928 2275 2173 2331 privilegia

287 2351 539 2406 concedere,
578 2351 656 2394 sed
692 2352 836 2394 solum
871 2351 1083 2395 licentias
1118 2352 1239 2407 dare,
1270 2365 1353 2395 nec
1385 2355 1543 2394 contra
1574 2351 1738 2405 legem.

441 2426 478 2468 h.
513 2425 817 2481 Privilegium
853 2440 877 2468 a
913 2426 1254 2482 dispensatione
1287 2425 1478 2482 differt:
1532 2439 1572 2467 α.
1610 2424 1893 2487 dispensatio
1926 2425 2069 2468 solum
2105 2428 2175 2468 est

288 2504 446 2563 contra
477 2501 642 2556 legem,
679 2501 976 2563 priJj—l-egium
1011 2506 1166 2557 potest
1198 2501 1337 2544 etiam
1373 2513 1469 2544 esse
1501 2503 1685 2555 praeter
1715 2500 1887 2555 legem;
1925 2501 1964 2549 β.
2000 2499 2175 2555 dispen-

288 2575 404 2619 satio
438 2576 705 2630 plerumque
739 2577 797 2619 ad
832 2560 985 2619 actum
1031 2580 1346 2619 transeuntem
1395 2575 1680 2629 conceditur,
1723 2574 2021 2630 privilegium
2069 2589 2175 2620 vero

288 2654 357 2694 est-
388 2651 589 2694 facultas
625 2651 806 2694 stabilis
840 2656 887 2694 et
919 2663 1215 2706 permanens:
1262 2665 1302 2702 γ.
1349 2649 1630 2705 dispensatio
1673 2649 1854 2693 concedi
1898 2653 2052 2705 potest-
2094 2654 2176 2694 aut

291 2725 500 2779 integrae
537 2725 861 2769 communitati
895 2731 978 2769 aut,
1012 2724 1238 2780 singulari
1271 2738 1488 2780 personae
1511 2725 1607 2768 sive
1631 2724 1845 2780 physicae
1868 2724 1963 2768 sive
1991 2723 2176 2778 morali;

290 2799 584 2854 privilegium
623 2801 768 2843 solum
802 2813 1022 2856 personae
1066 2799 1292 2855 singulari
1337 2799 1433 2843 sive
1476 2799 1691 2855 physicae
1735 2798 1831 2843 sive
1874 2799 2037 2843 morali
2079 2812 2175 2843 con-

289 2873 478 2917 ceditur.
560 2874 856 2930 Dispensatio
907 2888 1014 2930 ergo
1064 2874 1291 2930 singulari
1338 2887 1557 2930 personae
1602 2887 1811 2918 concessa
1858 2887 1885 2918 a
1932 2873 2177 2929 privilegio

296 2953 453 2992 contra
486 2949 633 3003 legem
667 2963 756 2992 non
791 2950 963 2993 differt.

2214 2132 2269 2178 M

437 2066 476 2095 α.
512 2052 803 2095 Permanens
838 2051 1021 2107 dicitur,
1071 2051 1178 2107 quia
1225 2065 1315 2095 non
1365 2052 1502 2094 datur
1548 2051 1606 2094 ad
1654 2055 1808 2094 actum
1856 2054 2173 2094 transeuntem

2153 2061 2269 2251 ἐὰν

442 3097 572 3152 168.
617 3098 874 3153 Divisio.
943 3099 1249 3169 Privilegia
1292 3098 1674 3169 multipliciter
1716 3097 2062 3164 dividuntur,

448 3189 493 3241 1.
561 3189 793 3239 Ratione
833 3190 1118 3241 materiae:
1159 3209 1207 3242 α.
1251 3190 1308 3240 111
1348 3188 1645 3258 privilegia
1684 3197 1868 3240 contra
1911 3186 2086 3257 leyem,
2129 3186 2174 3239 si

294 3295 389 3345 per
430 3277 522 3329 illa
565 3277 733 3329 alicui
778 3277 886 3346 legi
930 3278 1243 3346 derogatur,
1300 3286 1360 3329 ut
1412 3287 1493 3329 est
1534 3279 1777 3330 exemtio
1819 3296 1851 3328 a
1891 3276 2174 3329 solvendis

291 3366 538 3431 tributi53
601 3375 654 3418 et
687 3376 909 3439 praeter
951 3367 1126 3437 Zeqem,
1170 3370 1214 3419 si
1257 3386 1354 3437 per
1395 3367 1488 3419 illa
1530 3367 1668 3420 nulli
1707 3368 1816 3436 legi
1858 3366 2169 3436 derogatur,

293 3462 353 3506 ut
392 3463 472 3506 est
513 3463 752 3524 potestas
795 3456 1191 3527 dispensandi3
1236 3456 1281 3521 b,
1337 3458 1395 3508 in
1437 3457 1795 3527 privilegium
1837 3455 2172 3526 favorabile,
