2269 3898
744 126 810 169 De
842 125 1020 168 actibus
1054 126 1313 169 moralibus.
1907 131 1963 173 85

238 259 324 313 72.
378 258 752 313 Deliberatio
807 260 867 311 et
913 259 1207 312 iudicium
1246 261 1601 327 practieum.
1684 261 1962 326 Quoniam

83 355 270 399 autem
315 366 466 399 mens
508 348 784 416 proposito
828 347 1042 399 obiecto
1086 366 1196 399 non
1239 367 1454 418 semper
1490 352 1672 401 statim
1703 351 1961 419 intelligit

85 455 199 488 rem
253 455 369 488 esse
421 436 630 488 licitam
688 444 741 487 et
797 435 998 488 bonam
1053 451 1148 488 aut
1189 437 1437 490 illicitam
1480 447 1531 490 et
1574 440 1792 508 malam,
1837 440 1959 492 ideo

83 527 416 596 quandoque
460 525 665 594 duplex
705 525 814 577 alia
857 527 1109 578 condicio
1153 545 1217 578 eoe
1254 536 1411 597 parte
1451 527 1745 580 intellectus
1783 532 1961 600 requi-

83 617 236 682 ritur,
293 624 352 666 ut
404 617 544 667 actio
598 616 668 666 sit
721 614 1001 666 moraliter
1054 615 1214 682 bona,
1280 635 1476 686 nempe
1534 616 1846 671 deliberatio
1906 627 1959 670 et

79 706 336 757 iudicium
370 707 682 775 practicam.

230 815 278 848 a.
323 794 652 846 Deliberatt'o
707 801 788 845 est
828 801 999 859 actus,
1059 812 1165 863 quo
1221 812 1376 846 mens
1427 796 1666 847 rationes
1720 797 1852 849 boni
1907 806 1959 849 et

81 884 227 950 mali,
285 884 420 935 liciti
478 892 530 934 et
585 883 762 934 illiciti
821 884 1097 952 utrimque
1152 883 1464 935 considerat
1517 893 1569 935 et
1610 885 1836 951 confert,
1900 894 1960 937 ut

80 973 366 1043 intelligat,
425 974 557 1043 quid
612 974 668 1024 in
726 972 912 1042 aliqua
966 992 1022 1024 re
1076 972 1396 1042 particulari
1439 974 1716 1042 agendum
1771 977 1855 1041 sit,
1901 983 1958 1026 ut

75 1065 221 1114 actio
265 1065 333 1114 sit
374 1063 535 1116 bona.

228 1152 271 1205 b.
301 1154 565 1204 Iudicium
576 1154 874 1223 practicam
894 1170 988 1203 seu
1010 1152 1290 1203 dictamen
1312 1152 1378 1204 de
1398 1151 1686 1204 honestate
1702 1154 1937 1204 actionis

76 1242 474 1294 deliberatione
502 1244 648 1293 enim
680 1242 931 1293 instituta
958 1243 1097 1292 ratio
1129 1241 1412 1292 concludit
1439 1241 1543 1293 hoc
1586 1260 1702 1293 esse
1743 1242 1951 1294 bonum

74 1350 172 1383 seu
199 1331 412 1383 licitum
443 1340 538 1383 aut
567 1331 772 1383 malum
802 1350 897 1383 seu
926 1330 1197 1383 illicitum.
1241 1331 1409 1383 Porro
1434 1333 1541 1383 nisi
1566 1350 1721 1383 mens
1744 1332 1954 1402 absque

75 1420 292 1472 formali
337 1421 734 1473 deliberatione
777 1422 962 1472 statim
1005 1420 1279 1488 intelligat
1333 1439 1446 1472 rem
1499 1440 1613 1472 esse
1656 1420 1858 1473 bonam
1900 1430 1956 1473 et

74 1510 389 1561 faciendam
433 1510 520 1561 vel
565 1510 765 1561 malam
808 1519 860 1561 et
902 1509 1281 1573 omittendam,
1325 1509 1430 1561 hoc
1458 1510 1727 1562 iudicium
1755 1512 1953 1580 practi—

72 1619 200 1650 cum
243 1601 472 1651 rationis
515 1618 731 1668 semper
770 1601 1084 1668 requiritur,
1142 1607 1200 1650 ut
1253 1607 1409 1651 actus
1466 1599 1742 1651 humanus
1783 1600 1954 1668 possit

72 1707 191 1740 esse
234 1688 512 1740 moraliter
569 1689 773 1742 bonus:
830 1691 873 1740 si
932 1690 1078 1740 enim
1135 1688 1456 1741 deliberatio
1513 1691 1788 1741 actionem
1842 1707 1951 1741 non

73 1779 444 1847 praecederet,
500 1778 637 1830 haec
691 1786 832 1831 esset
873 1778 1154 1830 moraliter
1196 1778 1354 1845 mala,
1413 1780 1616 1849 quippe
1673 1781 1852 1849 posita
1894 1781 1949 1831 in

72 1868 242 1919 dubio
287 1869 353 1920 de
395 1869 588 1920 morali
632 1871 748 1921 eius
789 1869 1090 1922 honestate.

709 2120 1003 2179 Articulus
1047 2122 1303 2194 quartus„

509 2244 587 2282 De
620 2243 928 2283 extensione
961 2245 1178 2283 actuum
1212 2244 1510 2284 moralium.

219 2375 504 2444 Expositis
554 2377 637 2441 iis,
682 2393 823 2445 quae
866 2375 933 2426 de
975 2377 1283 2427 moralitate
1326 2375 1503 2446 deque
1544 2376 1789 2429 fontibus
1832 2379 1949 2429 eius

69 2465 310 2517 dicenda
351 2474 525 2532 erant,
588 2473 782 2535 sponte
838 2484 894 2517 se
937 2466 1095 2516 offert
1135 2466 1400 2535 quaestio,
1458 2473 1643 2518 utrum
1700 2467 1946 2518 actiones

69 2554 301 2606 morales
358 2573 547 2606 omnes
603 2556 712 2606 sint
766 2554 853 2606 vel
906 2555 1083 2606 bonae
1139 2554 1228 2605 vel
1283 2554 1475 2619 malae,
1535 2574 1606 2607 an
1664 2574 1795 2608 vero
1853 2556 1943 2607 ad·

69 2643 372 2694 mittendae
427 2646 537 2695 sint
589 2645 833 2695 actiones
885 2643 1157 2695 moraliter
1209 2643 1585 2714 itzd{ff'eo²entes,
1645 2663 1786 2713 quae
1842 2664 1945 2697 nec

68 2731 246 2784 bonae
289 2734 398 2784 sint
438 2732 789 2799 nec‘malae3
850 2735 970 2803 pari
1014 2733 1176 2785 modo
1218 2741 1402 2784 utrum
1444 2734 1501 2784 in
1544 2732 1655 2785 solo
1697 2741 1825 2785 actu
1868 2736 1941 2785 in-

68 2831 219 2874 terno
262 2822 579 2888 voluntatis,
636 2842 705 2874 an
743 2824 912 2874 etiam
968 2825 1025 2874 in
1068 2832 1186 2874 actu,
1227 2834 1440 2876 eoeterno
1478 2823 1754 2874 moralitas
1795 2824 1941 2877 insit.

503 3000 537 3055 ᾗ
568 3003 619 3046 1.
662 3003 747 3045 De
777 3004 994 3047 actibus
1026 3003 1503 3056 indifferentibus.

218 3118 311 3171 73.
339 3118 815 3173 Declarationes.
871 3122 914 3172 1.
945 3119 1119 3171 Actus
1150 3119 1370 3171 moralis
1398 3120 1736 3172 considerari
1763 3128 1940 3190 potest

65 3207 328 3258 abstracte
371 3225 466 3258 seu
508 3209 787 3259 seeundum
827 3211 1064 3278 speeiem,
1120 3211 1164 3260 si
1218 3209 1599 3261 consideratur
1646 3209 1820 3261 solum
1862 3228 1940 3262 se-

65 3296 311 3367 cundum
340 3295 635 3364 obiectum,
677 3317 708 3349 a
736 3317 841 3368 quo
872 3306 1025 3370 actus
1054 3300 1348 3365 essentiam
1379 3299 1696 3368 specificam
1722 3299 1936 3368 recipit,

64 3387 406 3455 praecisione
461 3387 604 3438 facta
659 3372 849 3439 amfi‘ne
905 3389 1183 3457 operantis
1238 3396 1291 3439 et
1343 3408 1374 3440 a
1427 3387 1653 3456 reliquis
1704 3389 1932 3439 circum·

61 3477 278 3527 stantiis
320 3494 364 3529 e.
406 3494 455 3544 g.
499 3484 735 3543 cantare,
779 3485 832 3528 et
875 3476 1210 3529 considerari
1252 3473 1429 3547 potest
1470 3485 1700 3528 concrete
1743 3496 1841 3530 seu
1869 3479 1927 3529 in
