2269 3898
290 118 348 161 38
1033 115 1100 158 De
1132 114 1438 158 matrimonio.

296 250 514 307 adhibet,
555 250 636 308 qui
671 262 901 307 expresse
936 261 1032 294 non
1065 247 1350 305 significant
1385 247 1754 295 dissolutionem
1792 249 2095 296 matrimonii
2127 251 2178 296 in

294 324 599 371 infidelitate
628 323 888 378 contracti,
923 322 1010 369 sed
1036 322 1189 368 solum
1218 322 1636 381 dispensationem
1671 325 1732 370 ab
1757 324 2180 383 interpellatione.

258 387 265 393 ⁵
416 399 626 442 Potestas
660 397 865 441 solvendi
899 396 1194 441 matrimonia
1226 402 1540 442 consummat-a
1561 398 1835 454 infidelium,
1868 412 1982 454 quae
2004 412 2184 442 summo

296 472 504 528 pontifici
534 472 777 515 tribuenda
810 475 894 527 est,
927 471 997 515 ita
1020 471 1291 527 explicanda
1308 472 1506 528 videtur,
1538 477 1592 516 ut
1625 473 1804 516 dicatur
1826 473 1971 528 ipsam
1978 476 2180 529 potesta-

294 551 398 599 tem,
422 561 511 602 qua
532 547 581 590 in
602 548 806 590 favorem
830 546 939 590 fidei
964 547 1202 590 solvantur
1224 548 1533 603 matrimonia,
1557 561 1651 592 esse
1675 547 1942 591 immediate
1977 548 2179 592 divinam

296 628 343 665 et
376 621 490 664 iuris
525 620 688 676 divini,
720 634 947 664 summum
982 621 1246 676 pontificem
1282 634 1385 665 vero
1419 635 1499 677 pro
1533 635 1615 665 sua
1639 625 1871 677 potestate
1893 622 2185 666 condiciones

296 696 599 740 determinare
647 708 792 750 posse,
839 695 922 739 sub
971 695 1132 750 quibus
1179 695 1401 739 eiusmodi
1445 696 1740 740 matrimonia
1774 697 2026 752 solvantur,
2060 696 2180 740 sicut

294 784 326 813 S.
361 772 531 814 Paulus
579 771 831 825 apostolica
879 784 960 814 sua
1008 770 1287 814 auctoritate
1339 771 1681 826 determinavit,
1730 776 1784 815 ut
1835 771 2181 815 matrimonium

294 846 411 890 solvi
444 845 603 901 possit,
638 845 675 888 si
710 859 814 900 pars
847 845 1048 888 infidelis
1083 844 1341 901 discedats).

445 935 485 964 a.
520 920 659 963 Ratio
691 921 889 972 interna,
924 920 978 963 ob
1023 934 1158 975 quam
1207 933 1239 963 s.
1276 920 1486 975 pont-ifex
1525 920 1871 964 matrimonium
1905 920 1953 964 in
1990 920 2185 964 infideli-

300 1000 399 1039 tate
432 1000 795 1038 consummatum
830 995 1003 1038 solvere
1036 994 1195 1050 possit,
1231 1008 1331 1038 cum
1366 994 1564 1050 primum
1607 995 1703 1038 eius
1752 995 1974 1050 potestati
2014 995 2188 1051 subest,

297 1070 576 1114 desumenda
609 1074 677 1113 est
713 1083 767 1112 ex
800 1069 972 1113 minore
1004 1069 1244 1124 firmitate,
1278 1083 1392 1124 quae
1436 1069 1744 1113 matrimoniis
1788 1070 2045 1113 infidelium
2088 1084 2184 1114 con-

299 1144 454 1188 venit:
490 1143 836 1187 matrimonium
870 1144 989 1188 enim
1025 1149 1389 1188 consummatum
1422 1144 1680 1188 infidelium
1715 1145 1865 1188 minus
1899 1146 2083 1188 firmum
2117 1152 2191 1189 est

299 1233 433 1274 quam
467 1222 619 1262 ratum
653 1219 876 1274 fidelium,
911 1219 1018 1274 quia
1051 1219 1202 1262 minus
1236 1221 1436 1274 perfecte
1468 1219 1705 1275 significat
1736 1219 1950 1263 unionem
1997 1219 2186 1264 indisso-

299 1294 487 1337 lubilem
523 1293 695 1337 Christi
729 1297 775 1337 et
811 1293 1047 1345 ecclesiae;
1098 1294 1443 1338 matrimonium
1496 1298 1650 1338 autem
1699 1299 1853 1338 ratum
1903 1295 2110 1338 fidelium
2160 1309 2189 1339 a

299 1382 477 1412 summo
511 1369 729 1424 pontifice
763 1369 876 1412 solvi
911 1373 1083 1424 potest;
1132 1382 1238 1424 ergo
1273 1369 1412 1412 etiam
1447 1369 1793 1412 matrimonium
1826 1370 1874 1413 in
1906 1369 2191 1414 infidelitate

305 1448 591 1487 contractum
624 1449 670 1488 et
703 1448 1084 1487 consummatum.

453 1519 490 1562 h.
524 1519 664 1562 Ratio
698 1522 891 1562 externa
927 1519 1185 1563 desumitur
1219 1532 1273 1563 ex
1305 1521 1453 1563 facto:
1489 1519 1658 1563 etenim
1694 1522 1908 1563 constans
1941 1523 2010 1562 est
2033 1519 2191 1574 praxis

301 1599 487 1638 sanctae
520 1594 640 1638 sedis
674 1593 973 1649 permittendi
1006 1593 1274 1637 infidelibus
1307 1594 1624 1637 neoconversis
1669 1594 1795 1637 aliud
1840 1593 2186 1638 matrimonium

299 1669 441 1712 etiam
475 1669 523 1712 in
556 1668 613 1712 iis
646 1669 893 1724 adiunctis,
934 1668 982 1711 in
1026 1668 1189 1723 quibus
1231 1669 1526 1724 privilegium
1562 1669 1801 1724 paulinum
1836 1668 2056 1724 applicari
2098 1682 2187 1711 non

305 1747 472 1798 potest,
506 1743 613 1798 quia
648 1744 812 1787 desunt
846 1743 1095 1798 requisitae
1128 1744 1427 1799 condiciones,
1469 1744 1737 1799 praesertim
1781 1756 1887 1786 vero
1928 1743 2035 1798 quia
2082 1756 2191 1798 pars

300 1817 504 1861 infidelis
537 1832 626 1861 non
661 1818 883 1873 discedin·
916 1819 1046 1873 atqui
1080 1818 1127 1862 id
1160 1819 1371 1874 permitti
1404 1832 1494 1862 11011
1527 1822 1696 1874 posset,
1729 1818 1819 1861 nisi
1864 1818 1991 1873 prius
2034 1817 2190 1861 matri-

301 1893 504 1936 monium
540 1906 594 1936 011
629 1893 934 1937 declaratione
969 1893 1135 1936 summi
1170 1893 1405 1949 pontificis
1454 1894 1673 1938 solvatur.
1739 1894 1799 1936 Et
1849 1906 1956 1937 sane
2003 1892 2189 1948 permit·

301 1967 421 2011 titur
452 1968 579 2011 aliud
613 1968 982 2012 matrimonium:

452 2057 491 2085 α.
527 2042 572 2086 Si
608 2056 712 2098 pars
744 2043 948 2087 infidelis
982 2043 1036 2087 de
1070 2056 1151 2086 sua
1184 2044 1425 2087 voluntate
1459 2043 1753 2093 cohabitandi
1786 2043 2063 2098 interrogari
2096 2056 2188 2086 non

302 2121 469 2173 potest,
503 2117 590 2161 etsi
625 2117 725 2161 fieri
759 2118 920 2174 possit,
952 2122 1005 2162 ut
1039 2117 1180 2162 etiam
1214 2118 1316 2173 ipsa
1349 2118 1552 2162 converti
1586 2119 1658 2162 vel
1692 2119 1856 2162 saltem
1902 2118 2090 2174 pacifice
2124 2132 2187 2161 00-

299 2192 507 2235 habitare
541 2193 669 2236 velit.

455 2269 492 2317 β.
528 2267 573 2311 si
608 2268 802 2311 maritus
836 2268 1002 2324 fidelis,
1037 2268 1113 2324 qui
1133 2269 1285 2324 plures
1308 2282 1470 2312 uxores
1493 2268 1669 2324 habuit,
1704 2282 1801 2312 eam
1827 2268 2023 2312 retinere
2045 2268 2189 2324 cupit,

302 2355 416 2396 quae
449 2355 548 2385 cum
582 2342 681 2398 ipso
715 2344 1011 2395 convertitur,
1062 2343 1149 2387 etsi
1183 2345 1293 2388 haec
1325 2357 1415 2388 11011
1449 2343 1512 2387 sit
1554 2343 1703 2399 prima
1751 2356 1829 2387 seu
1870 2342 2098 2398 legitima,
2142 2350 2189 2386 et,

299 2417 514 2473 legitima
547 2417 806 2461 cohabitare
839 2418 967 2462 velit.

453 2507 493 2545 γ.
526 2493 624 2536 Non
657 2494 803 2536 solum
838 2494 874 2536 si
924 2507 1029 2549 pars
1076 2493 1279 2537 infidelis
1327 2508 1418 2538 non
1465 2493 1763 2549 interpellata
1810 2491 2069 2536 cohabitare
2118 2506 2190 2535 vo-

304 2566 481 2623 luisset,
516 2568 593 2611 sed
627 2568 767 2612 etiam
802 2569 839 2612 si
872 2569 972 2625 ipsa
1003 2568 1191 2612 interim
1226 2569 1283 2612 ad
1317 2569 1455 2612 fidem
1491 2581 1706 2611 conversa
1738 2565 1858 2622 sit'2).

454 2657 488 2687 e.
523 2643 697 2686 Summi
732 2644 975 2699 pontifices
1009 2644 1235 2700 expressis
1285 2643 1434 2687 verbis
1484 2644 1601 2687 hanc
1649 2647 1927 2699 potestatem
1977 2641 2063 2685 sibi
2113 2641 2190 2684 tri·

304 2716 474 2761 buunt:
513 2718 629 2771 „Nos
664 2719 959 2762 attendentes
992 2718 1255 2762 huiusmodi
1290 2719 1514 2762 connubia
1545 2718 1668 2762 inter
1699 2718 1910 2761 infideles
1954 2720 2192 2761 contracta

306 2806 412 2836 vera
445 2793 626 2848 quidem
659 2807 751 2838 11011
785 2798 940 2837 10111011
973 2795 1085 2837 adeo
1118 2798 1222 2838 rata
1248 2794 1433 2849 censeri,
1466 2797 1519 2837 ut
1552 2793 1827 2837 necessitate
1860 2792 2081 2836 suadente
2105 2792 2190 2834 dis-

308 2867 422 2910 solvi
455 2882 545 2911 non
578 2868 837 2923 possint³)“.

462 3016 491 3071 1>
523 3017 589 3063 Cf
624 3018 900 3070 Lehmenlel
933 3018 1089 3062 Theol.
1123 3032 1231 3062 mor.
1267 3019 1326 3064 Π
1361 3033 1404 3062 11.
1443 3019 1540 3062 709.

459 3090 778 3144 >Balle11m
763 3094 1012 3137 Palmlezl
1042 3094 1119 3136 VI.
1153 3108 1195 3139 n
1231 3094 1332 3137 444
1369 3107 1425 3137 ss,
1459 3094 1532 3137 De
1565 3093 1746 3136 Bechel
1778 3106 1819 3147 p.
1856 3091 1944 3135 430
1977 3105 2032 3135 ss.

460 3165 492 3222 ³)
526 3168 779 3223 Greqotius
813 3168 950 3212 XIII.
985 3168 1255 3212 constitutio
1273 3168 1465 3224 Populus
1482 3167 1912 3221 acnatzffombusoes.
1940 3166 2031 3210 1011
2060 3138 2196 3219 1585)

305 3244 476 3288 similia
508 3244 646 3288 habet
688 3245 897 3288 leamzs
943 3244 1065 3288 VIII.

1069 3377 1425 3391 ssssssssssssssssssss
