2269 3898
322 160 380 202 ⁵20
1060 156 1127 199 De
1159 155 1465 198 matrimonio.

473 308 511 334 α.
546 294 666 335 Ante
700 289 940 333 concilium
972 287 1277 331 tridentinum
1312 289 1369 331 ad
1403 288 1745 331 matrimonium
1769 289 1973 333 validum
2008 295 2201 335 mutuus

323 366 687 410 contrahentium
723 375 964 406 consensus
997 362 1230 405 sufficiens
1264 367 1376 417 erat,
1416 362 1464 405 id
1498 362 1616 417 quod
1649 362 1797 405 adhuc
1837 365 1962 407 valet
1993 364 2042 408 in
2074 365 2204 420 locis,

321 441 397 483 ubi
449 441 677 483 decretum
728 435 1033 480 tridentinum
1081 435 1198 479 circa
1245 436 1539 479 matrimonia
1587 437 1872 480 clandestina
1917 452 2007 481 non
2054 438 2203 494 viget,

320 515 415 556 Iam
462 513 498 555 si
531 515 634 567 post
674 511 794 555 inita
841 509 1070 565 sponsalia
1112 509 1234 553 inter
1277 523 1462 564 sponsos
1504 510 1664 565 copula
1704 511 1898 555 carnalis
1941 512 2204 568 haberetur,

319 589 427 630 haec
460 588 630 629 affectu
653 584 856 628 maritali
890 584 1043 639 potius
1078 597 1211 638 quam
1238 584 1481 627 fornicario
1514 589 1698 639 peracta
1731 585 2118 641 praesumebatur,
2151 591 2204 630 et.

320 660 530 715 quoniam
565 660 685 703 solus
727 671 967 702 consensus
1010 658 1067 701 ad
1108 658 1312 701 validum
1357 658 1701 701 matrimonium
1747 660 2104 704 contrahendum
2149 661 2200 703 in

318 736 411 778 illis
434 734 696 790 regionibus
727 733 959 777 sufficiens
993 737 1076 787 est,
1110 731 1452 775 matrimonium
1488 736 1772 776 contractum
1807 733 2195 788 praesumebatur.

317 809 433 853 Num
469 808 812 852 matrimonium
845 807 892 850 in
926 807 1008 849 hoc
1040 819 1145 849 casu
1179 805 1400 849 obiective
1433 806 1638 850 validum
1671 807 1827 862 fuerit,
1878 808 2104 863 pendebat
2139 808 2202 851 ab

317 887 501 938 affectu,
547 897 632 938 quo
667 881 818 937 sponsi
862 881 1011 936 reipsa
1054 880 1261 935 copulam
1303 880 1545 924 habebant.
1608 881 1706 924 Iam
1740 895 1844 924 vero
1884 882 1992 925 haec
2027 883 2201 937 species

318 958 599 1002 matrimonii
622 956 889 1012 praesumti,
924 969 1036 1010 quae
1069 954 1313 1010 praecipua
1345 963 1457 1009 erat,
1490 969 1518 998 a
1551 969 1583 998 s.
1618 955 1835 1010 pontifice
1862 970 1941 1011 per
1964 957 2195 1001 decretum

316 1048 351 1076 .5.
388 1033 539 1089 Officii
569 1031 790 1086 abrogata
822 1034 890 1074 est
902 1030 941 1084 ¹).

469 1108 505 1155 3.
541 1106 651 1149 Cum
687 1105 848 1159 copula
889 1103 1082 1147 carnalis
1117 1104 1287 1146 affectu
1328 1102 1558 1158 coniugali
1602 1102 1760 1146 habita
1801 1103 1863 1146 sit
1909 1104 2091 1159 signum
2125 1118 2196 1148 ex-

318 1187 496 1224 ternum
530 1192 770 1223 consensus
805 1178 900 1221 sive
932 1183 1068 1221 antea
1102 1178 1196 1221 sive
1228 1177 1277 1220 in
1309 1181 1415 1220 actu
1441 1177 1626 1232 copulae
1658 1177 1914 1232 existentis,
1947 1178 2030 1221 hoc
2061 1180 2200 1222 modo

317 1255 520 1317 yalidum
579 1253 687 1298 iniri
741 1259 894 1308 potest
945 1252 1305 1306 matrimonium,
1360 1251 1438 1294 ubi
1490 1265 1578 1294 non
1632 1251 1763 1306 viget
1813 1251 2194 1307 impedimentum

316 1328 721 1373 clandestinitatis.
767 1328 1009 1370 Decretum
1034 1326 1152 1370 enim
1179 1340 1315 1381 supra
1338 1325 1531 1368 citatum
1557 1325 1703 1369 efficit
1726 1325 1923 1380 quidem,
1955 1329 2009 1369 ut
2033 1327 2201 1381 copula¹

315 1410 417 1459 post
466 1402 696 1458 sponsalia
742 1406 927 1457 peracta
973 1415 1063 1444 non
1111 1401 1257 1456 possit
1304 1399 1502 1455 amplius
1551 1413 1609 1442 ex
1645 1401 1992 1456 praesmntione
2038 1400 2201 1444 haberi

316 1479 497 1534 signum
531 1476 830 1531 matrimonii,
863 1480 912 1519 at
945 1490 1035 1519 non
1068 1475 1228 1530 efficit,
1260 1480 1314 1518 ut
1346 1474 1500 1530 sponsi
1532 1487 1623 1516 non
1656 1473 1833 1529 possint
1865 1474 2063 1529 amplius
2097 1488 2197 1518 con—

316 1567 496 1596 sensum
530 1565 609 1608 per
642 1552 848 1606 copulam
883 1550 1191 1593 manifestare.

464 1663 504 1695 c.
558 1642 861 1693 Palatio-um
916 1641 1143 1706 dicitur,
1198 1640 1345 1710 quod
1402 1639 1471 1691 ab
1527 1640 1662 1709 ipsis
1717 1639 2049 1708 coniugibus
2102 1639 2194 1691 vel·

315 1732 507 1784 saltem
549 1731 618 1783 ab
669 1730 928 1782 alterutro
972 1729 1221 1781 validum
1275 1730 1640 1795 existimatur,
1698 1747 1823 1780 cum
1875 1736 2061 1780 tamen
2113 1747 2195 1780 re·

316 1824 435 1891 ipsa
477 1820 545 1872 ob
588 1821 763 1872 latens
803 1819 1029 1889 aliquod
1072 1818 1532 1888 impedimentum
1572 1819 1644 1883 *sit
1684 1817 1913 1870 nullum.

461 1909 806 1953 Matrimonium
830 1908 1096 1964 putativum
1132 1907 1324 1963 speciem
1358 1907 1453 1951 veri
1487 1906 1771 1950 matrimonii
1804 1906 1942 1950 habet
1975 1906 2198 1950 eiusdem-

313 1999 397 2040 que
430 1988 620 2028 effectus
652 1983 868 2027 iuridicos
902 1983 1135 2038 producit,
1179 1982 1255 2026 sed
1291 1987 1345 2025 ut
1385 1981 1498 2025 iuris
1539 1983 1729 2025 effectus
1774 1980 1925 2036 reipsa
1956 1981 2199 2036 producat,

313 2069 355 2103 et
391 2059 659 2114 praesertim
693 2064 747 2101 ut
780 2059 927 2113 proles
950 2057 997 2100 in
1032 2070 1080 2100 eo
1104 2061 1216 2100 nata
1239 2060 1476 2100 censeatur
1497 2056 1724 2112 legitima,
1757 2055 2023 2110 requiritur:
2063 2070 2104 2099 α.
2138 2062 2199 2099 ut,

312 2134 611 2178 contrahatur
633 2133 750 2176 bona
782 2133 874 2175 fide
898 2133 1060 2175 saltem
1095 2131 1151 2175 ab
1183 2144 1273 2174 uno
1307 2144 1361 2175 ex
1384 2130 1668 2186 coniugibus,
1703 2131 1778 2185 qui
1811 2131 2194 2186 impedimentum

311 2208 617 2265 ignoraverit:
656 2208 692 2257 ,3.
727 2211 781 2249 ut
814 2206 1112 2266 contrahatur
1144 2204 1324 2260 publice
1357 2209 1403 2248 et
1434 2205 1482 2248 in
1514 2205 1632 2249 facie
1664 2204 1876 2249 ecclesiae
1907 2206 1937 2248 i.
1972 2219 2007 2249 e.
2042 2219 2188 2248 coram

311 2284 502 2338 parocho
536 2288 582 2326 et
616 2281 789 2325 duobus
831 2280 1029 2325 testibus
1063 2286 1110 2323 et·
1142 2280 1404 2335 praemissis
1445 2279 1893 2335 proclamationibus,
1933 2279 2022 2323 nisi
2057 2293 2198 2334 super·

309 2358 379 2401 his
415 2357 728 2412 dispensatum
761 2355 919 2399 fuerit.

458 2447 508 2499 3.
550 2447 617 2498 In
648 2447 1062 2498 matrimonium
1091 2445 1421 2497 canonicum
1451 2452 1505 2495 et
1532 2443 1848 2512 politicum:
1880 2445 2196 2495 canonicum.

310 2538 514 2589 dicitur
540 2537 973 2600 matrimonium,
1017 2536 1075 2586 in
1105 2553 1212 2604 quo
1242 2535 1429 2585 omnia
1465 2541 1771 2600 servantur,
1815 2550 1957 2603 quae
1998 2552 2030 2584 a
2070 2535 2193 2584 iure

309 2626 679 2695 ecclesiastico
721 2625 790 2677 ad
821 2642 1013 2676 verum
1044 2624 1456 2675 matrimonium
1487 2624 1871 2692 requiruntur;
1907 2622 2190 2692 politicum

311 2716 530 2783 dicitur7
574 2717 631 2767 in
674 2734 781 2785 quo
825 2716 991 2766 etiam
1034 2732 1098 2765 ea
1139 2722 1448 2779 servantur,
1509 2732 1650 2782 quae
1701 2732 1732 2764 a
1773 2714 1891 2764 iure
1933 2711 2086 2764 civili
2127 2713 2186 2763 in

309 2808 658 2858 matrimonio
703 2807 1032 2873 exiguntur-3
1087 2804 1205 2855 sine
1260 2802 1344 2855 his
1387 2804 1802 2855 matrimonium
1844 2822 1876 2854 a
1916 2810 2190 2872 potestate

308 2896 532 2964 politica
580 2914 690 2947 non
745 2894 984 2947 habetur
1036 2893 1362 2963 legitimum,
1419 2892 1656 2962 ideoque
1709 2892 2000 2944 effectibus
2053 2892 2189 2943 civi·

307 2985 452 3037 libus
494 2995 658 3036 caret.

455 3089 503 3144 4.
560 3088 626 3140 In
677 3089 1090 3140 matrimonium
1133 3086 1395 3139 sollemne
1438 3095 1490 3138 et
1530 3087 1713 3138 minus
1754 3085 2044 3138 sollemne:
2087 3083 2190 3137 sol*

307 3179 470 3232 lemna
524 3178 727 3230 dicitur
785 3178 1217 3243 matrimonium,
1273 3177 1330 3228 in
1388 3194 1494 3246 quo
1549 3183 1767 3246 praeter
1821 3174 2188 3228 formalitates

400 3406 402 3409 .
456 3373 488 3425 ²)
521 3371 567 3414 S.
607 3371 814 3429 Officium
860 3371 928 3414 15.
962 3371 1073 3416 febr.
1111 3370 1238 3414 1892.
1303 3370 1441 3414 Ratio
1484 3368 1737 3425 abrogandi
1779 3369 1898 3412 hanc
1936 3367 2050 3410 iuris
2096 3366 2184 3410 dis-

306 3446 576 3501 positionem
625 3448 723 3488 erat
772 3445 1025 3489 difficultas
1077 3444 1124 3488 in
1157 3444 1288 3500 praxi
1337 3458 1390 3488 ex
1439 3457 1488 3488 eo
1537 3448 1651 3499 orta,
1705 3443 1822 3499 quod
1874 3442 2032 3486 fideles
2081 3455 2181 3485 eam

303 3520 580 3575 ignorarent.
