2269 3898
289 186 292 188 v
323 133 378 175 18
1057 129 1123 171 De
1156 129 1461 172 matrimonio.

472 266 520 316 2.
565 264 809 314 Effectus
838 262 1192 328 matrimonii,
1224 270 1478 330 quatenus
1507 272 1891 314 sacramentum
1920 274 2011 333 est,
2040 275 2195 320 suntt

323 375 372 407 α.
416 360 775 420 augmentum
818 352 1030 419 gratiae
1075 350 1501 417 sanctificantis3
1545 352 1588 404 b.
1634 353 1718 403 ius
1759 352 1827 403 ad
1869 355 2073 421 gratias
2113 375 2189 408 ac-

321 441 496 494 tuales
557 442 722 493 statui
784 439 1062 508 coniugali
1123 441 1460 492 necessarias
1518 440 1739 492 ‘scilicet
1804 442 1876 493 a'd
1943 451 2195 497 mutuum

321 548 565 583 amorem
609 529 1053 581 conservandum
1097 537 1150 580 et
1190 529 1607 598 perficiendum,
1651 530 1723 581 ad
1763 530 1930 583 fidem
1959 541 2012 584 et
2041 535 2196 585 casti·

320 628 489 672 tatem
552 618 898 686 coniugalem
962 620 1173 686 integre
1235 619 1592 685 servandam,
1654 620 1724 671 ad
1786 621 1994 690 prolem
2055 622 2197 675 bene

319 709 685 775 educandam,
728 708 799 760 ad
841 726 1006 760 onera
1049 710 1386 760 matrimonii
1430 708 1729 761 christiane
1770 709 2014 764 ferenda.

467 873 636 927 Nota.
717 873 1119 924 flffatrimonium
1170 873 1525 924 necessarium
1577 880 1657 924 est
1706 875 2089 926 communitati
2141 877 2198 927 in

319 982 536 1031 genere,
598 980 709 1014 non
762 970 945 1013 autem
1005 960 1235 1031 singulis
1290 963 1407 1013 eius
1462 961 1804 1014 individuis:
1870 960 2094 1014 Crescite
2151 972 2200 1014 et

318 1051 751 1122 multiplicamini
792 1060 840 1102 et
878 1050 1073 1121 replete
1117 1060 1310 1102 terram
1328 1052 1374 1118 ¹).
1455 1051 1585 1104 Alia
1635 1053 1973 1103 matrimonii
2014 1070 2196 1104 neces·

320 1143 450 1193 sitas
505 1141 656 1192 hisce
713 1142 1017 1209 scripturae
1060 1139 1246 1192 verbis
1299 1159 1408 1192 non
1452 1142 1787 1194 enuntiatur.
1871 1139 2012 1192 Cum
2052 1141 2198 1193 hanc

320 1232 610 1282 veritatem
665 1248 775 1281 non
833 1232 1160 1300 impugnent
1217 1231 1323 1281 nisi
1374 1230 1678 1282 adversarii
1723 1229 2044 1295 coelibatus,
2088 1249 2198 1283 non

318 1329 399 1372 est
442 1320 606 1371 huius
650 1319 756 1371 loci
798 1328 988 1372 contra
1030 1338 1218 1371 eorum
1261 1319 1602 1372 obiectiones
1646 1319 1795 1371 illam
1838 1320 2053 1387 tueri2),

470 1485 562 1537 20.
640 1498 785 1543 Bona
833 1497 1151 1542 matrimonii
1200 1509 1291 1552 per
1339 1500 1714 1542 sacramentum
1762 1498 2101 1553 perficiuntur
2149 1501 2200 1542 et

319 1573 664 1618 nobilitantur
679 1590 686 1618 :

469 1691 510 1720 a.
544 1678 722 1720 Bonum
745 1677 914 1733 prolz'S,
949 1691 1003 1723 eo
1029 1677 1156 1736 quod
1178 1676 1494 1722 matrimonio
1520 1676 1791 1723 christiano
1823 1676 2016 1734 dignior
2051 1681 2198 1734 atque

318 1751 591 1811 perfectior
636 1751 870 1811 competit
903 1751 1038 1798 finis:
1087 1753 1147 1798 ab
1183 1751 1325 1797 initio
1372 1752 1500 1798 enim
1535 1752 1599 1798 ad
1640 1751 2013 1810 propagandum
2046 1764 2198 1809 genus

318 1826 579 1873 humanum
624 1826 907 1872 institutum
958 1831 1048 1882 est,
1094 1826 1270 1872 deinde
1306 1826 1369 1872 ad
1415 1832 1780 1873 sacramentum
1829 1826 2078 1873 elevatum
2124 1831 2199 1872 est

319 1901 381 1946 ad
405 1900 533 1947 filios
559 1905 609 1946 et
634 1901 850 1946 cultores
873 1901 984 1947 veri
1001 1900 1102 1946 Dei
1138 1906 1187 1947 et
1211 1901 1480 1947 salvatoris
1504 1901 1622 1947 Iesu
1647 1900 1839 1947 Christi
1863 1900 2198 1959 procreandos

319 1981 464 2033 atque
502 1975 839 2031 educandos3).

469 2080 505 2122 b.
530 2081 710 2122 Bonum
729 2080 855 2136 fidei,
886 2092 939 2125 eo
966 2079 1093 2137 quod
1115 2080 1280 2126 unitas
1306 2079 1610 2126 matrimonii
1633 2078 1935 2139 perfectiore
1962 2079 2196 2126 claritate

319 2154 484 2199 elucet
509 2159 558 2199 et
572 2153 757 2199 maiore
776 2155 1080 2200 necessitate
1101 2154 1343 2212 exigitur:
1366 2153 1597 2202 Christus
1617 2155 1747 2201 enim
1765 2167 1911 2200 unam
1932 2154 2196 2200 ecclesiam

318 2227 549 2275 fundavit
584 2242 786 2285 eamque
820 2229 1017 2275 unicam
1052 2228 1231 2286 diligit.

467 2347 500 2376 e.
535 2333 714 2375 Bonum
758 2333 1053 2383 sacramenti,
1098 2347 1152 2379 eo
1188 2333 1314 2391 quod
1359 2333 1724 2380 matrimonium
1769 2333 2005 2379 maiorem
2049 2333 2197 2379 firmi·

317 2411 474 2454 tatem
526 2407 721 2466 accipit.
789 2407 894 2466 Quo
943 2406 1215 2467 perfectius
1265 2408 1395 2454 enim
1439 2408 1803 2455 matrimonium
1847 2414 2198 2466 repraesentat

316 2482 544 2528 unionem
589 2482 980 2529 indissolubilem
1016 2481 1206 2529 Christi
1251 2497 1357 2529 cum
1394 2483 1622 2541 ecclesia,
1672 2497 1728 2529 eo
1772 2483 1928 2528 maior
1973 2488 2047 2529 est
2093 2483 2196 2529 eius

317 2556 554 2613 firmitas3
582 2557 669 2603 sed
687 2558 1052 2604 matrimonium
1073 2558 1394 2604 christianum
1421 2557 1694 2616 perfectius
1720 2572 1828 2604 cam
1846 2563 2198 2616 repraesentat

316 2645 460 2689 quam
495 2632 752 2688 naturale3
786 2631 1157 2691 perfectissima
1182 2638 1347 2678 autem
1370 2631 1533 2689 imago
1557 2631 1691 2678 illius
1714 2632 1905 2678 unionis
1931 2630 2006 2678 est
2028 2632 2196 2678 matri-

318 2705 531 2751 monium
564 2707 889 2753 christiauum
914 2712 1315 2763 consummatum,
1350 2707 1399 2752 in
1434 2720 1524 2765 quo
1560 2706 1623 2752 ad
1645 2706 1891 2753 unitatem
1925 2707 2195 2752 animorum

317 2793 407 2838 per
462 2786 771 2827 contractum
821 2781 1019 2828 accedit
1066 2781 1232 2827 unitas
1283 2795 1538 2840 corporum
1587 2795 1678 2840 per
1728 2781 1952 2840 copulam
2002 2780 2195 2829 effecta.

317 2853 438 2899 Ideo
482 2855 848 2902 matrimonium
883 2856 1206 2903 christianum
1253 2861 1637 2902 consummatum
1682 2863 1758 2902 est
1799 2855 2094 2915 simpliciter
2126 2856 2197 2901 in-

317 2927 606 2976 dissolubile
641 2930 766 2976 sicut
799 2931 912 2976 unio
947 2929 1137 2977 Christi
1171 2935 1218 2976 et
1254 2931 1498 2977 ecclesiae
1534 2930 1810 2977 insolubilis
1846 2936 1934 2976 est.

475 3137 503 3191 1)
537 3138 646 3182 Gen.
684 3140 722 3193 1,
755 3139 830 3190 ⁴2&
867 3140 908 3193 9,
945 3143 982 3182 1.

474 3211 503 3265 2)
535 3212 603 3256 Cf.
636 3213 826 3255 Leitner
860 3213 887 3267 ξ
920 3215 959 3257 4.

472 3285 504 3341 ³)
539 3286 605 3329 Cf.
644 3286 907 3330 Cateeleism.
941 3301 1051 3330 rom.
1087 3301 1153 3343 pr.
1188 3288 1227 3331 2.
1263 3302 1297 3330 c.
1332 3289 1372 3330 8.
1407 3302 1446 3342 q.
1485 3289 1551 3331 15.
