2269 3898
282 155 336 197 16
863 150 897 193 Ι.
932 151 999 193 De
1030 151 1122 193 fine
1153 148 1349 192 hominis
1381 148 1562 191 ultimo.

279 287 428 341 laude,
460 286 568 328 haec
599 285 785 338 inquam
811 283 1017 326 definitio
1041 282 1223 325 exhibet
1249 281 1448 337 ylorz'am
1471 283 1710 324 externam
1723 281 1991 336 formalem,
2023 293 2138 335 quae

281 373 414 404 sensu
447 358 626 413 proprio
659 358 806 412 gloria
838 357 1109 411 appellatur.

402 449 438 490 b.
472 445 711 492 Perfecta
734 445 943 491 hominis
966 445 1226 490 beatitudo
1261 444 1308 489 in
1344 444 1446 490 illis
1481 445 1675 490 actibus
1701 443 1942 500 consistit,
1978 443 2151 500 quibus

281 523 384 581 ipse
419 534 653 567 summum
685 521 862 565 bonum
896 517 1119 577 perfecte
1144 518 1366 576 possidet
1393 532 1543 577 eoque
1565 517 1774 570 fruitur;
1801 517 1940 575 atqui
1958 517 2147 563 visione

279 595 380 641 Dei
422 595 656 640 intuitiva
705 599 851 650 atque
899 606 1085 646 amore,
1130 593 1210 650 qui
1255 592 1433 638 exinde
1475 593 1757 638 necessario
1815 591 2144 648 consequitur,

279 670 419 714 honio
452 666 813 726 perfectissimo
848 667 986 712 modo
1019 666 1237 724 possidet
1273 680 1507 711 summum
1539 667 1717 711 bonum
1762 679 1913 722 eoque
1951 663 2149 710 fruitur.

280 743 401 788 Ideo
456 742 730 785 Benedictus
771 741 879 783 XII.
935 740 1029 785 ait:
1093 739 1245 785 Beati
1299 739 1500 795 „divina
1549 739 1768 785 essentia
1815 738 2146 797 perfruuntur,

281 830 469 862 necnon
503 830 561 861 ex
593 815 687 860 tali
718 815 907 861 visione
943 820 993 860 et
1023 813 1259 860 fruitione
1296 813 1490 859 animae
1527 827 1706 867 eorum,
1741 813 1822 871 qui
1853 814 1951 859 iam
1987 812 2152 858 deces-

284 895 466 936 serunt.
501 895 613 935 sunt
645 902 764 934 vere
797 888 1023 934 beatae“.

428 980 609 1030 Homo
664 997 790 1048 ergo
846 978 915 1029 ad
969 986 1249 1029 aeternam
1304 977 1706 1029 beatitudinem
1760 985 1812 1028 et
1852 977 1921 1028 ad
1965 977 2149 1027 Deum

282 1071 338 1119 in
381 1076 666 1120 aeternum
709 1067 1131 1137 glorificandum
1174 1067 1480 1118 destinatus
1523 1074 1617 1120 est.
1695 1065 1887 1118 Gloria
1926 1067 2029 1118 Dei
2072 1073 2153 1116 est

281 1158 520 1209 hominis
545 1158 678 1226 finis
719 1156 932 1208 ultimus
968 1157 1279 1225 primarius,
1323 1163 1548 1206 aeterna
1591 1155 1877 1208 beatitudo
1921 1162 2002 1206 est
2037 1156 2153 1205 eius

273 1247 398 1313 finis
439 1246 798 1297 seczmdarizt-S‘.

428 1408 520 1465 14.
564 1407 1052 1477 Supernaturalis
1081 1409 1192 1461 est.
1244 1408 1401 1458 Finis
1430 1407 1671 1471 ultimUS,
1700 1407 1771 1458 ad
1799 1425 1960 1476 quem
1988 1407 2151 1458 homo

281 1518 311 1550 a
353 1499 470 1549 Deo
515 1498 816 1549 destinatus
858 1505 952 1563 est,
996 1497 1158 1566 plane
1200 1495 1629 1565 supernaturalis
1655 1504 1767 1562 ..est,
1812 1497 1906 1566 qui
1944 1496 2155 1547 scilicet

282 1605 469 1638 omnes
510 1588 655 1638 vires
698 1605 995 1656 omnesque
1037 1588 1347 1654 exigentias
1401 1594 1629 1637 naturae
1674 1594 1889 1637 creatae
1932 1585 2154 1637 excedit

281 1685 444 1746 atque
486 1677 658 1745 ipsius
699 1678 846 1727 vitae
889 1675 1113 1726 divinae
1156 1676 1507 1744 partIcipatio
1552 1682 1657 1726 est:

432 1780 866 1834 (1.Beatitudinem,
915 1793 1028 1834 quae
1073 1779 1202 1822 nobis
1235 1779 1526 1834 promittitur
1574 1779 1622 1821 in
1671 1779 1807 1833 coelo,
1854 1778 1934 1821 ille
1966 1781 2150 1821 tantum

282 1866 545 1907 cognoscere
577 1857 743 1909 potest,
791 1855 865 1909 qui
901 1858 1131 1897 scrutatur
1163 1854 1390 1908 profunda
1426 1853 1711 1904 divinitatis;
1763 1853 1892 1907 atqui
1928 1852 2152 1895 eiusmodi

282 1928 518 1971 beatitudo
566 1935 663 1972 tum
698 1930 815 1972 Vires
864 1934 963 1972 tum
996 1928 1252 1983 exigentias
1294 1932 1486 1971 naturae
1520 1932 1697 1971 creatae
1746 1931 1929 1982 superat
1963 1927 2153 1982 ideoque

282 2003 440 2046 stricto
473 2017 606 2046 sensu
639 2004 998 2059 supernaturalis
1031 2003 1150 2056 est¹).

434 2078 469 2120 h.
506 2078 708 2121 Naturae
741 2084 917 2121 creatae
949 2091 1130 2132 prorsus
1165 2077 1527 2132 supernaturalis
1560 2080 1629 2119 est
1663 2076 1899 2119 beatitudo
1931 2075 2018 2118 filii
2042 2075 2151 2126 Dei;

282 2152 410 2206 atqui
451 2151 702 2206 beatitudo,
736 2165 848 2207 quae
879 2165 960 2195 nos
993 2156 1145 2195 manet
1179 2152 1226 2194 in
1260 2151 1549 2206 aeternitate,
1583 2156 1653 2194 est
1686 2150 1981 2206 participatio
2013 2149 2152 2193 beati-

282 2225 458 2268 tudinis
490 2225 633 2280 ipsius
666 2225 753 2268 filii
777 2225 883 2269 Dei:
919 2225 1086 2268 etenim
1111 2225 1236 2268 dabit
1265 2226 1393 2268 nobis
1414 2225 1576 2268 sedere
1598 2238 1746 2268 seeum
1782 2224 1825 2266 in
1860 2224 2021 2266 throno
2054 2237 2151 2277 suo,

283 2301 399 2342 sient
431 2301 526 2355 ipse
558 2300 684 2342 sedet
725 2301 769 2342 in
806 2300 968 2342 throno
991 2301 1146 2355 patris·
1188 2299 1335 2355 suz'2),·
1381 2301 1588 2356 disponet
1631 2300 1759 2342 nobis
1791 2312 1997 2354 requam,
2038 2299 2156 2341 sieut

284 2374 504 2430 disposuit
535 2374 983 2429 sibimetfflsipater·
1015 2374 1155 2427 dabit,
1189 2378 1239 2417 nt
1269 2375 1457 2417 edanms
1490 2378 1533 2417 et
1562 2375 1766 2417 bibamus
1787 2387 1926 2428 snper
1950 2386 2151 2415 mensam

282 2462 411 2490 suam
445 2448 487 2490 in
525 2461 664 2503 refflto
698 2447 829 2501 suo³).

433 2538 465 2565 e.
501 2523 762 2571 Beatitudo‚
799 2536 912 2578 quae
943 2523 991 2565 in
1016 2523 1292 2567 aeternitate
1323 2536 1403 2565 nos
1438 2525 1607 2576 manet,
1639 2521 1688 2564 in
1720 2520 1946 2564 intuitiva
1977 2520 2155 2564 visione

283 2597 366 2640 Dei
392 2597 603 2640 consistit
636 2610 727 2640 una
760 2611 860 2640 cum
885 2611 1050 2652 amore,
1083 2597 1160 2652 qui
1193 2610 1246 2640 ex
1280 2610 1332 2640 ea
1352 2596 1603 2640 necessario
1625 2595 1845 2646 resultat;
1881 2595 2010 2649 atqui
2044 2595 2153 2638 haec

283 2674 351 2713 est
382 2671 526 2726 ipsius
559 2672 642 2714 Dei
675 2672 912 2715 beatitudo
946 2675 992 2714 et
1025 2675 1348 2726 consequenter
1380 2684 1562 2725 prorsus
1595 2669 1972 2724 supernaturalis.

433 2745 474 2787 cl.
506 2745 646 2789 Plane
679 2746 1039 2801 supernaturalis
1072 2750 1140 2789 est
1174 2745 1354 2800 filiatio,
1403 2759 1491 2799 qua
1531 2746 1662 2787 homo
1697 2744 1996 2787 constituitur
2028 2743 2154 2786 filius

285 2818 368 2861 Dei
403 2819 666 2874 adoptivus;
704 2833 810 2875 ergo
844 2813 1207 2887 supernalturalis
1240 2824 1308 2863 est
1341 2820 1480 2863 etiam
1501 2819 1752 2872 beatitudo,
1786 2832 1900 2873 quae
1932 2817 2151 2862 filiationi

437 2983 469 3037 1)
509 2984 670 3026 Oculus
701 2996 787 3025 non
821 2982 931 3025 cidit
960 2996 1039 3025 nec
1062 2983 1194 3025 auris
1216 2982 1388 3025 audivit
1417 2996 1497 3025 nec
1529 2982 1572 3024 in
1608 2995 1684 3024 cor
1706 2981 1902 3024 hominis
1934 2981 2158 3034 ascendit,

286 3070 399 3112 quae
420 3057 725 3113 praeparavit
755 3057 883 3099 Deus
916 3057 987 3112 iis,
1036 3056 1113 3112 qni
1143 3056 1337 3112 dilc'fflmt
1384 3056 1508 3098 illm-n
1528 3069 1549 3110 ,·
1596 3055 1725 3098 nobis
1757 3058 1906 3098 antem
1938 3055 2157 3098 revelavit

286 3132 414 3174 Deus
435 3145 526 3186 ster
559 3131 770 3186 spiritum
803 3144 932 3173 sunm
951 3144 966 3173 .·
1011 3130 1203 3186 spiritus
1237 3130 1352 3172 enim
1402 3129 1551 3171 omnia
1583 3132 1836 3181 scrutatur,
1885 3129 2020 3172 etiam
2042 3141 2157 3184 pro·

278 3206 430 3262 funda
463 3206 566 3248 Dei.
632 3207 670 3247 1.
705 3205 799 3248 Cor.
836 3205 876 3259 Ξ),
909 3205 949 3246 9.
985 3206 1053 3247 10.

437 3279 469 3333 ²)
505 3279 590 3332 Qui
621 3279 790 3335 vicerit,
824 3279 937 3321 dabo
971 3279 1013 3320 ei
1043 3278 1205 3321 sedere
1226 3291 1395 3321 mecum
1429 3278 1474 3320 in
1502 3279 1663 3320 throno
1688 3290 1784 3319 meo
1799 3290 1818 3330 ,·
1850 3277 1969 3320 sicut
1998 3279 2043 3319 et
2073 3289 2152 3332 eqo

287 3354 370 3397 rici
402 3357 445 3396 et
475 3354 576 3397 sedi
607 3367 702 3397 cam
725 3355 866 3409 patre
897 3365 993 3395 meo
1026 3353 1071 3394 in
1105 3352 1266 3394 tlzrouo
1300 3352 1411 3394 eins.
1475 3353 1612 3406 Apoc.
1646 3352 1688 3406 3,
1721 3352 1793 3394 21.

436 3426 474 3484 ³)
509 3428 574 3471 Et
605 3441 684 3483 eqo
716 3427 901 3482 dispono
924 3427 1060 3479 cobis,
1092 3427 1209 3470 sicut
1229 3426 1450 3482 disposuit
1480 3425 1594 3468 milti
1611 3428 1753 3481 pater
1774 3438 1913 3479 meus,
1946 3437 2154 3480 reanum,

287 3504 336 3544 ut
368 3501 515 3545 edatis
546 3504 590 3544 et
621 3501 783 3544 bibatis
814 3514 952 3556 super
984 3513 1184 3543 mensam
1217 3513 1362 3542 meam
1396 3500 1441 3542 in
1473 3512 1614 3554 reqno
1646 3511 1755 3541 meo.
1788 3498 1893 3542 Luc.
1927 3498 1997 3552 22,
2021 3497 2090 3540 29.
2116 3510 2155 3539 s.
