2269 3898
712 169 778 211 De
812 173 1058 222 systemate
1092 170 1263 212 morali.
1834 171 1920 213 255

57 321 193 372 quas
219 311 368 353 tenet
403 301 785 365 confessarius,
832 301 992 352 modo
1036 303 1144 352 sint
1184 321 1311 353 vere
1354 302 1697 371 probabiles:
1737 306 1919 373 poeni-

34 401 177 457 tens
231 393 378 443 enim
430 392 516 442 ius
568 389 735 441 habet
784 390 1050 458 sequendi
1092 392 1378 458 opiniones
1421 410 1548 442 vere
1590 391 1919 461 probabiles7

58 480 424 532 confessarius
463 486 648 530 autem
690 480 774 529 ius
816 496 924 529 non
966 477 1135 529 habet
1174 480 1365 530 utendi
1408 482 1667 548 opinione
1708 490 1922 532 tantum

58 568 331 638 probabili
373 567 444 619 ad
485 566 879 635 imponendam
922 566 1334 634 obligationem.
1402 567 1578 619 Immo
1622 571 1786 620 etiam
1827 570 1922 621 ubi

58 658 344 726 poenitens
368 655 522 706 rudis
559 657 777 722 ignorat
817 674 871 706 se
913 655 1117 706 habere
1158 657 1242 707 ius
1284 658 1550 725 sequendi
1593 660 1922 710 sententiam

57 746 383 814 oppositam,
415 743 748 795 confessario
776 762 885 795 non
914 743 1043 795 lieet
1070 746 1174 813 ipsi
1201 746 1484 813 imponere
1514 746 1922 814 obligationem,

57 852 198 903 quae
239 852 270 884 a
314 833 430 884 Deo
471 832 782 901 legislatore
822 851 932 885 non
974 834 1292 902 imponitur.

208 958 243 990 c.
303 936 514 1001 Quodsi
572 937 938 988 confessarius
992 938 1326 1005 opinionem,
1383 956 1545 1006 quam
1602 938 1720 989 vult
1773 941 1924 1008 sequi

61 1027 364 1095 poenitens,
407 1027 689 1076 existimat
726 1025 939 1091 falsam,
985 1025 1439 1093 distinguendum
1482 1035 1586 1078 est:
1646 1028 1687 1078 si
1739 1029 1923 1096 opinio

61 1113 186 1165 talis
222 1123 317 1180 est,
359 1122 419 1164 ut
444 1113 686 1182 theologi
717 1115 1083 1165 communiter
1108 1113 1257 1165 illam
1299 1114 1541 1166 habeant
1581 1116 1924 1185 probabilem

62 1212 116 1254 et
155 1203 254 1254 soli
297 1203 626 1254 confessario
670 1212 933 1272 appareat
974 1203 1126 1270 falsa,
1170 1203 1262 1254 hio
1302 1206 1607 1273 poenitenti
1642 1205 1925 1258 consulere

61 1300 253 1360 potest,
296 1302 356 1342 ut
397 1311 516 1343 eam
568 1292 783 1343 deserat
831 1301 883 1343 et
937 1294 1266 1344 sententiam
1321 1302 1581 1362 sequatur
1635 1313 1817 1361 suam3
1873 1305 1928 1345 at

65 1396 265 1447 negata
300 1380 644 1431 absolutione
685 1399 809 1432 eum
853 1399 1045 1448 eogere
1088 1400 1196 1432 non
1238 1390 1431 1449 potest.
1482 1380 1692 1433 Verum
1733 1385 1775 1434 si
1818 1385 1927 1451 opi-

64 1471 173 1534 nio,
216 1487 355 1537 quae
396 1470 698 1538 poenitenti
738 1469 1016 1538 probatur,
1068 1469 1191 1520 talis
1233 1480 1326 1536 est,
1387 1481 1442 1521 ut
1494 1470 1733 1539 theologi
1787 1490 1927 1522 oom-

66 1558 306 1608 muniter
333 1575 454 1608 eam
483 1566 542 1608 ut
570 1557 767 1608 falsam
809 1559 1079 1625 reiiciant,
1124 1560 1493 1611 confessarius
1535 1559 1689 1611 illum
1734 1561 1927 1612 dooere

62 1654 117 1697 et
155 1646 362 1697 hortari
405 1646 583 1711 debet⁷
636 1659 696 1697 ut
736 1648 1052 1716 opinionem
1096 1666 1250 1699 suam
1295 1648 1522 1715 deserat,
1579 1658 1632 1700 et
1673 1652 1716 1701 si
1757 1650 1814 1701 id
1855 1650 1928 1701 fa-

64 1753 188 1786 eere
228 1734 379 1802 nolit,
422 1735 822 1787 absolutionem
867 1738 916 1787 ei
958 1755 1159 1805 negare
1198 1736 1377 1800 debet,
1420 1740 1525 1789 nisi
1567 1739 1705 1790 forte
1747 1741 1927 1807 poeni-

64 1833 184 1875 tens
225 1825 294 1874 sit
345 1825 403 1875 in
453 1824 600 1876 bona
640 1825 748 1876 fide
791 1836 843 1877 et
885 1844 953 1877 ex
995 1827 1296 1877 monitione
1339 1826 1520 1879 nullus
1562 1827 1772 1878 fruetus
1814 1845 1928 1896 spe-

63 1912 278 1977 returl).

223 2075 250 2128 ι>
282 2076 348 2121 Cf.
381 2076 640 2119 Lellmh‘uhl
668 2077 704 2119 I.
737 2091 779 2119 n.
817 2079 900 2121 116
936 2092 991 2121 ss.
