2269 3898
714 140 781 182 De
811 143 977 183 natura
1010 140 1320 185 conscientiae.
1859 145 1943 188 ‘219

83 269 293 324 opinione
317 271 596 326 speculative
620 271 691 314 vel
714 272 926 326 practice,
957 272 1135 316 interne
1156 274 1228 316 vel
1252 278 1447 329 externe,
1482 275 1622 318 solide
1644 276 1714 319 vel
1734 277 1945 331 tenuiter,

79 350 200 388 certe
231 346 302 388 vel
337 344 483 399 dubie,
516 344 720 387 absolute
751 346 823 388 vel
857 346 1163 400 comparative
1195 348 1430 402 probabili.

187 499 203 505 ⁸
230 492 360 546 200.
423 492 674 546 Divisio.
752 492 1121 544 Probabilitas
1187 494 1565 564 multipliciter
1645 497 1940 549 dividitur:

82 582 127 632 1.
185 580 251 632 In
309 580 682 649 speculativam
737 588 789 632 et
834 582 1163 650 practicam:
1231 583 1323 634 illa
1384 586 1644 636 convenit
1696 587 1941 654 opinioni

79 670 136 719 in
167 686 222 719 se
263 675 316 718 et
355 669 412 718 in
453 667 727 720 abstracto
760 669 1154 736 consideratae,
1213 670 1352 722 haec
1394 674 1654 724 convenit
1695 675 1940 742 opinioni

78 756 455 808 consideratae
496 759 548 808 in
594 765 846 809 concreto
891 777 1017 810 cum
1059 758 1352 827 adiunctis,
1399 779 1538 830 quae
1581 761 1731 813 illam
1775 764 1829 813 in
1861 782 1941 814 ca—

77 847 227 898 sibus
268 846 694 914 particularibus
736 847 1004 900 afficiunt.

225 950 294 992 Ex
327 949 396 992 his
428 949 710 1005 intelligitur
749 950 849 994 fieri
892 964 1035 1006 posse,
1082 955 1135 994 ut
1184 952 1335 1007 opinio
1386 954 1666 1007 speculative
1698 953 1942 1008 probabilis

76 1024 274 1079 practice
305 1037 395 1066 non
428 1023 490 1067 sit
521 1024 766 1079 probabilis
807 1029 992 1080 propter
1034 1027 1296 1069 scandalum
1330 1028 1401 1070 vel
1435 1028 1683 1082 periculum
1717 1028 1944 1082 peccandi,

77 1099 195 1152 quod
227 1098 275 1141 in
308 1101 512 1141 concreto
543 1098 797 1141 timendum
831 1103 963 1154 esset,
1009 1100 1046 1142 si
1092 1101 1192 1155 quis
1225 1103 1469 1144 secundum
1513 1102 1641 1145 illam
1687 1102 1942 1157 opinionem

84 1175 254 1227 ageret.
319 1171 390 1215 Sic
422 1172 651 1215 sententia
683 1173 805 1228 haec,
848 1174 1082 1217 mulierem
1117 1175 1163 1218 vi
1205 1189 1461 1230 oppressam
1496 1176 1549 1218 ob
1582 1180 1753 1219 metum
1787 1176 1946 1219 mortis

76 1246 255 1301 passive
302 1259 348 1289 se
395 1247 557 1290 habere
599 1260 728 1301 posse
772 1248 1065 1303 speculative,
1113 1263 1203 1292 non
1251 1253 1404 1292 autem
1454 1250 1651 1304 practice
1699 1250 1942 1305 probabilis

78 1320 258 1374 dicitur,
304 1320 410 1374 quia
452 1321 506 1363 ob
539 1334 761 1364 summam
795 1321 991 1364 hominis
1023 1323 1141 1377 lapsi
1175 1323 1517 1378 propensionem
1549 1323 1597 1367 in
1630 1337 1699 1367 res
1733 1338 1942 1368 venereas

75 1392 286 1436 imminet
318 1394 568 1448 periculum
603 1395 912 1438 consentiendi
946 1396 994 1438 in
1027 1400 1205 1451 turpem
1242 1397 1641 1452 delectationem')

227 1484 275 1534 2.
316 1484 381 1534 In
418 1485 682 1534 internam
721 1493 772 1534 et
801 1493 1100 1560 cacternam:
1141 1485 1233 1537 illa
1261 1486 1527 1537 fundatur
1555 1488 1610 1538 in
1638 1466 1943 1538 rationibus

77 1590 146 1621 ex
199 1572 317 1640 ipsa
368 1573 446 1622 lei
501 1580 700 1623 natuia
744 1550 1027 1639 desumus,
1089 1573 1226 1625 haec
1280 1577 1530 1643 ploxime
1582 1576 1846 1653 fundatur
1886 1578 1943 1627 in

75 1661 400 1711 auctoritate
455 1661 758 1726 doctorum.
839 1662 1087 1713 Externa
1144 1663 1508 1732 probabilitas
1559 1682 1656 1733 per
1711 1684 1767 1717 se
1824 1684 1943 1735 sup-

76 1739 232 1819 Ῑῖοᾞίῖ
270 1735 563 1816 internam,
607 1750 818 1801 scilicet
872 1751 1122 1803 doctores
1173 1753 1243 1804 ad
1287 1754 1576 1805 veritatem
1618 1754 1944 1822 amplecten-

79 1837 203 1889 dam
249 1857 316 1889 ex
356 1838 664 1891 rationibus
705 1840 936 1891 internis
979 1841 1371 1893 determinatos
1412 1842 1596 1895 fuisse.

223 1940 262 1970 a.
305 1927 448 1970 Prout
487 1928 634 1971 maius
667 1929 738 1971 vel
772 1928 921 1972 minus
956 1933 1023 1972 est
1057 1930 1232 1984 pondus
1265 1930 1493 1973 rationum
1528 1931 1599 1973 vel
1633 1931 1941 1986 auctoritatis,

73 2001 236 2054 quibus
268 2001 498 2045 sententia
541 2002 694 2056 aliqua
737 2002 942 2057 fulcitur,
990 2003 1129 2046 etiam
1174 2004 1317 2047 maior
1350 2005 1421 2047 vel
1471 2004 1617 2047 minor
1665 2010 1733 2048 est
1773 2006 1942 2060 gradus

73 2074 412 2129 probabilitatis
456 2075 551 2119 sive
592 2076 799 2119 internae
842 2076 937 2119 sive
979 2080 1205 2120 externae.
1270 2078 1306 2119 b.
1340 2078 1645 2121 Probabilitas
1686 2085 1838 2122 autem
1874 2092 1941 2122 ex-

73 2154 206 2192 terna
238 2163 327 2192 non
360 2154 455 2192 tam
490 2163 544 2192 ex
576 2163 761 2193 numero
794 2155 1026 2194 auctorum
1072 2165 1206 2206 quam
1253 2165 1306 2194 ex
1340 2165 1489 2195 eorum
1527 2153 1733 2196 doctrina
1765 2156 1810 2196 et
1843 2167 1941 2208 pru-

73 2223 230 2266 dentia
261 2236 342 2267 nec
372 2237 461 2266 non
494 2237 548 2267 ex
581 2224 733 2267 studio
767 2228 812 2267 et
846 2224 1104 2280 diligentia,
1145 2239 1232 2280 qua
1263 2225 1311 2269 in
1344 2227 1541 2270 veritate
1573 2227 1838 2282 indaganda
1870 2228 1939 2270 usi

71 2301 194 2350 sunt,
226 2296 460 2340 aestimari
495 2297 638 2341 debet.

230 2386 273 2438 3.
315 2387 380 2437 In
402 2385 630 2438 solidam
670 2395 722 2438 et
755 2396 980 2439 tenuem:
1023 2388 1114 2439 illa
1155 2388 1373 2441 fallibili
1416 2389 1656 2458 quidem,
1702 2398 1940 2442 attamen

70 2476 229 2543 gravi
267 2483 319 2525 et
352 2476 506 2527 firmo
538 2478 743 2527 motivo
787 2479 1156 2544 constituitur,
1200 2478 1346 2547 quod
1387 2480 1492 2529 viri
1536 2479 1822 2547 prudentis
1863 2499 1939 2530 as-

73 2581 292 2614 sensum
334 2582 464 2615 vere
507 2577 759 2629 meretur,
803 2565 941 2617 haec
980 2566 1089 2617 levi
1133 2574 1186 2618 et
1224 2568 1376 2618 inani
1422 2569 1625 2619 motivo
1669 2569 1939 2630 innititur,

72 2651 208 2703 adeo
252 2660 311 2702 ut
350 2653 672 2721 imprudens
713 2663 867 2719 esset,
911 2656 1004 2724 qui
1048 2656 1097 2707 ei
1140 2674 1423 2707 assensum
1466 2656 1769 2724 praeberet.

221 2740 383 2795 Opinio
429 2741 578 2797 igitur
623 2743 820 2786 tenuiter
863 2744 1123 2799 probabilis
1170 2757 1275 2787 vera
1333 2744 1656 2799 probabilitate
1716 2746 1940 2789 destituta

71 2814 220 2870 reipsa
240 2816 500 2870 probabilis
539 2830 626 2859 non>
667 2819 747 2860 est.
811 2817 926 2860 Sunt
966 2821 1121 2861 tamen
1170 2822 1390 2873 auctores,
1439 2819 1515 2873 qui
1562 2819 1744 2863 nomine
1792 2821 1940 2863 tenuis

71 2889 411 2943 probabilitatis
444 2891 590 2934 levem
624 2891 839 2945 aliquam,
887 2893 963 2935 sed
1011 2897 1166 2936 tamen
1209 2906 1360 2935 veram
1402 2893 1770 2947 probabilitatem
1806 2895 1940 2949 signi-

72 2964 227 3006 ficant.

220 3038 270 3089 4.
313 3039 379 3089 In
421 3047 613 3089 certam
641 3046 694 3090 et
721 3039 935 3091 dubiam
975 3048 1136 3109 prout
1177 3047 1322 3091 certo
1365 3048 1460 3091 aut
1501 3041 1668 3093 dubie
1701 3041 1787 3092 vel
1816 3060 1933 3110 pro-

73 3125 332 3177 babiliter
378 3134 592 3179 tantum
642 3129 889 3197 opinioni
932 3131 1193 3180 convenit
1240 3147 1410 3198 grave
1453 3137 1506 3181 et
1546 3130 1779 3182 solidum
1822 3130 1937 3181 fun-

75 3214 413 3282 damentum,
476 3215 622 3285 quod
664 3217 736 3268 ad
776 3235 965 3268 veram
1007 3217 1452 3286 probabilitatem
1497 3217 1936 3269 constituendam

72 3303 327 3355 sufficiat.

230 3478 259 3534 ¹)
292 3480 358 3522 Cf.
391 3476 715 3522 Lelmzznlzll.
747 3494 790 3523 n.
828 3482 895 3523 72.

64 3560 79 3608 s
314 3588 318 3593 ·
382 3564 731 3610 ff.,yf1->ff>
792 3568 852 3599 ⁷³⁴⁷*

47 3594 227 3639 412⁷)th
242 3598 266 3623 'i‘
283 3596 290 3612 ‹·
308 3600 310 3603 ’
