2269 3898
252 126 309 167 42
789 124 847 166 II.
885 125 950 166 De
982 123 1159 166 actibus
1191 124 1249 165 ad
1283 124 1419 166 finem
1457 123 1592 178 aptis.

253 259 444 310 volitas
487 277 585 309 non
632 267 705 308 est.
747 259 924 326 aqenti
962 257 1295 308 voluntarius
1350 275 1510 332 neque
1551 265 1608 308 ut
1650 256 1773 308 talis
1816 258 1865 308 ei
1905 258 2133 327 “Imputa-

256 358 374 407 tur,·
413 347 583 398 malus
626 354 797 396 (cutem
837 355 894 396 ut
932 345 1263 396 voluntarius
1305 347 1353 395 ei
1391 347 1649 415 imputari
1682 345 1921 416 potestl).

405 451 444 478 a.
493 435 631 478 Ratio
674 439 743 477 est
787 435 919 477 haec:
974 441 1028 477 ut
1069 434 1234 477 bonum
1268 438 1503 488 tamquam
1553 435 1863 478 volun-tarium
1913 435 2137 490 imputari

253 511 413 567 possit,
437 510 484 552 in
508 523 554 552 se
577 509 732 564 appeti
757 513 802 552 et
825 509 1005 552 intendi
1030 509 1177 563 debet,
1201 509 1278 552 sed
1301 515 1355 552 ut
1374 509 1543 551 malum
1569 515 1803 563 tamquam
1823 510 2136 552 voluntarium

253 584 474 640 imputari
508 583 668 638 possit,
702 583 892 638 sufficit,
926 591 979 626 ut
1012 597 1112 626 cum
1147 596 1211 633 eo,
1245 584 1363 638 quod
1396 583 1444 625 in
1480 596 1525 625 se
1559 583 1809 638 appetitur,
1844 584 2137 627 coniunctum

256 660 341 702 sit:
378 659 542 701 bonum
577 658 697 701 enim
731 658 863 712 velle,
897 659 1067 700 malum
1103 662 1256 700 autem
1281 657 1430 700 vitare
1465 657 1691 711 debemus,
1724 657 1825 700 ideo
1860 657 2023 700 bonum
2047 672 2139 701 non

256 737 325 776 est
356 733 686 787 voluntarium,
730 732 819 774 nisi
859 732 976 775 illud
1011 732 1220 785 velimus,
1270 733 1440 774 malum
1487 735 1640 774 autem
1681 732 1773 774 iam
1818 736 2027 775 censetur
2067 746 2140 775 vo-

255 808 522 862 luntarium,
558 809 595 850 si
628 808 745 849 illud
777 820 866 850 non
900 807 1100 849 vitemus
1132 808 1204 850 vel
1237 820 1326 849 non
1359 806 1678 861 impediamus.

406 883 442 924 b.
478 882 701 925 Scribenti
736 882 901 925 bonum
935 882 1101 924 librum
1135 882 1249 924 lucri
1283 881 1481 924 faciendi
1515 895 1651 924 causa
1683 881 1787 923 boni
1821 882 2012 925 effectus
2035 881 2140 924 libri

257 957 342 1000 etsi
376 955 573 1011 praevisi
605 970 695 998 non
729 956 1035 1010 imputantur,
1067 955 1157 998 nisi
1181 969 1254 998 eos
1276 955 1514 1008 intendat3
1551 955 1766 998 scribenti
1791 959 1945 998 autem
1972 955 2139 998 librum

257 1045 447 1086 pravum
484 1031 597 1073 lucri
630 1030 829 1073 faciendi
864 1044 998 1073 causa
1031 1030 1141 1073 mali
1165 1032 1356 1073 effect-us
1382 1030 1580 1084 praevisi
1604 1030 1910 1084 imputantur,
1946 1020 2142 1073 etsieos

256 1120 346 1149 non
378 1106 606 1148 intendat.
640 1130 696 1134 -
730 1105 798 1155 Ei,
842 1105 919 1158 qui
960 1111 1271 1159 temperanter
1304 1105 1438 1159 vivit,
1483 1112 1537 1147 ut
1580 1104 1808 1147 sumtibus
1849 1108 2023 1159 parcat,
2064 1105 2142 1147 sed

256 1194 345 1223 non
385 1194 546 1222 curans
580 1179 801 1222 Virtutem
850 1179 1198 1233 temperantiae,
1247 1178 1398 1221 virtus
1438 1192 1529 1220 non
1568 1178 1844 1233 imputatur,
1894 1179 1981 1222 etsi
2027 1179 2144 1222 sciat

257 1268 354 1297 eam
389 1255 471 1297 hoc
505 1255 634 1297 modo
669 1253 883 1304 exerceri3
919 1253 959 1296 ei
992 1259 1162 1307 autem,
1197 1253 1272 1307 qui
1296 1252 1596 1295 immoderate
1618 1252 1748 1307 bibit,
1781 1252 2142 1308 intemperantia

257 1330 530 1384 imputatur,
567 1329 653 1372 etsi
688 1342 785 1372 eam
819 1329 977 1383 nollet,
1012 1328 1143 1370 modo
1177 1328 1235 1370 ad
1269 1341 1365 1371 eam
1400 1328 1629 1370 advertat.

411 1478 504 1531 34.
559 1478 678 1529 Iam
733 1479 1032 1547 quaeritur,
1089 1496 1220 1528 num
1275 1479 1454 1528 omnis
1510 1478 1739 1528 effectus
1795 1475 1972 1527 malus
2022 1495 2144 1527 cen-

261 1576 444 1619 seatur
511 1567 858 1619 voluntarius
926 1579 978 1618 et
1042 1575 1329 1636 tamquam
1396 1566 1746 1617 voluntarius
1821 1568 2143 1635 imputetur,

262 1659 392 1727 quia
459 1659 577 1708 eius
639 1675 805 1708 causa
866 1656 1180 1708 voluntaria
1238 1665 1333 1709 est.
1431 1655 1520 1706 Ad
1580 1655 1683 1706 hoc
1749 1654 2147 1707 declarandum

261 1748 439 1798 notari
483 1747 672 1798 debet:

411 1835 528 1878 Sunt
576 1849 750 1890 causae,
794 1849 908 1889 quae
949 1835 1006 1878 ad
1049 1849 1189 1878 unum
1235 1837 1450 1878 effectum
1492 1834 1831 1888 producendum
1864 1840 2032 1877 natura
2065 1848 2149 1877 sua

264 1910 595 1954 determinatae
628 1916 758 1960 sunt;
806 1910 869 1953 sic
913 1909 1036 1964 ignis
1070 1910 1126 1951 ad
1161 1909 1289 1964 ligna
1323 1909 1581 1964 applicatus
1615 1911 1672 1952 ad
1706 1911 1815 1953 haec
1847 1909 2152 1953 comburenda

263 1986 594 2028 determinatus
628 1992 716 2036 est;
760 1991 806 2027 et
839 1988 945 2027 sunt
980 1997 1156 2037 causae,
1199 1997 1312 2038 quae
1353 1985 1409 2027 ad
1453 1984 1563 2027 duos
1605 1986 1796 2027 effectus
1838 1984 2151 2038 producendos

264 2060 597 2103 determinatae
640 2064 760 2102 sunt.
828 2058 912 2112 Qui
947 2059 1051 2101 vult
1091 2073 1272 2102 causam
1318 2059 1482 2113 prioris
1515 2059 1710 2114 generis,
1751 2058 2002 2101 necessario
2045 2058 2148 2101 vult

262 2133 402 2177 etiam
437 2134 666 2187 effectum,
701 2132 777 2187 qui
811 2143 931 2176 recte
964 2132 1004 2176 ei
1038 2138 1273 2186 tamquam
1307 2132 1597 2174 voluntarius
1630 2131 1904 2187 imputatur.

412 2208 457 2250 Si
492 2222 627 2251 causa
659 2208 717 2250 ad
763 2209 873 2251 duos
917 2210 1108 2251 effectus
1152 2208 1464 2261 producendos
1509 2206 1817 2250 determinata
1859 2211 1942 2253 est,
1986 2205 2034 2247 hi
2077 2206 2150 2248 vel

264 2289 371 2326 sunt
405 2283 704 2337 subordinati,
755 2289 809 2326 ut
856 2283 973 2326 alter
1014 2282 1075 2326 sit
1119 2296 1253 2325 causa
1293 2282 1498 2336 alterius,
1546 2289 1600 2324 ut
1644 2281 1681 2324 si
1723 2280 1823 2335 quis
1857 2280 2063 2335 explodit
2096 2280 2144 2322 111

263 2364 439 2413 patrem
473 2358 691 2412 familias,
732 2357 861 2400 cuius
905 2362 1050 2400 morte
1093 2357 1429 2400 sustentatione
1470 2357 1714 2411 privantur
1757 2354 1864 2406 filii;
1916 2355 1988 2397 vel
2037 2359 2148 2397 sunt

264 2433 530 2486 coordinati,
576 2441 629 2475 11ῖ
672 2433 790 2475 alter
833 2446 922 2475 non
956 2432 1018 2474 sit
1051 2445 1186 2475 causa
1218 2431 1422 2474 alterius.
1489 2430 1574 2483 Qui
1615 2430 1719 2472 vult
1760 2442 1941 2472 causam
1985 2428 2150 2484 prioris

264 2508 459 2563 generiS,
491 2508 659 2551 iterum
692 2507 944 2550 necessario
977 2508 1081 2549 vult
1112 2511 1360 2560 utrumque
1393 2508 1623 2559 effectum,
1664 2510 1711 2548 et
1743 2510 1935 2558 uterque
1967 2504 2066 2546 iure
2098 2517 2150 2547 ac

263 2583 426 2626 merito
459 2582 499 2625 ei
532 2583 804 2637 imputatur.

414 2657 457 2699 Si
494 2658 581 2700 duo
614 2658 804 2701 effectus
839 2662 946 2700 sunt
972 2655 1242 2710 coordinati,
1287 2655 1386 2698 fieri
1420 2659 1587 2710 potest,
1621 2657 1673 2696 ut
1707 2667 1847 2708 aeque
1880 2652 2149 2696 immediate

268 2745 321 2775 ex
355 2745 490 2774 causa
523 2732 785 2786 procedant,
820 2731 926 2785 quia
959 2744 1094 2773 causa
1127 2731 1185 2773 ad
1217 2737 1464 2783 utrumque
1497 2729 1835 2783 producendum
1866 2731 2035 2771 natura
2068 2741 2150 2770 sua

266 2806 573 2849 determinata
607 2811 690 2860 est,
723 2809 776 2848 11ῖ
807 2806 844 2848 ε1
869 2805 1110 2858 chirurgus
1132 2805 1415 2859 amputando
1438 2803 1671 2846 brachium
1694 2803 1879 2845 infirmo
1902 2802 2150 2845 sanitatem

1017 2897 1029 2923 Ι

424 2970 451 3021 ’>
494 2969 737 3024 Impulatio
786 2982 839 3012 ex
883 2969 1111 3012 communi
1155 2964 1390 3011 hominum
1439 2967 1701 3021 acceptione
1733 2972 1779 3010 et
1812 2980 1898 3010 usu
1931 2971 2001 3010 est
2032 2967 2148 3010 iudi-

268 3044 402 3098 cium,
451 3057 536 3097 quo
586 3052 715 3086 actus
765 3044 901 3086 alicui
948 3043 1171 3086 tribuitur
1215 3048 1449 3096 tamquam
1492 3041 1673 3095 proprio
1717 3041 1845 3084 illius
1890 3041 2065 3084 auctori
2098 3055 2151 3084 ac

269 3118 471 3161 domino:
525 3119 850 3174 inmutabilitas
883 3123 951 3162 est
984 3119 1066 3161 illa
1113 3123 1243 3161 actus
1283 3117 1355 3159 rel
1394 3116 1585 3158 effectus
1623 3115 1892 3170 proprietas,
1938 3115 1984 3157 vi
2022 3115 2150 3158 cuius

268 3193 341 3235 hic
385 3193 520 3235 alicui
563 3198 796 3246 tamquam
848 3193 1028 3247 proprio
1081 3206 1160 3235 suo
1209 3191 1384 3234 auctori
1428 3205 1478 3233 ac
1523 3191 1704 3233 domino
1749 3191 1892 3235 tribui
1926 3191 2072 3246 possit
2103 3195 2150 3233 et

270 3267 443 3310 debeat.
507 3268 650 3310 Prout
689 3272 818 3309 actus
860 3274 967 3310 sunt
1016 3267 1118 3310 boni
1152 3267 1223 3309 vel
1268 3265 1392 3319 mali,
1436 3264 1731 3318 imputantur
1761 3266 1834 3308 vel
1877 3266 1936 3309 ad
1967 3265 2151 3308 laudem

269 3342 340 3383 vel
385 3342 441 3383 ad
487 3342 680 3396 culpam.
745 3341 1113 3384 Fundamentum
1155 3348 1309 3385 autem
1357 3341 1742 3396 imputabilitatis
1783 3345 1851 3385 est
1894 3340 2037 3383 libera
2078 3353 2151 3383 vo-

269 3416 445 3458 luntas:
493 3430 570 3470 per
612 3417 725 3459 hanc
771 3416 889 3459 enim
932 3430 1072 3471 agens
1113 3417 1415 3460 constituitur
1455 3421 1614 3460 auctor
1645 3421 1691 3460 et
1725 3414 1934 3459 dominus
1967 3428 2150 3457 suorum

270 3493 467 3531 actuum.
