2269 3898
651 153 717 195 De
751 152 1046 196 dissolutione
1078 154 1371 197 matrimonii.
1856 157 1939 200 189

80 282 371 325 determinari
421 282 575 326 debet:
626 297 738 338 quae
771 284 889 327 enim
939 284 995 328 ab
1041 286 1256 329 uxoribus
1303 287 1490 341 plebeiis
1537 288 1658 331 levia
1704 289 1940 344 habentur,

79 356 348 399 honestioris
382 356 656 400 condicionis
688 358 816 401 uxori
851 358 1159 402 intolerabilia
1190 360 1335 404 videri
1369 363 1609 416 possunt'l.

229 446 276 497 3.
322 444 552 497 Molesta
592 447 927 511 colzabz‘tatiO,
984 466 1124 516 quae
1174 450 1302 499 oriri
1343 457 1520 518 potest
1560 469 1629 501 ex
1671 454 1944 504 continuis

80 535 270 601 iurgiis
311 542 364 584 et
404 535 563 598 rixis,
602 534 690 585 vel
732 554 801 586 ex
842 537 1150 588 inveterata
1198 539 1485 589 aversione
1540 548 1592 590 et
1640 539 1781 605 odio,
1837 558 1942 609 quo

79 641 189 674 una
228 641 355 692 pars
404 623 576 674 fertur
624 626 681 676 in
735 624 994 691 alteram3
1050 627 1106 676 in
1157 626 1427 677 eiusmodi
1478 628 1748 695 coniugiis
1800 628 1942 679 salus

79 713 296 763 animae
338 719 390 763 et
431 714 672 781 corporis
712 713 1068 782 periclitatur.

226 815 310 858 His
344 815 565 859 accenseri
609 821 760 871 potest
793 817 932 859 etiam
955 817 1231 872 pericnlum,
1279 818 1396 871 quod
1440 817 1649 861 imminet
1694 819 1819 862 bonis
1843 821 1942 875 for-

78 892 213 931 tunae
243 889 411 944 uxoris,
444 889 481 932 si
515 890 597 932 hoc
628 889 877 943 periculum
911 890 1000 933 alio
1035 890 1182 933 medio
1214 891 1432 934 removeri
1465 905 1554 934 non
1587 895 1752 947 potest.

231 1037 362 1091 177.
417 1038 501 1091 De
550 1038 724 1091 modo
774 1037 1082 1091 faciendae
1125 1040 1544 1106 separationis
1627 1043 1672 1091 1.
1716 1041 1944 1110 Propter

80 1126 400 1177 adulterium
453 1128 569 1178 sive
623 1125 899 1177 occultum
954 1129 1070 1178 sive
1126 1127 1409 1196 publicum
1454 1131 1721 1197 separatio
1764 1132 1940 1199 quoad

79 1225 254 1266 torum
298 1225 351 1266 et
390 1215 788 1267 habitationem
832 1234 928 1284 per
969 1234 1023 1268 se
1064 1216 1181 1267 fieri
1225 1225 1400 1284 potest
1446 1219 1675 1286 propria
1718 1220 1944 1270 auctori-

80 1313 201 1367 tate,
257 1304 418 1356 modo
469 1306 676 1356 crimen
727 1305 796 1356 sit
847 1304 1126 1356 moraliter
1167 1313 1392 1359 certum.
1477 1304 1622 1370 Quia
1663 1315 1847 1358 tamen
1888 1309 1943 1358 in

79 1411 209 1444 casu
251 1392 509 1444 adulterii
552 1393 751 1445 occulti
794 1395 1066 1463 separatio
1108 1395 1371 1463 privatim
1424 1395 1568 1446 facta
1623 1395 1944 1466 plerumque

79 1482 401 1534 scandalum
454 1481 726 1551 producit,
786 1482 1062 1534 ordinarie
1118 1482 1232 1534 sola
1286 1485 1556 1551 separatio
1607 1502 1638 1535 a
1686 1492 1801 1536 toro
1843 1487 1946 1554 pri·

77 1573 250 1623 vatim
290 1572 408 1623 fieri
448 1571 589 1625 iicet.

228 1662 276 1712 2.
319 1661 551 1729 Propter
592 1659 735 1711 alia-s
777 1679 964 1711 accusas
1006 1661 1278 1729 separatio
1322 1661 1545 1711 iuridice
1594 1662 1712 1714 fieri
1756 1661 1943 1713 debet:

79 1748 339 1818 obligatio
384 1751 529 1801 enim
578 1748 800 1819 publice
844 1757 1141 1815 contracta,
1195 1748 1422 1819 publica
1475 1752 1638 1802 etiam
1683 1750 1945 1803 ecclesiae

78 1841 403 1891 auctoritate
446 1839 712 1890 solvenda
754 1846 848 1892 est.
922 1839 1308 1908 Excipiendus
1353 1846 1431 1890 est
1470 1858 1642 1906 cast1S,
1675 1858 1779 1909 quo
1811 1842 1944 1909 peri-

79 1927 263 1979 culum
306 1931 375 1979 sit
415 1930 473 1980 in
514 1946 682 1994 mora,
726 1945 832 1997 quo
875 1946 1001 1997 pars
1038 1929 1304 1979 innocens
1333 1928 1574 1980 iudicem
1604 1928 1756 1980 adire
1785 1929 1944 1981 facile

80 2025 314 2087 nequeat
350 2016 439 2068 vel
474 2035 579 2087 quo
608 2035 832 2068 causam
862 2018 1224 2086 separationis
1254 2017 1500 2086 alioquin
1528 2026 1733 2068 certam
1764 2036 1945 2069 coram

79 2105 264 2159 iudice
306 2106 436 2157 satis
476 2105 710 2175 probare
753 2124 860 2157 non
904 2106 1147 2175 posset2).

227 2269 394 2323 Nota.
472 2270 599 2321 Duo
641 2288 738 2338 pro
780 2271 939 2339 praxi
982 2271 1191 2321 moneri
1235 2268 1453 2320 debent.

229 2388 269 2416 a.
303 2373 391 2416 Nec
435 2372 677 2427 coniugum
725 2386 806 2416 nec
854 2372 1098 2428 potestatis
1147 2372 1295 2415 civilis
1345 2373 1421 2415 sed
1471 2372 1610 2415 solius
1657 2372 1946 2416 auctoritatis

79 2447 408 2492 ecclesiasticae
440 2451 507 2490 est
542 2460 720 2490 causam
757 2447 1056 2502 separationis
1087 2447 1345 2490 examinare
1378 2452 1424 2490 et
1458 2447 1644 2490 divortii
1671 2447 1945 2490 sententiam

79 2522 387 2578 pronuntiare.
453 2521 598 2575 Quare
620 2523 840 2577 parochus
874 2523 945 2565 vel
979 2520 1277 2565 confessarius
1301 2520 1535 2575 coniugem
1563 2534 1743 2564 causam
1776 2533 1949 2575 separa-

79 2597 219 2640 tionis
237 2597 610 2651 praetendentem
629 2598 686 2640 ad
704 2597 899 2640 iudicem
918 2595 1270 2640 ecclesiasticum
1287 2595 1481 2650 dirigere
1496 2594 1639 2638 debet.
1666 2594 1781 2648 Quia
1793 2599 1946 2639 tamen

80 2670 212 2714 hodie
244 2671 402 2713 fideles
444 2684 578 2726 aegre
620 2671 784 2714 adduci
826 2674 1031 2726 possunt,
1074 2673 1127 2712 ut
1159 2669 1217 2712 ad
1256 2669 1452 2712 iudicem
1493 2668 1846 2712 ecclesiasticum
1886 2682 1947 2712 re-

81 2748 278 2798 currant,
312 2744 492 2800 saepius
524 2744 790 2800 praestabit,
823 2749 877 2788 ut
909 2743 1210 2788 confessarius
1239 2757 1386 2786 coram
1419 2743 1491 2797 iis,
1525 2742 1599 2797 qui
1633 2743 1749 2785 hanc
1781 2742 1946 2798 obliga-

79 2819 250 2863 tionem
284 2819 515 2874 ignorant,
564 2833 661 2863 eam
696 2819 968 2873 dissimulet,
1019 2819 1149 2862 modo
1195 2822 1318 2861 certa
1357 2817 1418 2860 sit
1461 2829 1595 2860 causa
1635 2816 1946 2872 separationis.

82 2893 204 2947 Quae
238 2893 544 2937 dissimulatio
587 2893 852 2948 praesertim
897 2899 997 2936 tum
1042 2892 1221 2936 suaderi
1268 2891 1413 2946 debet,
1457 2905 1555 2934 cum
1602 2891 1814 2946 coniuges
1854 2891 1949 2935 sive

81 2967 264 3023 propria
295 2967 391 3011 sive
421 2967 586 3011 iudicis
611 2967 760 3010 civilis
783 2967 1059 3011 auctoritate
1090 2967 1138 3010 in
1172 2967 1288 3009 bona
1309 2967 1400 3009 fide
1423 2967 1513 3008 iam
1538 2956 1735 3020 separati
1770 2965 1947 3019 vivunt,

81 3042 212 3085 modo
243 3055 333 3085 non
366 3041 513 3085 subsit
545 3043 820 3085 scandalum.

231 3116 267 3158 b.
302 3116 468 3160 Cavere
502 3116 634 3160 debet
666 3116 980 3170 confessarius,
1026 3129 1082 3159 ne
1113 3114 1327 3159 uxoribus
1374 3115 1427 3157 de
1471 3114 1676 3158 saevitiis
1725 3118 1770 3156 et
1818 3114 1948 3156 moie-

82 3189 184 3232 stiis
216 3189 373 3232 mariti
397 3189 773 3244 conquerentibus
794 3190 929 3233 facile
962 3191 1116 3233 credat
1148 3202 1260 3232 neve
1283 3188 1614 3244 separationem
1649 3188 1794 3242 quoad
1826 3186 1945 3230 habi-

82 3263 302 3307 tationem
353 3267 434 3306 aut
483 3264 688 3306 consulat
737 3268 819 3307 aut
850 3263 1106 3319 permittat.
1172 3263 1326 3307 Solent
1373 3263 1491 3307 enim
1541 3275 1741 3305 morosae
1786 3273 1946 3304 uxores

237 3427 268 3480 1·)
298 3426 781 3469 BallerinzT-Palmieri
808 3427 885 3469 VI.
918 3440 962 3469 n.
995 3426 1095 3469 507.

238 3498 267 3554 ²)
301 3500 346 3543 S.
379 3500 637 3556 Alplzonsus
667 3513 708 3542 n.
745 3501 844 3543 971.
