2269 3898
650 133 716 174 De
748 131 1090 186 impedimentis
1123 131 1420 174 matrimonii.
1889 131 1973 172 117

246 267 384 310 Ratio
419 265 662 308 dubitandi
697 272 781 319 est,
816 265 921 319 quia
955 264 1194 308 concilium
1229 263 1550 318 tridentinum,
1582 263 1660 306 ubi
1693 262 1974 306 affinitatem

92 355 151 385 ex
185 342 345 397 copula
376 340 543 383 illicita
577 344 723 382 ortam
767 339 1008 394 restringit
1053 339 1112 382 ad
1156 338 1402 381 secundum
1447 338 1659 392 gradum,
1701 336 1853 379 utitur
1895 343 1978 379 ter-

95 416 218 459 mino
252 428 306 458 ex
330 414 642 471 fornicatione
676 419 849 463 ortum;
896 414 1025 468 atqui
1069 427 1221 456 omnes
1263 413 1513 456 concedunt
1546 412 1595 455 in
1628 411 1870 466 adulterio,
1914 411 1977 454 in-

92 495 223 534 cestu
256 495 302 533 et
335 488 573 543 sacrilegio
605 501 759 530 veram
793 487 948 531 haberi
981 487 1300 531 fornicationis
1334 487 1542 542 speciem,
1575 486 1784 529 nonnulli
1818 490 1972 529 autem

96 565 346 620 opinantur
378 563 584 618 copulam
618 562 666 604 in
700 562 992 605 matrimonio
1025 562 1230 605 invalido
1275 561 1481 605 habitam
1525 575 1615 604 non
1656 574 1751 604 esse
1797 559 1977 615 proprie

93 638 402 691 fornicariam,
449 636 717 692 praesertim
765 637 801 679 si
848 636 1193 680 matrimonium
1227 641 1295 679 est
1330 637 1596 690 putativum
1630 640 1728 677 tum
1764 648 1818 678 ex
1848 638 1978 689 parte

93 712 446 756 communitatis
481 717 579 754 tum
614 724 667 754 ex
701 717 831 766 parte
865 712 1126 766 coniugum.

246 862 366 916 116.
431 860 714 914 Affinitas
758 862 1185 928 superveniens
1243 860 1658 911 matrimonium
1713 860 1814 909 rite
1858 876 1978 909 con-

96 960 336 1003 tractum
381 950 637 1002 dirimere
680 953 886 1019 nequit,
946 950 1094 1002 hunc
1135 960 1320 1003 tamen
1377 950 1633 1000 effectum
1677 947 1860 1012 habet,
1920 956 1978 997 ut

99 1060 240 1110 pars,
286 1058 426 1110 quae
457 1047 747 1108 peccatum
778 1041 1066 1105 commisit,
1112 1040 1361 1091 debitum
1390 1047 1575 1107 petere
1618 1055 1728 1088 non
1769 1037 1979 1105 possit3

98 1129 236 1182 illud
296 1137 481 1180 autem
538 1129 767 1180 reddere
824 1137 1056 1195 tenetur,
1120 1131 1163 1180 si
1224 1147 1351 1197 pars
1413 1129 1679 1179 innocens
1731 1125 1979 1178 debitum

99 1229 264 1290 petat.
344 1218 521 1270 Immo
566 1220 609 1270 si
652 1221 770 1288 ipse
823 1220 1165 1270 incestuosus
1220 1221 1275 1269 in
1329 1219 1487 1286 gravi
1543 1217 1982 1268 incontinentiae

100 1309 343 1379 periculo
387 1317 653 1376 versatur,
702 1327 803 1359 nec
846 1309 1030 1359 statim
1061 1308 1528 1377 dispensationem
1558 1314 1743 1376 petere
1786 1312 1980 1374 potest,

99 1399 227 1451 licet
268 1400 316 1450 ei
348 1398 595 1449 debitum
627 1406 844 1467 petere:
888 1397 975 1449 lex
1021 1400 1167 1449 enim
1211 1396 1583 1448 ecclesiastica
1625 1413 1734 1446 non
1776 1394 1984 1462 obligat

101 1508 227 1540 cum
272 1496 421 1540 tanto
465 1487 833 1540 incommode.

251 1593 292 1620 a.
327 1578 438 1621 Cum
473 1579 554 1620 hoc
587 1577 968 1632 impedimentum
1002 1576 1227 1618 rationem
1257 1588 1430 1630 poenae
1464 1574 1645 1630 habeat,
1689 1574 1745 1618 ab
1791 1587 1840 1617 eo
1890 1587 1985 1616 con-

100 1654 324 1697 trahendo
360 1657 545 1696 excusat
580 1658 680 1695 tum
715 1651 977 1706 {qnorantia
1007 1650 1142 1707 facti,
1176 1663 1414 1705 personam
1448 1663 1609 1704 nempe
1644 1662 1738 1692 esse
1762 1646 1984 1702 comparti

100 1728 504 1783 consanguineam,
538 1733 637 1769 tum
672 1726 939 1781 ignorantia
975 1726 1110 1777 z'm·1'5‚
1145 1725 1261 1780 legis
1295 1725 1470 1768 scilicet
1502 1724 1622 1767 hunc
1656 1724 1881 1766 incestum
1917 1735 1986 1777 pe-

99 1803 336 1847 culiariter
380 1802 689 1858 prohibentis,
739 1809 783 1845 et
817 1801 1083 1857 ignorantia
1116 1814 1319 1856 poenae.
1359 1799 1476 1855 legis
1510 1798 1682 1842 scilicet
1714 1797 1762 1840 in
1797 1810 1985 1852 poenam

99 1878 379 1934 imponentis
425 1878 729 1932 privationem
770 1877 883 1919 iuris
928 1876 1111 1931 petendi
1158 1874 1390 1918 debitum:
1444 1874 1499 1917 ab
1552 1872 1823 1916 incurrentia
1867 1870 1985 1914 enim

103 1966 246 2008 poena
279 1952 409 2007 gravi
445 1958 490 1995 et
523 1951 887 1995 extraordinaria
938 1957 1125 1994 excusat
1174 1949 1461 2005 ignorantia;
1512 1947 1641 2002 atqui
1690 1948 1797 1990 haec
1845 1958 1988 2001 poena

98 2033 311 2071 censetur
344 2027 499 2082 gravis
532 2031 575 2069 et
611 2026 1031 2077 ext1·a01·dinaria³).

254 2102 291 2146 b.
326 2101 552 2156 Coniuges
585 2101 850 2156 plerumque
883 2101 999 2143 hanc
1033 2113 1222 2155 poenam
1256 2099 1496 2154 ignorant;
1533 2111 1670 2153 quare
1704 2097 1740 2140 si
1765 2095 1986 2140 eiusmodi

102 2177 326 2220 incestum
361 2178 654 2230 confitentur,
689 2176 742 2218 de
775 2189 827 2218 ea
859 2174 1070 2218 monendi
1105 2180 1227 2227 sunt,
1259 2179 1313 2217 ut
1354 2173 1401 2216 in
1444 2176 1676 2228 posterum
1717 2170 1884 2214 certius
1933 2168 1988 2213 ab

104 2252 187 2294 hoc
220 2250 407 2294 crimine
440 2250 717 2293 abstineant.

254 2340 287 2369 e.
323 2325 497 2369 Coniux
530 2325 691 2380 igitur,
725 2324 800 2379 qui
835 2324 927 2366 tale
961 2328 1196 2378 peccatum
1230 2321 1460 2366 commisit
1503 2325 1549 2365 et
1589 2321 1689 2365 ideo
1735 2334 1835 2363 cum
1878 2333 1988 2362 com-

103 2406 237 2456 parte
271 2400 554 2443 affinitatem
589 2399 834 2453 contraxit,
876 2398 1215 2453 dispensatione
1263 2397 1460 2452 indiget,
1507 2401 1562 2440 ut
1608 2396 1736 2439 licite
1784 2394 1988 2438 debitum

105 2480 259 2530 petere
290 2475 450 2530 possit.
514 2474 913 2529 Dispensationem
949 2472 1154 2516 concedit
1187 2472 1437 2528 episcopUS,
1471 2471 1548 2526 qui
1584 2473 1861 2526 potestatem
1906 2468 1990 2512 dis-

106 2550 328 2604 pensandi
362 2551 500 2593 etiam
547 2549 651 2593 aliis
696 2550 904 2604 delegare
948 2554 1120 2603 potest:
1169 2561 1223 2591 ex
1262 2547 1505 2603 privilegio
1548 2546 1715 2590 summi
1756 2543 1988 2600 pontificis

104 2624 368 2679 dispensare
399 2630 591 2679 possunt
625 2624 764 2667 etiam
797 2625 1044 2679 regulares.
1110 2622 1255 2676 Quare
1289 2621 1590 2666 confessarius
1625 2621 1879 2675 coniugem,
1913 2619 1989 2674 qui

107 2704 292 2754 propter
324 2699 606 2742 affinitatem
640 2699 1034 2754 supervenientem
1068 2698 1139 2741 ius
1172 2697 1357 2753 petendi
1392 2696 1563 2751 amisit,
1596 2700 1678 2739 aut
1723 2696 1780 2738 ad
1826 2696 1989 2737 confes-

105 2773 277 2817 sarium
310 2773 566 2828 regularem
600 2773 786 2817 mittere
819 2777 901 2816 aut
934 2773 1020 2816 sibi
1054 2772 1110 2816 ab
1144 2772 1351 2828 episcopo
1386 2772 1657 2815 facultatem
1694 2769 1987 2825 dispensandi

112 2861 351 2904 procurare
385 2847 587 2904 potest2).

674 2999 706 3053 ,ῥ’
739 3000 824 3042 11.
872 2999 1110 3042 Publica
1141 2999 1419 3041 honestas.

263 3118 394 3171 117.
437 3118 660 3171 Natura
686 3117 1123 3185 impedimenti.
1167 3118 1214 3169 1.
1253 3116 1718 3186 impedimentum
1746 3113 1991 3185 publicae

105 3209 398 3259 honestatis
452 3209 509 3257 in
588 3225 648 3258 eo
709 3207 974 3272 consistit,
1039 3206 1185 3276 quod
1248 3206 1660 3256 matrimonium
1723 3206 1866 3255 inter
1931 3220 1992 3253 eo

267 3356 298 3410 ¹)
332 3356 398 3399 Cf.
434 3356 478 3399 C.
515 3354 561 3398 si
594 3355 693 3409 quis
729 3358 752 3396 1
787 3355 859 3398 De
892 3368 954 3409 eo,
991 3354 1068 3410 qni
1098 3355 1299 3410 cofflzozrit
1327 3354 1421 3408 (IV.
1457 3355 1541 3408 13),
1575 3353 1652 3396 ubi
1686 3365 1829 3407 poena
1852 3350 1891 3395 ei
1914 3351 1993 3394 im-

110 3430 315 3486 ponitur,
350 3430 426 3484 qui
459 3430 656 3473 scienter
689 3429 942 3473 fornicatus
975 3433 1058 3472 est.

269 3502 299 3559 2)
331 3505 397 3548 Cf.
433 3505 505 3547 De
538 3506 666 3547 sexto
690 3506 936 3560 praecepto
970 3506 1049 3547 etc.
1083 3517 1127 3547 n.
1161 3503 1231 3547 92.
