<?xml version="1.0" encoding="UTF-8"?>
<!DOCTYPE html PUBLIC "-//W3C//DTD XHTML 1.0 Transitional//EN"
    "http://www.w3.org/TR/xhtml1/DTD/xhtml1-transitional.dtd">
<html xmlns="http://www.w3.org/1999/xhtml" xml:lang="en" lang="en">
 <head>
  <title>
</title>
<meta http-equiv="Content-Type" content="text/html;charset=utf-8" />
  <meta name='ocr-system' content='tesseract 3.04.00' />
  <meta name='ocr-capabilities' content='ocr_page ocr_carea ocr_par ocr_line ocrx_word'/>
</head>
<body>
  <div class='ocr_page' id='page_1' title='image "./summatheologiaem00nold_0212.png"; bbox 0 0 2269 3898; ppageno 0'>
   <div class='ocr_carea' id='block_1_1' title="bbox 749 967 1760 1065">
    <p class='ocr_par' dir='ltr' id='par_1_1' title="bbox 749 967 1760 1065">
     <span class='ocr_line' id='line_1_1' title="bbox 749 967 1760 1065; baseline -0.003 -17"><span class='ocrx_word' id='word_1_1' title='bbox 749 967 1114 1048; x_wconf 82' lang='lat' dir='ltr'>Liber</span> <span class='ocrx_word' id='word_1_2' title='bbox 1206 968 1760 1065; x_wconf 59' lang='lat' dir='ltr'>quartus</span> 
     </span>
    </p>
   </div>
   <div class='ocr_carea' id='block_1_2' title="bbox 975 1147 1549 1227">
    <p class='ocr_par' dir='ltr' id='par_1_2' title="bbox 975 1147 1549 1227">
     <span class='ocr_line' id='line_1_2' title="bbox 975 1147 1549 1227; baseline -0.007 -15"><span class='ocrx_word' id='word_1_3' title='bbox 975 1149 1054 1212; x_wconf 88' lang='lat' dir='ltr'>De</span> <span class='ocrx_word' id='word_1_4' title='bbox 1105 1147 1549 1227; x_wconf 72' lang='lat' dir='ltr'>conscient1a1).</span> 
     </span>
    </p>
   </div>
   <div class='ocr_carea' id='block_1_3' title="bbox 650 1401 1866 1623">
    <p class='ocr_par' dir='ltr' id='par_1_3' title="bbox 650 1401 1866 1623">
     <span class='ocr_line' id='line_1_3' title="bbox 933 1401 1593 1487; baseline -0.002 -18"><span class='ocrx_word' id='word_1_5' title='bbox 933 1401 1274 1487; x_wconf 74' lang='lat' dir='ltr'>Quaestio</span> <span class='ocrx_word' id='word_1_6' title='bbox 1322 1402 1593 1484; x_wconf 79' lang='lat' dir='ltr'>prima.</span> 
     </span>
     <span class='ocr_line' id='line_1_4' title="bbox 650 1568 1866 1623; baseline -0.002 0"><span class='ocrx_word' id='word_1_7' title='bbox 650 1571 756 1623; x_wconf 87' lang='lat' dir='ltr'>De</span> <span class='ocrx_word' id='word_1_8' title='bbox 823 1570 1154 1622; x_wconf 71' lang='lat' dir='ltr'>natura</span> <span class='ocrx_word' id='word_1_9' title='bbox 1221 1568 1866 1623; x_wconf 69' lang='lat' dir='ltr'>eonscientiae.</span> 
     </span>
    </p>
   </div>
   <div class='ocr_carea' id='block_1_4' title="bbox 979 1728 1553 1803">
    <p class='ocr_par' dir='ltr' id='par_1_4' title="bbox 979 1728 1553 1803">
     <span class='ocr_line' id='line_1_5' title="bbox 979 1728 1553 1803; baseline 0.005 -17"><span class='ocrx_word' id='word_1_10' title='bbox 979 1728 1275 1787; x_wconf 78' lang='lat' dir='ltr'>Articulus</span> <span class='ocrx_word' id='word_1_11' title='bbox 1315 1730 1553 1803; x_wconf 53' lang='lat' dir='ltr'>primum</span> 
     </span>
    </p>
   </div>
   <div class='ocr_carea' id='block_1_5' title="bbox 876 1866 1648 1916">
    <p class='ocr_par' dir='ltr' id='par_1_5' title="bbox 876 1866 1648 1916">
     <span class='ocr_line' id='line_1_6' title="bbox 876 1866 1648 1916; baseline 0.003 -11"><span class='ocrx_word' id='word_1_12' title='bbox 876 1867 954 1906; x_wconf 90' lang='lat' dir='ltr'>De</span> <span class='ocrx_word' id='word_1_13' title='bbox 988 1866 1316 1906; x_wconf 77' lang='lat' dir='ltr'>conscientia</span> <span class='ocrx_word' id='word_1_14' title='bbox 1348 1866 1406 1906; x_wconf 79' lang='lat' dir='ltr'>in</span> <span class='ocrx_word' id='word_1_15' title='bbox 1439 1877 1648 1916; x_wconf 81' lang='lat' dir='ltr'>genere.</span> 
     </span>
    </p>
   </div>
   <div class='ocr_carea' id='block_1_6' title="bbox 317 2011 2201 2262">
    <p class='ocr_par' dir='ltr' id='par_1_6' title="bbox 317 2011 2201 2262">
     <span class='ocr_line' id='line_1_7' title="bbox 466 2011 2201 2067; baseline -0.002 0"><span class='ocrx_word' id='word_1_16' title='bbox 466 2013 586 2067; x_wconf 81' lang='grc'>181.</span> <span class='ocrx_word' id='word_1_17' title='bbox 617 2012 924 2067; x_wconf 75' lang='lat' dir='ltr'>Definitio.</span> <span class='ocrx_word' id='word_1_18' title='bbox 971 2011 1306 2065; x_wconf 72' lang='lat' dir='ltr'>Conscientia</span> <span class='ocrx_word' id='word_1_19' title='bbox 1336 2012 1553 2066; x_wconf 73' lang='lat' dir='ltr'>moralis</span> <span class='ocrx_word' id='word_1_20' title='bbox 1581 2021 1691 2066; x_wconf 80' lang='lat' dir='ltr'>est:</span> <span class='ocrx_word' id='word_1_21' title='bbox 1719 2014 1972 2065; x_wconf 73' lang='lat' dir='ltr'>iudicium</span> <span class='ocrx_word' id='word_1_22' title='bbox 2000 2014 2201 2065; x_wconf 84' lang='lat' dir='ltr'>mentis</span> 
     </span>
     <span class='ocr_line' id='line_1_8' title="bbox 317 2102 2195 2175; baseline 0.001 -22"><span class='ocrx_word' id='word_1_23' title='bbox 317 2102 381 2154; x_wconf 80' lang='lat' dir='ltr'>de</span> <span class='ocrx_word' id='word_1_24' title='bbox 411 2102 711 2154; x_wconf 71' lang='lat' dir='ltr'>moralitate</span> <span class='ocrx_word' id='word_1_25' title='bbox 741 2104 967 2155; x_wconf 73' lang='lat' dir='ltr'>actionis</span> <span class='ocrx_word' id='word_1_26' title='bbox 985 2105 1235 2173; x_wconf 73' lang='lat' dir='ltr'>prooez&#39;me</span> <span class='ocrx_word' id='word_1_27' title='bbox 1253 2106 1569 2175; x_wconf 74' lang='lat' dir='ltr'>practicum‚</span> <span class='ocrx_word' id='word_1_28' title='bbox 1612 2103 1761 2174; x_wconf 86' lang='lat' dir='ltr'>quod</span> <span class='ocrx_word' id='word_1_29' title='bbox 1799 2103 2025 2175; x_wconf 87' lang='lat' dir='ltr'>quidem</span> <span class='ocrx_word' id='word_1_30' title='bbox 2056 2102 2195 2155; x_wconf 87' lang='lat' dir='ltr'>iudi·</span> 
     </span>
     <span class='ocr_line' id='line_1_9' title="bbox 318 2191 1658 2262; baseline 0.002 -19"><span class='ocrx_word' id='word_1_31' title='bbox 318 2193 466 2243; x_wconf 76' lang='lat' dir='ltr'>cium</span> <span class='ocrx_word' id='word_1_32' title='bbox 510 2191 773 2244; x_wconf 74' lang='lat' dir='ltr'>dictamen</span> <span class='ocrx_word' id='word_1_33' title='bbox 814 2194 1232 2262; x_wconf 78' lang='lat' dir='ltr'>(eonscientiae)</span> <span class='ocrx_word' id='word_1_34' title='bbox 1274 2196 1463 2245; x_wconf 74' lang='lat' dir='ltr'>vocari</span> <span class='ocrx_word' id='word_1_35' title='bbox 1506 2194 1658 2247; x_wconf 83' lang='lat' dir='ltr'>solet.</span> 
     </span>
    </p>
   </div>
   <div class='ocr_carea' id='block_1_7' title="bbox 315 2296 2199 2578">
    <p class='ocr_par' dir='ltr' id='par_1_7' title="bbox 315 2296 2199 2578">
     <span class='ocr_line' id='line_1_10' title="bbox 466 2296 2199 2354; baseline 0.001 -16"><span class='ocrx_word' id='word_1_36' title='bbox 466 2310 506 2341; x_wconf 81' lang='lat' dir='ltr'>a.</span> <span class='ocrx_word' id='word_1_37' title='bbox 553 2296 755 2340; x_wconf 81' lang='lat' dir='ltr'>Deuotat</span> <span class='ocrx_word' id='word_1_38' title='bbox 798 2301 951 2340; x_wconf 78' lang='lat' dir='ltr'>aetum</span> <span class='ocrx_word' id='word_1_39' title='bbox 997 2297 1180 2353; x_wconf 77' lang='lat' dir='ltr'>mentis,</span> <span class='ocrx_word' id='word_1_40' title='bbox 1229 2298 1306 2354; x_wconf 89' lang='lat' dir='ltr'>qui</span> <span class='ocrx_word' id='word_1_41' title='bbox 1346 2312 1437 2343; x_wconf 89' lang='lat' dir='ltr'>non</span> <span class='ocrx_word' id='word_1_42' title='bbox 1470 2298 1668 2354; x_wconf 81' lang='lat' dir='ltr'>simplici</span> <span class='ocrx_word' id='word_1_43' title='bbox 1701 2297 2073 2354; x_wconf 81' lang='lat' dir='ltr'>apprehensione,</span> <span class='ocrx_word' id='word_1_44' title='bbox 2121 2296 2199 2340; x_wconf 82' lang='lat' dir='ltr'>sed</span> 
     </span>
     <span class='ocr_line' id='line_1_11' title="bbox 319 2370 2198 2428; baseline 0.001 -15"><span class='ocrx_word' id='word_1_45' title='bbox 319 2370 485 2414; x_wconf 75' lang='lat' dir='ltr'>indicio</span> <span class='ocrx_word' id='word_1_46' title='bbox 519 2370 803 2414; x_wconf 75' lang='lat' dir='ltr'>continetur:</span> <span class='ocrx_word' id='word_1_47' title='bbox 839 2372 1117 2416; x_wconf 80' lang='lat' dir='ltr'>conscientia</span> <span class='ocrx_word' id='word_1_48' title='bbox 1150 2373 1269 2417; x_wconf 88' lang='lat' dir='ltr'>enim</span> <span class='ocrx_word' id='word_1_49' title='bbox 1305 2373 1475 2417; x_wconf 84' lang='lat' dir='ltr'>dicitur</span> <span class='ocrx_word' id='word_1_50' title='bbox 1507 2373 1619 2417; x_wconf 83' lang='lat' dir='ltr'>scire</span> <span class='ocrx_word' id='word_1_51' title='bbox 1651 2378 1790 2428; x_wconf 84' lang='lat' dir='ltr'>atque</span> <span class='ocrx_word' id='word_1_52' title='bbox 1820 2372 1992 2416; x_wconf 86' lang='lat' dir='ltr'>nescire</span> <span class='ocrx_word' id='word_1_53' title='bbox 2013 2371 2198 2426; x_wconf 88' lang='lat' dir='ltr'>eiusque</span> 
     </span>
     <span class='ocr_line' id='line_1_12' title="bbox 315 2444 2197 2503; baseline 0.001 -16"><span class='ocrx_word' id='word_1_54' title='bbox 315 2457 503 2488; x_wconf 84' lang='lat' dir='ltr'>munera</span> <span class='ocrx_word' id='word_1_55' title='bbox 536 2449 669 2488; x_wconf 85' lang='lat' dir='ltr'>sunt:</span> <span class='ocrx_word' id='word_1_56' title='bbox 706 2444 963 2501; x_wconf 81' lang='lat' dir='ltr'>testificari,</span> <span class='ocrx_word' id='word_1_57' title='bbox 999 2446 1210 2501; x_wconf 82' lang='lat' dir='ltr'>dirigere,</span> <span class='ocrx_word' id='word_1_58' title='bbox 1245 2447 1463 2503; x_wconf 81' lang='lat' dir='ltr'>obligare,</span> <span class='ocrx_word' id='word_1_59' title='bbox 1497 2460 1721 2503; x_wconf 78' lang='lat' dir='ltr'>accusare,</span> <span class='ocrx_word' id='word_1_60' title='bbox 1755 2447 1944 2491; x_wconf 86' lang='lat' dir='ltr'>laudare</span> <span class='ocrx_word' id='word_1_61' title='bbox 1977 2450 2023 2491; x_wconf 89' lang='lat' dir='ltr'>et</span> <span class='ocrx_word' id='word_1_62' title='bbox 2045 2446 2197 2490; x_wconf 89' lang='lat' dir='ltr'>huius-</span> 
     </span>
     <span class='ocr_line' id='line_1_13' title="bbox 315 2518 1789 2578; baseline 0.003 -16"><span class='ocrx_word' id='word_1_63' title='bbox 315 2518 453 2574; x_wconf 81' lang='lat' dir='ltr'>modi,</span> <span class='ocrx_word' id='word_1_64' title='bbox 488 2532 601 2573; x_wconf 82' lang='lat' dir='ltr'>quae</span> <span class='ocrx_word' id='word_1_65' title='bbox 635 2519 815 2574; x_wconf 85' lang='lat' dir='ltr'>quidem</span> <span class='ocrx_word' id='word_1_66' title='bbox 852 2521 998 2564; x_wconf 85' lang='lat' dir='ltr'>solum</span> <span class='ocrx_word' id='word_1_67' title='bbox 1034 2521 1087 2564; x_wconf 88' lang='lat' dir='ltr'>de</span> <span class='ocrx_word' id='word_1_68' title='bbox 1119 2520 1289 2565; x_wconf 76' lang='lat' dir='ltr'>iudicio</span> <span class='ocrx_word' id='word_1_69' title='bbox 1322 2522 1547 2565; x_wconf 82' lang='lat' dir='ltr'>affirmari</span> <span class='ocrx_word' id='word_1_70' title='bbox 1583 2526 1789 2578; x_wconf 78' lang='lat' dir='ltr'>possunt.</span> 
     </span>
    </p>
   </div>
   <div class='ocr_carea' id='block_1_8' title="bbox 312 2609 2195 2880">
    <p class='ocr_par' dir='ltr' id='par_1_8' title="bbox 312 2609 2195 2880">
     <span class='ocr_line' id='line_1_14' title="bbox 466 2609 2195 2667; baseline 0.001 -15"><span class='ocrx_word' id='word_1_71' title='bbox 466 2610 503 2655; x_wconf 80' lang='lat' dir='ltr'>b.</span> <span class='ocrx_word' id='word_1_72' title='bbox 537 2610 637 2653; x_wconf 76' lang='lat' dir='ltr'>Non</span> <span class='ocrx_word' id='word_1_73' title='bbox 670 2614 826 2653; x_wconf 87' lang='lat' dir='ltr'>tamen</span> <span class='ocrx_word' id='word_1_74' title='bbox 860 2623 991 2653; x_wconf 89' lang='lat' dir='ltr'>omne</span> <span class='ocrx_word' id='word_1_75' title='bbox 1023 2609 1245 2654; x_wconf 76' lang='lat' dir='ltr'>iudicium</span> <span class='ocrx_word' id='word_1_76' title='bbox 1280 2611 1448 2655; x_wconf 83' lang='lat' dir='ltr'>mentis</span> <span class='ocrx_word' id='word_1_77' title='bbox 1479 2611 1662 2656; x_wconf 89' lang='lat' dir='ltr'>nomine</span> <span class='ocrx_word' id='word_1_78' title='bbox 1684 2611 1986 2656; x_wconf 83' lang='lat' dir='ltr'>conscientiae</span> <span class='ocrx_word' id='word_1_79' title='bbox 2006 2609 2195 2667; x_wconf 82' lang='lat' dir='ltr'>insigni-</span> 
     </span>
     <span class='ocr_line' id='line_1_15' title="bbox 314 2684 2195 2739; baseline 0.001 -13"><span class='ocrx_word' id='word_1_80' title='bbox 314 2693 404 2738; x_wconf 82' lang='lat' dir='ltr'>tur,</span> <span class='ocrx_word' id='word_1_81' title='bbox 438 2684 515 2727; x_wconf 87' lang='lat' dir='ltr'>sed</span> <span class='ocrx_word' id='word_1_82' title='bbox 547 2684 664 2728; x_wconf 81' lang='lat' dir='ltr'>illud</span> <span class='ocrx_word' id='word_1_83' title='bbox 697 2688 897 2739; x_wconf 83' lang='lat' dir='ltr'>tantum,</span> <span class='ocrx_word' id='word_1_84' title='bbox 932 2685 1049 2739; x_wconf 87' lang='lat' dir='ltr'>quod</span> <span class='ocrx_word' id='word_1_85' title='bbox 1083 2690 1294 2730; x_wconf 79' lang='lat' dir='ltr'>versatur</span> <span class='ocrx_word' id='word_1_86' title='bbox 1326 2686 1444 2730; x_wconf 81' lang='lat' dir='ltr'>eirea</span> <span class='ocrx_word' id='word_1_87' title='bbox 1476 2687 1729 2732; x_wconf 78' lang='lat' dir='ltr'>bonitatem</span> <span class='ocrx_word' id='word_1_88' title='bbox 1761 2688 1834 2731; x_wconf 79' lang='lat' dir='ltr'>vel</span> <span class='ocrx_word' id='word_1_89' title='bbox 1856 2685 2085 2730; x_wconf 83' lang='lat' dir='ltr'>malitiam</span> <span class='ocrx_word' id='word_1_90' title='bbox 2107 2698 2195 2728; x_wconf 91' lang='lat' dir='ltr'>mo-</span> 
     </span>
     <span class='ocr_line' id='line_1_16' title="bbox 312 2758 2195 2818; baseline 0.002 -17"><span class='ocrx_word' id='word_1_91' title='bbox 312 2758 454 2801; x_wconf 82' lang='lat' dir='ltr'>ralem</span> <span class='ocrx_word' id='word_1_92' title='bbox 478 2759 672 2803; x_wconf 81' lang='lat' dir='ltr'>actionis</span> <span class='ocrx_word' id='word_1_93' title='bbox 695 2760 940 2803; x_wconf 82' lang='lat' dir='ltr'>humanae:</span> <span class='ocrx_word' id='word_1_94' title='bbox 975 2761 1153 2804; x_wconf 89' lang='lat' dir='ltr'>nullum</span> <span class='ocrx_word' id='word_1_95' title='bbox 1179 2761 1299 2805; x_wconf 89' lang='lat' dir='ltr'>enim</span> <span class='ocrx_word' id='word_1_96' title='bbox 1326 2762 1453 2806; x_wconf 81' lang='lat' dir='ltr'>aliud</span> <span class='ocrx_word' id='word_1_97' title='bbox 1476 2763 1697 2807; x_wconf 82' lang='lat' dir='ltr'>iudicium</span> <span class='ocrx_word' id='word_1_98' title='bbox 1721 2763 1939 2818; x_wconf 84' lang='lat' dir='ltr'>obligare,</span> <span class='ocrx_word' id='word_1_99' title='bbox 1971 2773 2195 2816; x_wconf 83' lang='lat' dir='ltr'>accusare,</span> 
     </span>
     <span class='ocr_line' id='line_1_17' title="bbox 312 2832 835 2880; baseline 0.006 -5"><span class='ocrx_word' id='word_1_100' title='bbox 312 2832 499 2876; x_wconf 81' lang='lat' dir='ltr'>laudare</span> <span class='ocrx_word' id='word_1_101' title='bbox 533 2838 616 2877; x_wconf 82' lang='lat' dir='ltr'>etc.</span> <span class='ocrx_word' id='word_1_102' title='bbox 653 2834 835 2880; x_wconf 78' lang='lat' dir='ltr'>dicitur.</span> 
     </span>
    </p>
   </div>
   <div class='ocr_carea' id='block_1_9' title="bbox 317 2922 2196 3058">
    <p class='ocr_par' dir='ltr' id='par_1_9' title="bbox 317 2922 2196 3058">
     <span class='ocr_line' id='line_1_18' title="bbox 464 2922 2196 2981; baseline 0.002 -16"><span class='ocrx_word' id='word_1_103' title='bbox 464 2936 496 2965; x_wconf 81' lang='lat' dir='ltr'>e.</span> <span class='ocrx_word' id='word_1_104' title='bbox 539 2922 766 2966; x_wconf 77' lang='lat' dir='ltr'>Iudicium</span> <span class='ocrx_word' id='word_1_105' title='bbox 811 2924 994 2980; x_wconf 85' lang='lat' dir='ltr'>mentis,</span> <span class='ocrx_word' id='word_1_106' title='bbox 1043 2925 1161 2979; x_wconf 86' lang='lat' dir='ltr'>quod</span> <span class='ocrx_word' id='word_1_107' title='bbox 1208 2939 1288 2981; x_wconf 84' lang='lat' dir='ltr'>pro</span> <span class='ocrx_word' id='word_1_108' title='bbox 1338 2926 1511 2971; x_wconf 81' lang='lat' dir='ltr'>obiecto</span> <span class='ocrx_word' id='word_1_109' title='bbox 1559 2927 1696 2971; x_wconf 85' lang='lat' dir='ltr'>habet</span> <span class='ocrx_word' id='word_1_110' title='bbox 1736 2926 1930 2971; x_wconf 83' lang='lat' dir='ltr'>actionis</span> <span class='ocrx_word' id='word_1_111' title='bbox 1969 2927 2196 2970; x_wconf 87' lang='lat' dir='ltr'>humanae</span> 
     </span>
     <span class='ocr_line' id='line_1_19' title="bbox 317 2996 2196 3058; baseline 0.002 -19"><span class='ocrx_word' id='word_1_112' title='bbox 317 2996 644 3051; x_wconf 82' lang='lat' dir='ltr'>moralitatem,</span> <span class='ocrx_word' id='word_1_113' title='bbox 678 2998 805 3041; x_wconf 82' lang='lat' dir='ltr'>aliud</span> <span class='ocrx_word' id='word_1_114' title='bbox 829 3010 898 3042; x_wconf 81' lang='lat' dir='ltr'>est</span> <span class='ocrx_word' id='word_1_115' title='bbox 919 3002 1091 3042; x_wconf 78' lang='lat' dir='ltr'>remote</span> <span class='ocrx_word' id='word_1_116' title='bbox 1101 3001 1359 3056; x_wconf 69' lang='lat' dir='ltr'>practicam</span> <span class='ocrx_word' id='word_1_117' title='bbox 1383 3015 1461 3044; x_wconf 84' lang='lat' dir='ltr'>seu</span> <span class='ocrx_word' id='word_1_118' title='bbox 1483 3002 1820 3058; x_wconf 50' lang='lat' dir='ltr'>‹speculatienmy</span> <span class='ocrx_word' id='word_1_119' title='bbox 1853 3001 1972 3057; x_wconf 89' lang='lat' dir='ltr'>quod</span> <span class='ocrx_word' id='word_1_120' title='bbox 1994 3000 2196 3045; x_wconf 84' lang='lat' dir='ltr'>actiones</span> 
     </span>
    </p>
   </div>
   <div class='ocr_carea' id='block_1_10' title="bbox 369 3103 669 3109">
    <p class='ocr_par' dir='ltr' id='par_1_10' title="bbox 369 3103 669 3109">
     <span class='ocr_line' id='line_1_20' title="bbox 369 3103 669 3109; baseline 0 0"><span class='ocrx_word' id='word_1_121' title='bbox 369 3103 669 3109; x_wconf 95' lang='lat' dir='ltr'> </span> 
     </span>
    </p>
   </div>
   <div class='ocr_carea' id='block_1_11' title="bbox 310 3159 2193 3595">
    <p class='ocr_par' dir='ltr' id='par_1_11' title="bbox 310 3159 2193 3595">
     <span class='ocr_line' id='line_1_21' title="bbox 467 3159 2192 3221; baseline 0.003 -19"><span class='ocrx_word' id='word_1_122' title='bbox 467 3160 501 3215; x_wconf 85' lang='lat'>¹)</span> <span class='ocrx_word' id='word_1_123' title='bbox 534 3159 580 3206; x_wconf 83' lang='lat' dir='ltr'>S.</span> <span class='ocrx_word' id='word_1_124' title='bbox 619 3161 810 3205; x_wconf 76' lang='lat' dir='ltr'>Thomas</span> <span class='ocrx_word' id='word_1_125' title='bbox 852 3162 884 3205; x_wconf 93' lang='grc' dir='ltr'>Ι.</span> <span class='ocrx_word' id='word_1_126' title='bbox 926 3163 976 3208; x_wconf 91' lang='grc' dir='ltr'>ΙΙ,</span> <span class='ocrx_word' id='word_1_127' title='bbox 1011 3178 1051 3218; x_wconf 89' lang='lat' dir='ltr'>q.</span> <span class='ocrx_word' id='word_1_128' title='bbox 1088 3164 1157 3207; x_wconf 79' lang='lat'>19.</span> <span class='ocrx_word' id='word_1_129' title='bbox 1219 3164 1267 3208; x_wconf 76' lang='lat' dir='ltr'>S.</span> <span class='ocrx_word' id='word_1_130' title='bbox 1302 3165 1562 3221; x_wconf 67' lang='lat' dir='ltr'>Alplzonsus</span> <span class='ocrx_word' id='word_1_131' title='bbox 1599 3167 1629 3210; x_wconf 92' lang='lat'>].</span> <span class='ocrx_word' id='word_1_132' title='bbox 1678 3167 1716 3209; x_wconf 88' lang='lat'>1.</span> <span class='ocrx_word' id='word_1_133' title='bbox 1758 3171 1815 3209; x_wconf 85' lang='lat' dir='ltr'>tr.</span> <span class='ocrx_word' id='word_1_134' title='bbox 1863 3167 1900 3209; x_wconf 92' lang='lat'>1.</span> <span class='ocrx_word' id='word_1_135' title='bbox 1941 3180 1986 3209; x_wconf 90' lang='lat' dir='ltr'>n.</span> <span class='ocrx_word' id='word_1_136' title='bbox 2032 3165 2192 3208; x_wconf 84' lang='lat'><strong>1-89.</strong></span> 
     </span>
     <span class='ocr_line' id='line_1_22' title="bbox 312 3233 2193 3296; baseline 0.003 -21"><span class='ocrx_word' id='word_1_137' title='bbox 312 3233 776 3289; x_wconf 44' lang='lat' dir='ltr'>Sporer-Bierbazmss</span> <span class='ocrx_word' id='word_1_138' title='bbox 809 3237 1059 3293; x_wconf 78' lang='lat' dir='ltr'>Theologia</span> <span class='ocrx_word' id='word_1_139' title='bbox 1092 3251 1201 3282; x_wconf 88' lang='lat' dir='ltr'>mor.</span> <span class='ocrx_word' id='word_1_140' title='bbox 1238 3239 1437 3295; x_wconf 80' lang='lat' dir='ltr'>decalog.</span> <span class='ocrx_word' id='word_1_141' title='bbox 1478 3241 1822 3294; x_wconf 83' lang='lat' dir='ltr'>(Paderbornae.</span> <span class='ocrx_word' id='word_1_142' title='bbox 1867 3238 2193 3296; x_wconf 73' lang='lat' dir='ltr'>Typographja</span> 
     </span>
     <span class='ocr_line' id='line_1_23' title="bbox 311 3307 2190 3377; baseline 0.003 -27"><span class='ocrx_word' id='word_1_143' title='bbox 311 3307 503 3352; x_wconf 81' lang='lat' dir='ltr'>bonifac.</span> <span class='ocrx_word' id='word_1_144' title='bbox 539 3309 671 3361; x_wconf 70' lang='grc'>1897)</span> <span class='ocrx_word' id='word_1_145' title='bbox 703 3310 738 3352; x_wconf 90' lang='grc' dir='ltr'>Ι.</span> <span class='ocrx_word' id='word_1_146' title='bbox 775 3316 831 3353; x_wconf 86' lang='lat' dir='ltr'>tr.</span> <span class='ocrx_word' id='word_1_147' title='bbox 870 3313 909 3354; x_wconf 85' lang='lat'>1.</span> <span class='ocrx_word' id='word_1_148' title='bbox 948 3326 991 3358; x_wconf 89' lang='lat' dir='ltr'>n.</span> <span class='ocrx_word' id='word_1_149' title='bbox 1026 3313 1215 3356; x_wconf 79' lang='lat'>1-109.</span> <span class='ocrx_word' id='word_1_150' title='bbox 1280 3313 1472 3368; x_wconf 76' lang='lat' dir='ltr'>Renter,</span> <span class='ocrx_word' id='word_1_151' title='bbox 1506 3315 1722 3377; x_wconf 80' lang='lat' dir='ltr'>Theolog.</span> <span class='ocrx_word' id='word_1_152' title='bbox 1757 3329 1868 3359; x_wconf 88' lang='lat' dir='ltr'>mor.</span> <span class='ocrx_word' id='word_1_153' title='bbox 1902 3329 1946 3370; x_wconf 87' lang='lat' dir='ltr'>p.</span> <span class='ocrx_word' id='word_1_154' title='bbox 1981 3316 2020 3358; x_wconf 85' lang='lat'>1.</span> <span class='ocrx_word' id='word_1_155' title='bbox 2054 3317 2113 3357; x_wconf 87' lang='lat' dir='ltr'>tr.</span> <span class='ocrx_word' id='word_1_156' title='bbox 2148 3314 2190 3357; x_wconf 72' lang='lat'>2.</span> 
     </span>
     <span class='ocr_line' id='line_1_24' title="bbox 311 3382 2192 3441; baseline 0.004 -17"><span class='ocrx_word' id='word_1_157' title='bbox 311 3395 353 3424; x_wconf 89' lang='lat' dir='ltr'>n.</span> <span class='ocrx_word' id='word_1_158' title='bbox 388 3382 444 3424; x_wconf 68' lang='lat'>59</span> <span class='ocrx_word' id='word_1_159' title='bbox 468 3396 524 3426; x_wconf 85' lang='lat' dir='ltr'>ss.</span> <span class='ocrx_word' id='word_1_160' title='bbox 570 3384 844 3440; x_wconf 80' lang='lat' dir='ltr'>Bouquillon</span> <span class='ocrx_word' id='word_1_161' title='bbox 877 3386 907 3431; x_wconf 92' lang='lat' dir='ltr'>l.</span> <span class='ocrx_word' id='word_1_162' title='bbox 933 3400 967 3429; x_wconf 86' lang='lat' dir='ltr'>c.</span> <span class='ocrx_word' id='word_1_163' title='bbox 1002 3400 1046 3441; x_wconf 91' lang='lat' dir='ltr'>p.</span> <span class='ocrx_word' id='word_1_164' title='bbox 1080 3388 1118 3430; x_wconf 70' lang='grc' dir='ltr'>Ξ.</span> <span class='ocrx_word' id='word_1_165' title='bbox 1153 3401 1197 3430; x_wconf 90' lang='lat' dir='ltr'>n.</span> <span class='ocrx_word' id='word_1_166' title='bbox 1223 3387 1309 3430; x_wconf 77' lang='lat'>247</span> <span class='ocrx_word' id='word_1_167' title='bbox 1333 3402 1391 3432; x_wconf 83' lang='lat' dir='ltr'>ss.</span> <span class='ocrx_word' id='word_1_168' title='bbox 1431 3390 1693 3433; x_wconf 66' lang='lat' dir='ltr'>Lelzmknlzl</span> <span class='ocrx_word' id='word_1_169' title='bbox 1722 3390 1753 3433; x_wconf 90' lang='grc' dir='ltr'>Ι.</span> <span class='ocrx_word' id='word_1_170' title='bbox 1786 3404 1830 3433; x_wconf 89' lang='lat'>11.</span> <span class='ocrx_word' id='word_1_171' title='bbox 1862 3389 1919 3432; x_wconf 85' lang='lat'>41</span> <span class='ocrx_word' id='word_1_172' title='bbox 1943 3402 2001 3433; x_wconf 84' lang='lat' dir='ltr'>ss.</span> <span class='ocrx_word' id='word_1_173' title='bbox 2034 3389 2192 3432; x_wconf 81' lang='lat' dir='ltr'><em>Balle-</em></span> 
     </span>
     <span class='ocr_line' id='line_1_25' title="bbox 310 3455 2188 3519; baseline 0.005 -22"><span class='ocrx_word' id='word_1_174' title='bbox 310 3455 672 3511; x_wconf 74' lang='lat' dir='ltr'>riui-Palmieri,</span> <span class='ocrx_word' id='word_1_175' title='bbox 695 3458 819 3515; x_wconf 86' lang='lat' dir='ltr'>Opus</span> <span class='ocrx_word' id='word_1_176' title='bbox 846 3460 1045 3516; x_wconf 79' lang='lat' dir='ltr'>theolog.</span> <span class='ocrx_word' id='word_1_177' title='bbox 1065 3461 1200 3505; x_wconf 75' lang='lat' dir='ltr'>mor.³</span> <span class='ocrx_word' id='word_1_178' title='bbox 1215 3462 1373 3515; x_wconf 72' lang='lat' dir='ltr'>(Preti.</span> <span class='ocrx_word' id='word_1_179' title='bbox 1394 3463 1641 3508; x_wconf 85' lang='lat' dir='ltr'>Giaehetti.</span> <span class='ocrx_word' id='word_1_180' title='bbox 1663 3465 1794 3519; x_wconf 83' lang='grc'>1898)</span> <span class='ocrx_word' id='word_1_181' title='bbox 1820 3465 1856 3508; x_wconf 89' lang='lat' dir='ltr'>I.</span> <span class='ocrx_word' id='word_1_182' title='bbox 1875 3479 1918 3508; x_wconf 92' lang='lat' dir='ltr'>n.</span> <span class='ocrx_word' id='word_1_183' title='bbox 1940 3463 2188 3512; x_wconf 75' lang='grc'>130-235,</span> 
     </span>
     <span class='ocr_line' id='line_1_26' title="bbox 312 3527 2188 3595; baseline 0.005 -25"><span class='ocrx_word' id='word_1_184' title='bbox 312 3527 484 3576; x_wconf 68' lang='lat' dir='ltr'>Simar.</span> <span class='ocrx_word' id='word_1_185' title='bbox 502 3532 594 3575; x_wconf 74' lang='lat' dir='ltr'>Das</span> <span class='ocrx_word' id='word_1_186' title='bbox 614 3532 845 3577; x_wconf 74' lang='lat' dir='ltr'>Gewissen</span> <span class='ocrx_word' id='word_1_187' title='bbox 863 3534 956 3577; x_wconf 85' lang='lat' dir='ltr'>und</span> <span class='ocrx_word' id='word_1_188' title='bbox 978 3534 1048 3578; x_wconf 88' lang='lat' dir='ltr'>die</span> <span class='ocrx_word' id='word_1_189' title='bbox 1069 3535 1546 3582; x_wconf 77' lang='lat' dir='ltr'>Gewissensfreiheit2.</span> <span class='ocrx_word' id='word_1_190' title='bbox 1565 3539 1817 3595; x_wconf 83' lang='lat' dir='ltr'>(Freiburg.</span> <span class='ocrx_word' id='word_1_191' title='bbox 1835 3539 2024 3583; x_wconf 86' lang='lat' dir='ltr'>Herder.</span> <span class='ocrx_word' id='word_1_192' title='bbox 2043 3538 2188 3594; x_wconf 81' lang='lat'>1902).</span> 
     </span>
    </p>
   </div>
  </div>
 </body>
</html>
