2301 3962
341 229 368 271 8
784 253 794 261 ,
1124 222 1424 266 Introductio.

488 373 521 402 c.
559 358 788 411 Quaenam
822 356 914 399 sint
939 356 1160 399 veritates
1193 356 1384 398 morales
1418 355 1513 398 sive
1545 368 1625 410 per
1646 355 1970 399 revelationem
2006 355 2100 399 sive
2134 370 2212 411 per

339 432 561 476 rationem
593 430 721 474 nobis
755 429 1079 473 manifestatae
1112 428 1168 472 ab
1190 428 1427 471 infallibili
1451 429 1665 472 ecclesiae
1690 429 1956 484 magisterio
1981 429 2208 473 discimus.

339 506 435 549 Hoc
467 517 661 559 namque
694 503 1012 558 magisterium
1045 517 1072 546 a
1096 503 1188 545 Deo
1220 502 1493 545 institutum
1527 506 1573 545 et
1607 502 1929 557 praerogativa
1961 502 2212 546 infallibili-

338 580 452 623 tatis
487 580 704 621 donatum
738 582 821 632 est,
868 582 921 620 ut
954 577 1173 620 veritates
1206 580 1304 619 tum
1341 577 1710 631 supernaturales
1757 582 1854 619 tum
1887 577 2121 620 naturales
2155 577 2212 620 ad

339 654 540 697 ordinem
574 654 788 695 moralem
822 651 1104 707 pertinentes
1138 665 1348 706 suprema
1396 655 1440 694 et
1473 651 1712 694 infallibili
1761 651 2038 694 auctoritate
2083 651 2212 694 nobis

338 731 559 782 proponat
593 732 730 781 atque
764 727 973 769 declaret.
1039 725 1140 768 Ideo
1183 740 1209 768 a
1241 724 1472 768 nonnullis
1506 725 1766 768 auctoribus
1801 724 2016 769 ecclesiae
2049 724 2212 779 magis-

337 801 504 844 terium
541 801 796 856 theologiae
829 800 1011 843 moralis
1044 813 1184 854 aeque
1217 813 1267 842 ac
1292 798 1579 854 dogmaticae
1601 800 1881 854 principium
1899 798 2102 855 formale
2135 811 2213 842 seu

341 875 611 918 directivum
647 875 827 918 dicitur.

491 1038 543 1092 9.
586 1038 713 1089 Loci
757 1036 1043 1107 theoloyiae
1084 1037 1315 1088 moralis.
1367 1036 1486 1088 Iam
1529 1036 1620 1088 illa
1663 1036 1993 1088 documenta
2021 1034 2212 1086 ordine

340 1126 591 1178 exhiberi
634 1126 853 1193 debent,
913 1128 969 1178 in
1025 1125 1225 1195 quibus
1280 1126 1542 1177 veritates
1598 1124 1830 1177 morales
1871 1133 1989 1176 tum
2031 1143 2213 1194 super-

339 1216 616 1267 naturales
658 1224 775 1267 tum
817 1215 1095 1267 naturales
1135 1216 1409 1283 repositae
1449 1215 1826 1267 inveniuntur.

491 1337 536 1387 1.
592 1334 760 1386 Sacra
801 1336 1072 1404 script-ura
1126 1342 1243 1385 tum
1298 1334 1501 1384 veteris
1552 1341 1669 1384 tum
1711 1335 1842 1385 novi
1885 1334 2214 1384 testamenti.

489 1454 527 1482 α.
564 1439 697 1483 Sacra
730 1439 957 1494 scriptura
988 1439 1090 1482 noct
1120 1438 1381 1481 testamenti
1424 1442 1493 1481 est
1526 1437 1769 1492 primarius
1801 1437 1925 1480 locus
1958 1435 2215 1491 theologiae

340 1513 540 1568 moralis,
575 1518 799 1568 quatenus
832 1527 922 1556 non
956 1513 1100 1556 solum
1135 1516 1377 1568 praecepta
1410 1516 1456 1555 et
1490 1511 1679 1555 consilia
1712 1511 1903 1554 moralia
1935 1524 1990 1554 ex
2021 1510 2120 1565 ipso
2154 1509 2214 1553 di-

338 1587 434 1630 vini
468 1587 711 1631 salvatoris
745 1601 816 1631 ore
848 1588 1027 1642 prolata
1051 1587 1268 1642 continet,
1301 1587 1378 1630 sed
1412 1586 1551 1630 etiam
1576 1586 1961 1641 perfectissimum
1985 1586 2215 1639 exemplar

339 1661 463 1704 vitae
497 1662 772 1705 christianae
803 1662 851 1704 in
885 1661 1174 1705 sanctissima
1207 1660 1378 1704 Christi
1414 1660 1585 1703 domini
1619 1660 1718 1703 vita
1750 1659 1878 1703 nobis
1912 1659 2108 1703 exhibet.

491 1751 528 1792 b.
564 1750 697 1794 Sacra
731 1751 956 1805 scriptura
989 1751 1154 1793 ceteris
1187 1749 1448 1793 testamenti
1477 1753 1721 1804 praecepta
1753 1754 1853 1792 tum
1888 1747 2080 1792 moralia
2112 1752 2211 1790 tum

338 1825 657 1868 ceremonialia
701 1830 800 1868 tum
833 1824 1069 1868 iudicialia
1113 1824 1467 1879 comprehendit.
1534 1824 1782 1879 Praecepta
1817 1822 2135 1867 ceremonialia
2167 1826 2212 1865 et

338 1898 573 1942 iudicialia
606 1899 651 1941 vi
686 1898 919 1954 obligandi
971 1899 1197 1942 destituta
1231 1904 1480 1953 cessarunt,
1531 1903 1771 1955 praecepta
1803 1911 1907 1941 vero
1949 1898 2140 1941 moralia
2189 1911 2214 1940 a

340 1973 519 2017 Christo
563 1975 832 2017 confirmata
874 1978 918 2018 et
964 1974 1021 2016 ad
1055 1973 1269 2017 maiorem
1304 1975 1626 2029 perfectionem
1661 1979 1817 2018 evecta
1850 1973 1943 2016 vim
1978 1972 2213 2028 obligandi

338 2048 386 2090 in
418 2062 533 2091 novo
568 2052 844 2091 testamento
878 2048 1092 2091 retinent.

489 2154 538 2205 2.
588 2151 827 2205 Conciliat
869 2162 973 2205 tum
1011 2154 1282 2222 yeneralia
1326 2163 1431 2205 tum
1460 2154 1831 2224 particularia
1873 2154 2014 2219 (sive
2044 2153 2211 2203 natio-

340 2241 486 2293 nalia
543 2244 659 2294 sive
715 2242 1081 2312 provincialia
1137 2245 1254 2294 sive
1311 2243 1642 2295 dioecesana
1683 2244 1832 2309 sunt)
1889 2241 2211 2309 canonibus,

340 2333 433 2401 qui
475 2331 546 2383 ad
588 2350 765 2383 mores
808 2341 1075 2401 spectant,
1117 2333 1319 2402 partim
1361 2340 1658 2402 praecepta
1685 2331 1915 2384 moralia
1943 2331 2211 2383 divinitus

341 2421 469 2472 data
522 2421 802 2473 declarant
854 2440 919 2473 ac
976 2421 1264 2488 definiunt,
1326 2423 1527 2491 partim
1586 2439 1732 2473 nova
1788 2428 2083 2491 praecepta
2142 2420 2212 2471 ad

339 2508 586 2560 fidelium
629 2510 861 2561 salutem
905 2510 1167 2564 condunt.

492 2613 837 2656 Advertendum
886 2619 953 2657 est
987 2615 1224 2669 plerasque
1271 2615 1395 2669 leges
1443 2613 1499 2656 ab
1548 2613 1734 2656 ecclesia
1781 2615 1902 2657 latas
1950 2614 2072 2670 leyes
2118 2627 2213 2657 esse

341 2686 677 2742 dl‘scffllz'nares,
711 2702 824 2743 quae
858 2701 1002 2731 mores
1026 2688 1232 2731 fidelium
1256 2692 1465 2731 externos
1491 2687 1714 2742 dirigunt,
1747 2687 1938 2742 ideoque
1970 2686 2212 2731 variabiles

341 2764 460 2803 sunt.
495 2762 639 2804 Mores
671 2776 831 2818 nempe
866 2763 1042 2806 ext-erni
1075 2776 1214 2817 aeque
1248 2777 1296 2806 ac
1330 2776 1479 2806 rerum
1503 2762 1719 2805 adiuncta
1754 2762 1802 2806 in
1837 2763 1931 2806 dies
1955 2766 2212 2817 mutantur,

340 2835 460 2877 unde
492 2836 562 2889 fit,
595 2840 649 2878 ut
681 2836 818 2880 etiam
844 2838 967 2892 leges
992 2837 1306 2892 disciplinares
1339 2850 1418 2891 pro
1442 2841 1698 2892 temporum
1733 2842 1779 2880 et
1801 2838 2001 2880 locorum
2034 2837 2211 2880 ratione

339 2909 493 2953 variae
526 2909 641 2952 sint:
678 2911 795 2965 quod
828 2911 947 2955 enim
982 2912 1064 2954 hoc
1097 2915 1300 2965 tempore
1333 2917 1379 2954 et
1410 2912 1505 2954 1000
1538 2911 1654 2954 utile
1687 2916 1770 2966 est,
1803 2911 1851 2954 id
1885 2911 1974 2954 alio
2008 2915 2210 2966 tempore

342 2987 388 3026 et
419 2984 515 3027 loco
547 2985 713 3028 inutile
745 2986 883 3028 immo
917 2985 1185 3040 quandoque
1217 2985 1518 3040 perniciosum
1553 2985 1761 3040 evadit¹>.

490 3088 538 3142 3.
583 3090 807 3141 Decreta
835 3109 1146 3141 summorum
1165 3090 1491 3158 pontificum,
1534 3088 1735 3159 quibus
1772 3089 2004 3140 diversis
2032 3089 2211 3141 modis

342 3179 458 3229 sive
501 3197 596 3247 per
636 3180 1032 3230 constitutiones
1072 3178 1426 3246 (encyclicas)
1485 3180 1601 3229 sive
1655 3197 1752 3247 per
1798 3197 2056 3249 responsa
2095 3197 2209 3229 con-

340 3269 699 3337 gyreyationum
737 3277 831 3319 aut
860 3268 1142 3319 doctrinae
1174 3267 1405 3319 morales
1433 3267 1602 3319 falsae
1632 3268 2086 3333 condemnantur,
2117 3274 2212 3318 aut

340 3363 635 3425 praecepta
676 3357 903 3408 moralia
946 3358 1078 3408 iuris
1122 3357 1300 3408 divini
1330 3356 1417 3407 vel
1452 3356 1808 3408 ecclesiastici
1839 3356 2206 3419 declarantur,

497 3578 526 3627 ¹)
562 3579 628 3622 Cf.
663 3580 940 3623 Benedictus
973 3579 1098 3622 XIV.
1134 3580 1201 3622 De
1235 3579 1403 3632 synodo
1436 3579 1464 3621 1.
1500 3578 1539 3622 ἴ).
1575 3593 1609 3621 0.
1643 3579 1683 3623 3.
1718 3593 1761 3622 n.
1798 3579 1836 3621 7.
