2269 3898
259 95 315 138 86
792 92 851 134 II.
885 93 952 135 De
985 91 1163 135 actibus
1196 91 1254 134 ad
1287 92 1426 134 finem
1459 92 1596 146 aptis.

260 228 554 293 indivicZuO,
599 228 640 277 si
686 226 1066 277 consideratur
1106 232 1270 293 prout
1310 244 1342 276 a
1380 242 1617 294 persona
1646 225 1940 278 individua
1966 226 2057 279 hic
2083 236 2141 281 et

261 334 409 368 nunc
451 323 710 384 operante
755 321 1057 379 exercetur,
1110 313 1347 382 ideoque
1389 331 1501 364 una
1543 332 1666 366 cum
1709 314 1818 366 fine
1859 318 2142 385 operantis

260 413 311 456 et
355 422 478 455 cum
520 403 745 472 reliquis
786 401 1064 453 adiunctis
1117 403 1391 453 actionem
1445 404 1503 454 in
1558 412 1813 455 concreto
1865 408 2137 457 concomi-

264 492 510 544 tantibus
552 510 595 543 e.
638 510 689 559 g.
733 499 955 543 cantare
997 492 1053 542 in
1097 491 1332 543 ecclesia
1374 491 1444 543 ad
1485 491 1831 545 laudandum
1872 494 2076 547 Deum.

406 581 540 624 Patet
576 585 727 623 actum
769 580 1014 623 secundum
1059 579 1253 634 speciem
1299 580 1635 624 consideratum
1679 596 1769 625 non
1819 582 2014 627 existere
2046 583 2134 627 nisi

257 656 304 698 in
338 655 504 698 mentis
536 654 863 697 abstractione:
900 653 1076 708 quoties
1110 654 1229 698 enim
1263 659 1392 698 actus
1425 655 1679 711 perficitur,
1711 656 1760 699 in
1792 657 1928 701 certis
1953 657 2138 701 circum-

258 729 443 772 stantiis
477 734 522 772 et
554 729 601 771 in
635 728 831 783 aliquem
864 729 1016 782 finem,
1050 741 1181 783 quem
1215 742 1355 781 agens
1389 729 1476 772 sibi
1509 730 1738 786 proponit,
1772 731 2020 786 perficitur.

408 820 454 872 2.
502 818 775 871 Omnibus
829 818 943 869 fere
987 818 1461 870 consentientibus
1515 828 1642 871 sunt
1696 829 1851 873 actus
1904 821 2138 875 humani

260 909 534 960 moraliter
592 907 974 976 indifferenteS,
1043 909 1089 958 si
1150 908 1414 960 abstracte
1475 910 1914 967 considerantur.
1994 913 2141 966 Sane

258 1007 412 1049 actus
453 1000 726 1050 abstracte
769 997 1103 1049 considerati
1158 998 1528 1050 moralitatem
1579 999 1806 1053 aliunde
1847 1001 2140 1054 desumere

258 1106 367 1139 non
424 1095 653 1156 possunt
707 1088 813 1138 nisi
868 1105 937 1138 ex
978 1086 1224 1154 obiect03
1279 1098 1440 1140 erunt
1492 1108 1619 1158 ergo
1661 1099 1816 1142 actus
1858 1091 2143 1144 moraliter

258 1177 650 1243 indifferenteS,
707 1178 750 1227 si
793 1184 921 1227 sunt
962 1176 1195 1244 obiecta,
1252 1196 1392 1247 quae
1446 1197 1543 1247 per
1595 1197 1651 1230 se
1704 1198 1807 1231 nec
1848 1181 2142 1233 conformi-

258 1275 425 1317 tatem
468 1285 570 1317 nec
612 1266 1027 1317 difformitatem
1071 1284 1196 1317 cum
1240 1285 1435 1319 norma
1477 1267 1783 1322 honestatis
1812 1270 2138 1339 includunt3

257 1358 410 1426 atqui
452 1364 579 1408 sunt
619 1356 892 1408 eiusmodi
935 1356 1168 1423 obiecta,
1214 1356 1308 1408 illa
1349 1376 1566 1427 nempe,
1610 1377 1751 1428 quae
1794 1378 1863 1411 ex
1904 1379 1960 1412 se
1997 1360 2137 1413 nihil

258 1447 555 1512 continent,
599 1446 747 1515 quod
789 1445 859 1497 ad
902 1446 1151 1498 ordinem
1195 1448 1426 1499 rationis
1469 1449 1746 1517 pertineat
1785 1458 1838 1501 et
1868 1451 2015 1520 quod
2044 1469 2139 1503 eas

257 1542 485 1586 naturae
525 1535 782 1587 rationali
822 1538 1218 1588 convenientes
1261 1529 1468 1589 efficiat
1495 1546 1557 1589 ut
1583 1538 1885 1607 ambulare,
1927 1539 2137 1609 ludere,

259 1625 595 1677 manducare
646 1634 698 1677 et
740 1627 1047 1677 universim
1090 1627 1355 1694 actiones,
1412 1627 1614 1697 quibus
1668 1631 2007 1681 succurritur
2059 1632 2138 1682 in-

258 1714 519 1782 digentiis
559 1723 789 1766 naturae
831 1715 1126 1768 humanae.

407 1807 453 1858 3.
502 1805 700 1871 Quoad
742 1814 896 1858 actus
937 1825 1068 1858 Vero
1110 1806 1384 1859 humanos
1426 1818 1658 1861 concrete
1695 1817 1743 1860 et
1772 1810 1829 1860 in
1856 1810 2140 1862 individuo

255 1897 616 1948 consideratos
669 1914 779 1948 non
833 1916 943 1948 una
1000 1903 1081 1948 est
1137 1896 1593 1967 philosophorum
1649 1917 1714 1950 ac
1755 1898 2136 1968 theologorum

260 1988 559 2038 sententia:
621 1986 894 2056 siquidem
954 1980 1365 2039 affirmantibus
1427 2006 1554 2040 cum
1609 2008 1649 2041 s,
1703 1989 2140 2056 Bonaventurff)

257 2076 493 2127 scotistis
534 2084 740 2144 negant
781 2095 907 2128 cum
938 2097 977 2129 s,
1016 2076 1267 2147 Thoma2)
1293 2077 1589 2129 thomistae
1616 2086 1669 2130 et
1699 2080 1873 2131 maior
1899 2078 2134 2130 aliorum

258 2165 638 2234 theologorum
692 2185 834 2235 parS,
892 2166 1065 2218 ullum
1120 2175 1307 2220 actum
1359 2167 1667 2220 humanum
1723 2170 1781 2220 in
1838 2169 2135 2221 individuo
2190 2164 2193 2165 ⁷

261 2254 669 2307 consideratum
724 2274 881 2325 posse
936 2276 1053 2308 esse
1109 2257 1533 2313 indifferentem.
1610 2258 1677 2310 Id
1731 2267 1917 2310 tamen
1960 2258 2136 2310 solum

257 2344 536 2396 affirmant
579 2344 647 2396 de
687 2345 904 2397 actibus
947 2364 1075 2398 vere
1117 2347 1376 2400 humanis
1431 2356 1484 2400 et
1524 2347 1845 2413 moralibus,
1900 2350 1993 2419 qui
2049 2348 2135 2399 de·

1554 2408 1736 2427 ann-¹⁶⁶³*-

262 2433 489 2486 liberate
547 2442 599 2486 et
647 2453 773 2487 cum
827 2436 1179 2489 advertentia
1235 2437 1307 2489 ad
1363 2438 1628 2537 ordipeffi
1658 2438 1923 2490 moialem
1964 2438 2136 2490 fiunt:

258 2526 447 2593 negari
490 2526 639 2577 enim
682 2526 874 2595 nequit
916 2533 1091 2595 actus,
1154 2528 1248 2596 qui
1290 2527 1428 2579 fiant
1468 2529 1586 2579 sine
1628 2510 1976 2579 advertentia
2018 2529 2139 2580 sive

257 2614 327 2665 ad
384 2615 565 2683 ipsum
626 2624 811 2667 actum
872 2617 990 2667 sive
1051 2616 1123 2668 ad
1184 2616 1554 2668 moralitatem
1616 2625 1787 2685 actus,
1850 2620 2017 2669 etiam
2078 2619 2156 2690 ingr

258 2703 548 2756 individuo
605 2705 980 2757 consideratos
1038 2724 1154 2758 esse
1207 2706 1604 2775 indifferenteS,
1661 2704 1721 2759 ut
1774 2716 1902 2759 sunt
1956 2691 2153 2791 Q'}

258 2793 453 2861 primo·
461 2795 640 2862 primi,
685 2796 1008 2864 praesertim
1039 2795 1117 2847 illi
1145 2804 1301 2848 actus
1331 2799 1564 2865 externi,
1596 2799 1689 2868 qui
1720 2785 2153 2849 1nadve1tenter3

258 2881 348 2933 vel
390 2901 458 2933 ex
500 2901 650 2935 mera
692 2884 1093 2946 consuetudine
1134 2885 1253 2938 fieri
1295 2886 1471 2938 solent
1513 2895 1572 2939 ut
1615 2887 1857 2939 mulcere
1883 2887 2153 2955 barbam,‘

258 2970 449 3022 rodere
488 2990 716 3040 ungueS,
759 2974 976 3042 fricare,
1020 2993 1278 3045 expueime
1324 2995 1638 3046 emungere
1684 2996 1906 3030 movere
1935 2977 2145 3053 pedem}

259 3060 348 3111 vel
387 3060 677 3113 brachium
720 3072 840 3131 etc.,
885 3064 1086 3116 deinde
1127 3074 1298 3132 actus,
1343 3067 1437 3136 qui
1473 3066 1703 3136 physice
1733 3068 1977 3138 quidem,
2021 3055 2149 3153 non}

258 3158 442 3202 autem
497 3151 776 3203 moraliter
837 3153 1126 3206 deliberati
1186 3164 1330 3220 sunt,
1392 3164 1453 3208 ut
1511 3157 1746 3209 olfacere
1805 3157 2015 3224 florem,
2079 3156 2152 3208 se'i

260 3237 578 3308 calefacere,
621 3243 866 3310 aspicere
900 3243 1133 3312 pulchra
1161 3246 1304 3310 visu,
1333 3245 1530 3315 legere,
1562 3246 1803 3299 scribere
1829 3255 1949 3310 etc„
1993 3265 2153 3317 quae.

418 3388 446 3442 1>
477 3389 531 3432 In
565 3389 604 3432 2.
641 3389 748 3436 dist.
781 3391 822 3436 4.
857 3405 896 3434 a.
932 3393 971 3434 1.
1005 3406 1044 3447 q.
1079 3393 1120 3435 3.

411 3461 443 3516 ²)
476 3462 659 3506 Smnma
692 3464 727 3507 I.
761 3464 821 3507 Π.
856 3479 895 3520 q.
931 3466 1000 3508 18.
1035 3480 1072 3509 a.
1108 3467 1150 3511 9.
