2269 3898
847 185 912 227 De
945 184 1242 239 sponsalibus.
1924 186 1980 229 53

108 318 437 373 obligationem
471 317 685 372 remittit,
719 331 815 361 eam
850 317 988 360 etiam
1022 318 1142 360 Deus
1175 318 1408 361 remittere
1431 323 1658 367 censet-ur;
1696 318 1798 361 hinc
1822 325 1978 362 mutuo

107 405 328 435 consensu
362 392 602 435 solvuntur
634 391 773 434 etiam
808 391 1037 445 sponsalia
1070 391 1324 434 iuramento
1358 393 1555 435 firmata.
1619 392 1724 435 Ideo
1760 393 1980 436 iuramen-

109 471 227 521 tum,
260 467 377 521 quod
410 465 694 521 sponsalibus
727 465 926 516 additur,
963 465 1045 508 hac
1079 464 1223 508 tacita
1246 465 1504 509 condicione
1527 468 1605 508 fit:
1640 466 1733 509 nisi
1753 467 1808 508 ab
1832 467 1978 509 altera

97 543 240 597 parte
272 540 578 583 remittantur.

260 688 349 742 55.
394 687 895 755 Impedimentum
929 687 1379 754 superveniens,
1423 704 1528 756 quo
1564 689 1975 739 matrimonium

111 778 440 846 promissum
480 775 731 827 redditur
771 774 1141 845 impossibile:
1186 774 1335 844 quod
1376 776 1524 826 enim
1567 793 1793 844 sponsos
1836 795 1979 846 pror-

108 885 202 918 sus
231 864 505 917 inhabiles
533 864 715 916 reddit
755 864 823 915 ad
855 865 1159 916 ineundum
1190 865 1602 916 matrimonium
1632 867 1980 935 promissum,

112 956 332 1024 penitus
354 954 531 1006 aufert
553 953 943 1021 obligationem
968 953 1322 1022 sponsalium.
1365 953 1769 1023 Impedimenta
1799 972 1979 1024 super-

112 1044 395 1096 venientia
437 1061 553 1095 esse
594 1052 849 1111 possunt:

263 1153 311 1184 α.
354 1132 731 1202 [mpedimento
785 1132 919 1182 iuris
965 1140 1189 1182 naturae
1239 1139 1299 1182 ut
1350 1133 1608 1195 amentia,
1659 1133 1982 1202 impotentia

109 1229 394 1292 perpetua,
446 1239 586 1290 quae
628 1219 875 1271 absolute
917 1219 1190 1294 inhabiles
1231 1220 1486 1287 reddunt,
1530 1220 1619 1272 vel
1659 1222 1793 1272 iuris
1835 1221 1983 1272 ecclc-

110 1312 334 1373 siastz'ci,
402 1312 458 1361 in
519 1309 719 1379 quibus
781 1309 1087 1378 dispensari
1149 1317 1351 1378 potest3
1421 1311 1603 1379 priora
1662 1308 1985 1379 simpliciter

112 1399 334 1451 solvunt
375 1398 664 1468 sponsalia.

263 1488 307 1532 Si
357 1488 650 1543 superveniat
691 1487 1070 1542 impedimentum
1114 1487 1331 1530 dirimens
1373 1489 1583 1530 futurum
1628 1488 1985 1542 matrimonium,

111 1563 160 1606 in
194 1577 279 1617 quo
315 1563 565 1617 dispensari
599 1566 749 1617 potest
783 1567 836 1604 ut
871 1561 1084 1616 cognatio
1119 1561 1374 1616 spiritualis
1408 1563 1479 1605 vel
1509 1562 1718 1605 affinitas
1751 1576 1805 1606 ex
1827 1563 1986 1624 copula

111 1637 293 1691 illicita,
327 1636 557 1691 sponsalia
590 1650 678 1679 non
713 1648 762 1678 eo
796 1635 894 1690 ipso
928 1636 1185 1689 solvuntur,
1218 1636 1295 1678 sed
1330 1649 1449 1691 pars,
1483 1649 1595 1690 quae
1628 1636 1886 1680 voluntarie
1908 1637 1985 1679 im-

113 1711 424 1766 pedimentum
459 1710 701 1759 contraxit,
736 1714 918 1753 tenetur
950 1714 1101 1764 petere
1136 1709 1535 1765 dispensationem,
1568 1710 1605 1753 si
1638 1725 1742 1765 pars
1775 1710 1986 1754 innocens

113 1791 278 1840 urgeat
321 1784 632 1840 promissionis
681 1784 1005 1828 executionem.
1070 1784 1328 1826 Excusatur
1376 1784 1556 1838 quidem
1604 1785 1660 1827 ab
1708 1785 1987 1841 obligatione

112 1860 298 1916 petendi
335 1859 736 1914 dispensationem,
771 1858 808 1901 si
843 1871 939 1901 eam
975 1857 1178 1901 obtinere
1210 1864 1405 1912 nequeat
1446 1858 1535 1901 nisi
1572 1872 1670 1902 cum
1706 1859 1885 1914 magnis
1919 1873 1987 1902 ex·

110 1934 265 1990 pensis
299 1939 343 1977 et
378 1934 518 1988 longa
551 1932 740 1987 mora¹);
776 1946 931 1976 verum
965 1932 1099 1975 hodie
1132 1932 1240 1975 haec
1263 1932 1494 1976 excusatio
1517 1932 1595 1975 vix
1617 1947 1816 1988 unquam
1840 1935 1985 1977 locum

112 2008 311 2052 habebit.

265 2083 307 2136 b.
356 2082 618 2152 Professio
672 2080 923 2150 reliyiosa
979 2092 1030 2131 et
1089 2081 1347 2150 susceptio
1405 2081 1615 2132 ordines
1674 2082 1838 2133 sacri:
1895 2083 1987 2151 qui

116 2174 263 2223 enim
305 2171 699 2241 professionem
757 2171 956 2221 emittit
1011 2169 1099 2221 vel
1157 2169 1406 2221 ordinem
1467 2188 1682 2222 sacrum
1739 2172 1985 2240 suscipit,

118 2260 188 2313 ad
219 2259 656 2312 contrahendum
690 2259 939 2311 redditur
961 2257 1240 2324 inhabilis,
1273 2276 1398 2311 cum
1427 2259 1686 2330 professio
1712 2259 1989 2311 sollemnis

114 2360 169 2401 et
210 2350 341 2401 ordo
383 2368 538 2401 sacer
563 2351 899 2400 constituant
927 2348 1386 2417 impedimentum
1429 2358 1691 2418 perpetuo
1723 2349 1986 2401 dirimens

116 2440 546 2490 matrimonium.
627 2437 826 2502 Quoad
853 2437 1247 2506 professionem
1274 2436 1587 2505 religiosam
1625 2437 1840 2489 accedit
1880 2437 1989 2489 alia

115 2530 285 2580 ratio:
343 2529 385 2578 si
428 2529 574 2578 enim
617 2546 684 2578 ex
728 2527 1087 2596 dispositione
1142 2527 1275 2577 iuris
1318 2544 1417 2595 per
1456 2527 1851 2595 professionem
1893 2526 1987 2578 sol-

119 2626 324 2669 vuntur
365 2615 639 2687 sponsalia
695 2616 760 2668 de
804 2617 1096 2685 praesenti,
1152 2634 1183 2667 a
1224 2616 1433 2667 fortiori
1488 2615 1777 2667 solvuntur
1833 2634 1987 2686 spon-

117 2705 253 2758 salia
295 2705 363 2756 de
404 2705 604 2758 futuro.

268 2816 306 2847 c.
352 2795 752 2846 Blatrimonium
801 2812 923 2845 cum
979 2792 1087 2845 alia
1139 2811 1371 2863 persona
1427 2800 1785 2856 contractum,
1842 2792 1988 2862 quod

118 2895 302 2936 tamen
362 2901 470 2934 non
529 2891 673 2934 certo
716 2883 811 2934 sed
867 2881 1230 2952 probabiliter
1282 2891 1493 2934 tantum
1552 2880 1826 2951 sponsalia
1885 2881 1986 2932 dis-

117 2973 299 3026 solvit.

270 3061 432 3105 Omnes
467 3061 716 3104 concedunt
750 3061 942 3104 alteram
977 3074 1240 3116 sponsorum
1285 3064 1461 3115 partem
1504 3058 1667 3102 habere
1713 3058 1785 3102 ius
1828 3058 1988 3101 statim

117 3135 247 3179 aliud
279 3135 468 3179 ineundi
502 3134 869 3196 matrimonium;
906 3135 1111 3190 quaestio
1145 3139 1314 3189 autem,
1347 3139 1502 3177 utrum
1546 3132 1768 3188 obligatio
1812 3145 1991 3187 sponsa-

120 3209 233 3252 lium
268 3223 344 3264 per
377 3208 651 3263 subsequens
696 3209 1039 3253 matrimonium
1089 3222 1190 3252 cum
1232 3208 1324 3253 alia
1368 3220 1557 3263 persona
1594 3207 1764 3250 initum
1806 3206 1989 3261 penitus

118 3283 436 3339 extinguatur,
469 3297 527 3326 an
561 3283 704 3326 solum
740 3283 933 3326 durante
965 3282 1257 3326 matrimonio
1291 3282 1610 3337 suspendatur,
1633 3282 1743 3324 adeo
1766 3286 1819 3322 ut
1842 3279 1988 3322 soluto

122 3357 416 3400 matrimonio
449 3357 617 3400 iterum
650 3356 913 3410 reviviscat,
961 3364 1247 3400 controversa
1279 3362 1362 3399 est.
1427 3355 1512 3409 Qui
1554 3356 1713 3398 docent
1763 3353 1990 3408 sponsalia

278 3533 306 3588 1)
338 3533 385 3576 S.
419 3534 676 3590 Alphonsus
707 3548 750 3577 n.
784 3534 884 3577 858.
