2269 3898
621 117 688 159 De
719 116 1059 171 impedimentis
1091 117 1386 159 matrimonii.
1892 120 1944 161 77

223 248 307 302 Qui
341 249 683 292 matrimonium
716 249 806 291 init
838 250 1053 304 ignorans
1086 262 1165 304 per
1196 249 1312 292 illud
1344 250 1463 293 tradi
1502 250 1573 293 ius
1595 251 1643 293 in
1668 264 1840 305 corpus,
1873 253 1942 295 vel

72 329 240 377 putans
273 323 615 366 matrimonium
640 336 734 366 esse
757 323 961 376 solubile,
995 337 1141 366 errore
1173 324 1467 366 substantiali
1496 324 1695 378 laborat;
1729 324 1766 367 si
1790 330 1942 368 tamen

72 410 226 439 verum
262 397 603 440 matrimonium
637 397 752 439 inire
785 398 857 439 vel
890 411 1013 440 more
1039 397 1231 440 aliorum
1257 398 1520 440 contrahere
1543 398 1760 452 intendit,
1792 399 1944 441 valide

71 471 324 513 contrahit:
375 471 511 514 habet
552 470 671 513 enim
723 471 833 513 duas
880 470 1174 524 intentiones,
1223 471 1414 513 alteram
1456 472 1712 526 generalem
1756 472 1941 515 ineundi

72 558 225 587 verum
261 545 617 598 matrimonium,
651 545 842 587 alteram
867 558 1096 588 erroneam
1120 545 1308 588 ineundi
1333 558 1368 587 e.
1393 558 1437 599 g.
1462 546 1804 588 matrimonium
1829 547 1940 589 solu-

72 618 179 671 bile;
211 618 302 661 iam
336 632 440 661 vero
474 619 670 661 intentio
703 618 785 661 illa
818 619 1043 673 generalis
1076 619 1324 673 praevalet,
1358 619 1445 662 etsi
1493 633 1582 662 non
1626 620 1943 674 contraxisset,

71 692 107 734 si
141 692 456 736 indissolubile
489 693 791 748 cognovisset.
858 692 942 746 Qui
976 699 1131 736 tamen
1164 693 1315 735 animo
1363 693 1433 735 ita
1477 693 1724 748 dispositus
1758 699 1841 749 est,
1888 700 1941 737 ut

70 779 275 820 expresse
308 767 423 810 nolit
458 767 800 811 matrimonium
835 767 1163 822 indissolubile,
1196 767 1348 810 valide
1379 781 1468 809 non
1503 768 1745 812 contrahit.

219 856 260 907 b,
323 857 488 907 Error
542 858 681 908 circa
722 859 894 926 ipsam
928 875 1231 926 personam,
1288 874 1525 925 quacum
1569 857 1941 908 contrahitur:

70 946 123 995 iu
167 954 453 997 contractu
495 947 639 997 enim
685 946 1093 1008 matrimoniali,
1146 964 1303 996 secus
1352 954 1516 1014 atque
1560 946 1615 996 in
1660 946 1779 996 aliis
1822 964 1941 996 con-

68 1034 366 1100 tractibus,
428 1053 661 1104 persona
719 1036 1004 1085 constituit
1057 1035 1334 1086 obiectum
1398 1034 1759 1086 substantiale
1821 1053 1941 1086 con-

69 1133 289 1175 tractus.

223 1227 307 1280 Qui
343 1241 447 1282 ergo
491 1240 544 1270 ex
592 1241 738 1271 errore
783 1242 883 1270 cum
926 1228 1017 1271 alia
1062 1241 1251 1282 persona
1300 1227 1545 1281 contrahit,
1593 1241 1683 1270 non
1727 1241 1826 1269 cum
1877 1241 1945 1280 ea,

69 1316 203 1356 quam
237 1302 334 1356 ipse
366 1302 583 1356 intendit,
616 1308 669 1345 ut
696 1302 729 1345 si
758 1302 857 1356 quis
881 1302 1112 1345 cont-rabit
1135 1316 1235 1345 cum
1258 1302 1343 1345 Lia
1366 1306 1534 1357 putans
1568 1315 1663 1345 esse
1685 1302 1944 1356 Rachelem,

66 1390 155 1419 11011
189 1376 436 1430 contrahit,
469 1376 555 1419 etsi
590 1377 775 1431 cognita
808 1377 1004 1420 veritate
1042 1376 1340 1419 nihilominus
1373 1376 1688 1419 contraxisset.

217 1486 255 1517 c.
311 1467 480 1517 Error
536 1468 676 1517 circa
733 1465 1041 1536 qualitatem
1081 1484 1360 1535 personae,
1411 1484 1542 1534 qaae
1582 1466 1850 1516 redundat
1888 1468 1945 1516 ‘in

69 1557 239 1625 ipsam
275 1574 576 1624 personam.
654 1554 720 1606 In
765 1554 973 1624 duplici
1027 1564 1212 1605 autem
1265 1574 1394 1605 casu
1437 1573 1585 1605 error
1628 1556 1774 1606 circa
1816 1574 1938 1624 qua-

66 1644 275 1695 litatem
318 1647 374 1694 in
416 1646 591 1713 ipsam
634 1663 923 1712 personam
967 1643 1280 1695 redundare
1324 1655 1603 1695 censetur:
1648 1664 1696 1696 a.
1743 1645 1786 1696 si
1815 1664 1941 1713 qua·

66 1733 190 1785 litas
245 1744 325 1784 est
381 1734 616 1785 condicio
669 1752 948 1785 consensus
1002 1734 1034 1788 i.
1093 1751 1136 1786 e.
1197 1751 1495 1784 consensus
1551 1733 1724 1784 solum
1784 1733 1945 1785 datur

68 1823 444 1892 dependenter
496 1822 565 1874 ab
620 1824 913 1874 existentia
966 1822 1201 1873 alicuius
1257 1821 1556 1891 qualitatis,
1610 1831 1669 1873 ut
1724 1824 1767 1874 si
1823 1824 1942 1892 quis

65 1912 201 1964 nolit
242 1913 442 1963 ducere
484 1911 762 1977 Bertham,
816 1913 921 1962 nisi
964 1914 1032 1963 sit
1073 1911 1307 1974 nobilis3
1369 1911 1412 1964 Ζ).
1470 1913 1512 1963 si
1568 1911 1805 1981 qualitas
1862 1922 1943 1963 est

66 2003 469 2054 determinativa
512 2020 778 2071 personae
833 2003 865 2055 i.
910 2019 954 2053 e.
1015 2003 1058 2051 si
1116 2000 1351 2070 qualitas
1400 2002 1456 2051 in
1508 2009 1689 2051 mente
1732 2010 1939 2052 contra-

66 2091 248 2142 hentis
305 2091 636 2142 determinat
689 2109 980 2159 personam
1036 2089 1260 2142 aliunde
1314 2092 1558 2157 ignotam
1615 2099 1667 2142 et
1718 2109 1786 2141 ex
1828 2090 1941 2142 sola

66 2181 169 2231 hac
211 2180 475 2250 qualitate
529 2189 729 2233 notam.
813 2180 870 2232 Si
913 2181 1035 2249 quis
1090 2197 1216 2247 ergo
1267 2179 1402 2230 velit
1450 2179 1772 2230 contrahere
1815 2198 1937 2230 cum

67 2272 447 2339 primogenita,
492 2271 752 2320 offeratur
793 2278 977 2320 autem
1007 2270 1056 2319 ei
1086 2269 1536 2336 secundogenita,
1570 2287 1709 2338 quae
1739 2270 1938 2337 primo-

64 2361 309 2426 genitam
353 2377 408 2409 se
450 2377 566 2410 esse
608 2358 846 2424 simulat,
891 2359 1102 2409 nullum
1146 2361 1249 2409 erit
1291 2360 1722 2411 matrimonium.

214 2480 262 2532 2.
319 2479 485 2530 Error
540 2478 886 2530 accidentalis
943 2487 1022 2529 est
1076 2496 1223 2529 error
1277 2479 1419 2528 circa
1470 2476 1778 2546 qualitatem
1822 2497 1940 2546 per—

65 2587 239 2633 sonae,
284 2587 414 2636 quae
455 2587 559 2619 non
600 2568 868 2618 redundat
905 2569 962 2618 in
1002 2568 1175 2636 ipsam
1210 2585 1510 2636 personam.

214 2673 335 2725 Ergo
369 2671 404 2714 si
441 2672 540 2725 quis
587 2672 712 2714 ducit
744 2673 923 2713 Annam
968 2676 1137 2726 putans
1179 2683 1276 2713 eam
1321 2683 1415 2713 esse
1446 2668 1658 2724 nobilem,
1699 2669 1940 2724 virginem,

67 2746 272 2800 divitem,
317 2759 489 2799 sanam,
523 2759 623 2788 cum
656 2759 746 2788 non
780 2745 854 2799 sit,
888 2745 1012 2788 valet
1046 2744 1403 2795 matrimonium,
1437 2743 1523 2786 etsi
1556 2744 1715 2786 Annae
1746 2742 1793 2785 id
1825 2743 1941 2786 falso

64 2819 284 2863 asserenti
318 2819 597 2863 credidisset.

779 2984 812 3039 ὃς
845 2987 896 3028 2.
942 2985 1225 3028 Condicio.

218 3104 309 3157 78.
379 3103 602 3157 Natura
664 3103 1100 3171 impedimenti.
1179 3100 1647 3169 Impedimentum
1713 3101 1935 3152 condici-

68 3195 184 3245 onis
226 3192 460 3263 (scilicet
500 3194 735 3256 servilis)
786 3194 844 3243 in
894 3210 955 3243 eo
1008 3192 1272 3256 consistit,
1325 3189 1472 3260 quod
1522 3191 1934 3241 matrimonium

67 3284 136 3333 sit
162 3282 390 3346 nullum,
435 3284 478 3333 si
521 3282 683 3332 homo
725 3280 865 3332 liber
894 3282 1212 3348 ignoranter
1241 3279 1528 3330 contrahat
1558 3297 1683 3329 cum
1713 3279 1939 3344 servo¹).

223 3475 251 3521 1)
286 3475 366 3518 CC.
401 3474 646 3529 Proposuit
679 3476 705 3517 ἱ)
739 3483 783 3518 et
817 3474 887 3516 Ad
919 3479 1122 3516 nostram
1156 3474 1183 3515 4
1231 3473 1302 3515 De
1335 3471 1505 3525 conius).
1539 3484 1711 3514 servor.
1756 3470 1848 3521 (IV.
1882 3469 1939 3521 9).
