2269 3898
678 132 745 174 Dc
777 132 1031 175 virtutibus
1064 132 1381 177 cardinalibus.
1875 137 1959 178 275

99 262 145 307 ei
186 276 279 307 non
325 263 566 308 convenit.
629 263 834 308 Iustitia
879 264 1006 309 enim
1039 266 1238 322 proprie
1276 266 1410 312 dicta
1442 267 1652 325 respicit
1682 281 1851 313 verum
1886 269 1960 313 ius

97 337 148 382 in
181 351 250 391 eo,
286 337 364 382 cui
387 336 604 382 debitum
637 337 889 392 redditur3
933 337 1018 382 sed
1052 351 1190 383 nemo
1228 339 1411 385 dixerit
1445 346 1633 386 sontem
1666 341 1850 387 habere
1887 341 1960 386 ius

98 411 161 456 ad
192 424 414 469 poenam.
476 409 598 455 Ideo
631 411 829 456 iustitia
861 411 1184 467 vindicativa,
1231 413 1272 457 si
1304 419 1358 457 ut
1392 414 1625 470 specialis
1661 415 1816 460 virtus
1852 428 1961 460 con-

97 484 362 540 sideratur,
407 496 499 528 non
545 485 608 529 ad
648 490 818 540 partes
863 484 1179 541 subiectivas,
1222 486 1308 530 sed
1355 486 1418 531 ad
1451 493 1621 545 partes
1655 489 1959 545 potentiales

96 558 317 604 iustitiae
349 556 572 603 refertur
606 563 656 602 et
688 557 926 600 vindicatio
961 559 1259 616 appellatur.

243 718 371 772 247.
413 720 627 772 ParteS
668 721 961 773 iustitiae.
1044 723 1090 774 1.
1134 721 1319 773 Partes
1371 723 1681 774 sztbiectivae
1722 727 1961 776 iustitiae

94 814 220 857 sunt
258 808 467 858 iustitia
508 809 887 873 commutatich
931 809 1270 860 distributiva
1312 819 1364 860 et
1405 810 1604 878 ZeqaZ-is.

244 927 314 968 Ad
347 932 604 969 accuratam
641 926 908 969 divisionem
943 926 1132 970 virtutis
1165 928 1408 971 cardinalis
1449 928 1657 972 iustitiae
1690 931 1962 974 constituen-

96 1000 197 1042 dam
234 1000 409 1042 institia
442 1001 648 1055 generice
680 1005 865 1055 accepta
895 999 1160 1044 immediate
1194 1002 1439 1045 dividenda
1475 1008 1543 1045 est
1575 1003 1623 1045 in
1643 1004 1753 1046 duas
1780 1005 1961 1059 species,

94 1073 324 1116 iustitiam
357 1087 519 1128 nempe
549 1073 810 1129 {seneralenz
847 1078 893 1117 et
916 1075 1268 1129 particularem,
1299 1080 1435 1130 prout
1470 1076 1650 1131 bonum,
1684 1078 1801 1121 circa
1844 1081 1961 1133 quod

94 1152 302 1191 versatur
332 1148 530 1203 iustitia,
566 1148 768 1191 debitum
796 1153 864 1195 est
894 1148 1213 1192 communitati
1237 1154 1317 1192 aut
1339 1150 1537 1208 privato.
1583 1151 1756 1195 Deinde
1777 1152 1960 1196 iustitia

94 1222 385 1276 particularis
418 1222 585 1265 iterum
617 1222 801 1277 inffluas
824 1223 992 1277 species
1018 1223 1256 1277 dividitur,
1290 1224 1338 1267 in
1359 1224 1588 1268 iustitiam
1614 1226 1961 1279 distributivam,

93 1309 206 1349 quae
229 1309 308 1350 pro
332 1296 533 1339 subiecto
557 1297 694 1339 habet
717 1296 994 1350 societatem,
1019 1310 1255 1352 personam
1275 1300 1504 1354 moralem,
1528 1304 1572 1342 et
1592 1302 1962 1353 comnzntaticam,

94 1382 206 1423 quae
238 1383 317 1424 pro
351 1369 551 1413 subiecto
585 1371 721 1413 habet
754 1383 989 1425 personam
1023 1371 1267 1425 privatam.
1801 1379 1805 1383 '

243 1483 292 1535 2.
336 1482 521 1532 Partes
563 1481 843 1551 integrales
885 1484 1122 1533 iustitiae
1167 1482 1307 1533 duae
1350 1492 1504 1534 sunt:
1559 1484 1734 1542 facere
1775 1486 1960 1537 bonum

91 1582 137 1623 ct
179 1570 446 1622 declinare
489 1591 520 1621 a
562 1570 768 1634 ΙῚηῑαῐοῑ).

239 1689 392 1744 Ratio,
426 1689 478 1732 ob
513 1702 646 1743 quam
679 1694 732 1731 ut
764 1694 917 1743 partes
948 1688 1198 1743 integrales
1230 1688 1439 1732 iustitiae
1492 1696 1720 1745 ponantur
1754 1693 1838 1735 duo
1881 1694 1962 1736 616-

91 1769 262 1819 menta,
307 1776 420 1818 quae
463 1763 511 1805 in
546 1762 752 1805 omnibus
784 1761 1036 1805 virtutibus
1083 1762 1385 1818 reperiuntur,
1437 1777 1490 1806 ex
1538 1766 1754 1819 peculiari
1787 1765 1962 1821 {natura

88 1839 299 1882 iustitiae
333 1838 608 1881 desumenda
639 1842 721 1880 est.
785 1837 880 1879 Hoc
913 1837 1032 1880 enim
1056 1836 1288 1891 proprium
1314 1836 1453 1880 habet
1479 1839 1677 1894 iustitia,
1710 1845 1761 1882 ut
1787 1842 1958 1896 duplici

87 1913 219 1956 modo
252 1912 479 1956 observari
511 1911 654 1966 possit
688 1916 733 1954 et
775 1911 949 1965 debeat,
998 1925 1076 1966 per
1129 1914 1273 1954 cicinni
1322 1913 1575 1967 περαίη-ηιμ
1631 1913 1736 1969 (non
1779 1917 1957 1960 auferre

87 1987 304 2041 alienum)
337 1993 383 2029 et
416 1999 494 2040 per
528 1988 671 2028 actnm
694 1986 938 2041 positia-nm
970 1986 1170 2039 (reddere
1205 1985 1442 2041 debitum),
1476 1987 1585 2030 adeo
1618 1995 1670 2030 ut
1702 1989 1780 2032 1116
1812 1989 1951 2033 etiam

89 2073 193 2103 vere
229 2060 408 2103 dicatur
443 2060 613 2114 iustus,
649 2059 724 2114 qui
758 2073 847 2102 non
878 2058 1038 2116 [aufert
1086 2059 1298 2102 alienum.
1362 2061 1559 2104 Econtra
1601 2062 1717 2105 aliae
1764 2063 1960 2108 virtutes

88 2148 122 2178 e.
159 2147 203 2189 g.
238 2133 543 2188 temperantia
582 2147 670 2176 uno
705 2137 887 2176 tantum
929 2134 1074 2188 modo,
1124 2147 1202 2188 per
1241 2138 1369 2176 actus
1417 2134 1587 2178 scilicet
1620 2134 1856 2192 [positivos
1902 2139 1959 2181 ad

86 2222 290 2251 normam
326 2208 659 2263 temperantiae
692 2214 872 2251 exactos
907 2207 1134 2250 observari
1168 2214 1390 2262 possunt:
1439 2222 1582 2263 neque
1613 2211 1730 2253 enim
1780 2211 1835 2264 is,
1883 2213 1957 2266 qui

86 2297 176 2326 non
209 2282 420 2337 comedit,
454 2282 622 2325 dicitur
665 2287 940 2336 temperans
1004 2282 1101 2325 Iam
1146 2295 1249 2325 vero
1290 2296 1368 2337 per
1408 2289 1537 2326 actus
1576 2283 1785 2328 iustitiae
1827 2299 1957 2340 nega-

85 2356 206 2399 tivos
240 2356 517 2399 declinamus
551 2371 578 2398 a
611 2357 745 2409 malo,
776 2369 854 2411 per
887 2361 1016 2399 actus
1049 2360 1205 2400 autem
1240 2356 1461 2411 positivos
1489 2359 1694 2414 facimus
1727 2360 1897 2405 bonnm.

236 2468 284 2520 3.
347 2469 533 2519 Partes
596 2468 919 2537 potent-iales
975 2469 1234 2534 iustitiae,
1305 2486 1444 2538 quae
1520 2468 1760 2538 aliquam
1829 2489 1952 2522 cum

86 2559 295 2608 iustitia
336 2556 755 2608 similitudinem
796 2556 1018 2624 habent,
1063 2557 1158 2608 sed
1198 2564 1384 2607 tamen
1425 2558 1718 2626 apcrfecta
1739 2560 1950 2610 ratione

87 2647 327 2696 iustitiae
381 2645 663 2709 deficiunt,
724 2654 850 2697 sunt
909 2663 1096 2697 omnes
1169 2647 1411 2710 virtuteS‚
1480 2664 1619 2714 quae
1679 2655 1805 2697 sunt
1881 2648 1952 2698 ad

89 2733 336 2787 alterum.

235 2854 275 2894 A
307 2855 508 2911 perfecta
540 2858 693 2896 autem
726 2853 902 2896 ratione
932 2853 1142 2896 iustitiae
1176 2853 1414 2896 deficiunt:

237 2958 277 2986 cc.
312 2943 419 2998 quia
450 2956 539 2985 non
570 2942 819 2997 respiciunt
858 2943 1082 2986 debitum:
1129 2943 1377 2999 ffl'utitndo,
1418 2942 1671 2993 vindicatio,
1714 2943 1952 2995 veracitas,

87 3019 304 3071 amicitia„
337 3018 609 3069 liberalitas,
642 3018 884 3072 aequitas

240 3107 275 3149 b.
310 3107 416 3161 quia
446 3120 536 3149 non
587 3107 838 3161 respiciunt
886 3106 1088 3150 debitum
1136 3106 1377 3148 iuridicum
1432 3112 1492 3160 et,
1538 3106 1654 3160 quod
1701 3105 1949 3160 respiciunt

88 3182 291 3225 debitum
324 3170 472 3235 legale
502 3186 599 3223 tam
631 3194 848 3235 magnum
873 3186 956 3235 est,
987 3186 1042 3224 ut
1073 3181 1200 3223 reddi
1237 3181 1295 3223 ad
1319 3180 1646 3234 aequalitatem
1669 3192 1757 3221 non
1781 3177 1946 3232 possit:

87 3256 264 3311 religsio,
277 3255 446 3311 pietas„
479 3254 780 3305 observantia,
813 3254 1078 3296 obedientia.

244 3464 270 3517 ¹)
302 3462 349 3505 S.
390 3462 577 3504 Thomas
607 3460 666 3503 Π.
700 3461 759 3502 II.
793 3474 833 3514 q.
870 3461 937 3502 79.
972 3474 1009 3503 a.
1047 3463 1086 3503 1.

176 3553 208 3584 N
225 3552 401 3592 oldin,
427 3552 484 3582 De
509 3552 718 3590 principiis.
1713 3532 1769 3573 18
