2269 3898
837 112 904 155 De
935 112 1036 166 lege
1070 111 1239 155 divina.
1890 117 1972 158 117

755 345 1049 403 Articulus
1092 347 1319 404 tertius,

837 468 916 506 De
950 468 1188 507 consiliis
1203 466 1239 520 ¹).

248 597 378 650 101.
422 597 616 651 Notio.
699 598 941 650 Consilia
983 607 1108 650 sunt
1149 601 1392 651 actiones
1433 602 1611 652 bonae
1653 602 1803 653 nulla
1844 602 1963 672 lege

95 695 440 757 praeceptae,
498 685 750 738 meliores
791 695 977 740 tamen
1020 707 1207 740 earum
1251 691 1515 758 oppositis
1557 698 1616 741 ut
1656 693 1962 760 virginitas,

95 795 237 846 quae
291 776 482 827 melior
537 784 618 827 est
671 778 1039 844 matrimonio,
1099 779 1384 845 ieiunium,
1441 779 1587 848 quod
1642 779 1835 831 melius
1891 790 1973 832 est

93 867 476 935 temperantia.

246 983 286 1011 a.
321 970 507 1012 Praeter
539 969 739 1012 actiones
783 970 885 1025 lege
932 976 1196 1025 praeceptas
1239 970 1310 1013 vel
1356 970 1609 1025 prohibitas
1654 973 1827 1016 multae
1860 973 1977 1017 aliae

96 1050 203 1088 sunt
236 1057 316 1087 nec
349 1048 616 1099 praeceptae
656 1057 737 1087 nec
777 1044 1034 1099 prohibitae
1078 1045 1155 1087 sed
1188 1045 1354 1095 licitae,
1394 1045 1441 1087 in
1475 1045 1637 1099 quibus
1681 1046 1973 1090 continentur

92 1133 186 1173 eae,
236 1132 349 1173 quae
392 1124 626 1173 tamquam
670 1118 857 1161 consilia
905 1119 1034 1162 nobis
1068 1119 1462 1162 commendantur:
1513 1120 1634 1162 Deus
1668 1120 1786 1163 enim
1819 1122 1972 1164 voiun-

95 1199 240 1237 tatem
275 1207 402 1236 suam
439 1193 608 1247 duplici
643 1194 774 1236 modo
807 1193 935 1237 nobis
976 1194 1260 1248 manifestat,
1303 1198 1385 1236 aut
1418 1194 1733 1249 praecipiendo
1768 1199 1847 1239 aut
1883 1210 1978 1239 sua-

97 1268 241 1311 dendo
276 1273 321 1310 et
355 1267 725 1310 commendando.
772 1268 986 1311 Actiones
1019 1272 1285 1323 praeceptae
1318 1268 1375 1311 ad
1408 1269 1544 1311 finem
1579 1268 1876 1312 obtinendum
1909 1283 1980 1313 ne-

94 1342 315 1385 cessariae
367 1347 489 1396 sunt,
529 1341 717 1384 consilia
755 1342 1007 1385 necessaria
1045 1356 1134 1385 non
1178 1346 1300 1397 sunt,
1349 1343 1426 1386 sed
1469 1343 1614 1386 libera
1660 1348 1796 1397 atque
1829 1345 1978 1387 unius-

95 1417 312 1472 cuiusque
345 1416 520 1471 optioni
554 1415 786 1470 permissa.

246 1491 283 1533 b.
316 1490 415 1533 Non
448 1503 600 1532 omnes
633 1489 833 1532 actiones
865 1490 993 1532 nulla
1015 1491 1115 1545 lege
1138 1494 1403 1545 praeceptae
1426 1491 1483 1533 ad
1507 1491 1696 1535 consilia
1720 1492 1975 1547 pertinent:

94 1566 151 1609 de
183 1566 360 1609 ratione
404 1566 523 1609 enim
579 1565 755 1608 consilii
790 1570 873 1619 est,
919 1569 970 1608 ut
1012 1565 1073 1608 sit
1117 1567 1231 1609 actio
1263 1566 1425 1608 melior
1457 1580 1591 1620 qnam
1626 1567 1722 1610 eius
1756 1567 1978 1622 opposita,

91 1638 195 1682 ideo
229 1639 588 1694 matrimonium,
630 1639 837 1693 quamvis
882 1644 1172 1694 praeceptum
1218 1654 1306 1683 non
1340 1641 1416 1696 sit,
1458 1654 1547 1684 non
1581 1645 1649 1684 est
1683 1655 1752 1685 res
1786 1642 1978 1696 consilii,

92 1714 203 1768 quia
235 1728 324 1757 non
357 1719 428 1758 est
459 1713 734 1769 virginitate
773 1713 948 1756 melius.

245 1803 279 1830 e.
334 1788 533 1832 Consilia
580 1788 902 1843 multipliciter
947 1788 1170 1843 dcffemmt
1201 1802 1227 1830 a
1261 1789 1467 1844 lembus:
1521 1805 1561 1832 α.
1611 1790 1733 1845 leges
1768 1789 1975 1845 obligant

91 1877 262 1918 omnes,
307 1863 496 1907 consilia
528 1876 601 1906 eos
635 1867 817 1906 tantum
862 1862 1085 1917 obligant,
1127 1863 1202 1917 qui
1241 1864 1298 1906 ad
1332 1877 1484 1907 eorum
1519 1864 1854 1907 observantiam
1886 1865 1974 1920 ipsi

90 1951 140 1981 se
173 1937 459 1993 obligarunt;
521 1939 557 1988 β.
601 1938 724 1992 leges
767 1937 976 1992 obligant
1008 1937 1053 1979 vi
1089 1950 1169 1980 sua
1202 1951 1256 1981 ex
1289 1939 1529 1982 voluntate
1563 1937 1733 1993 divina,
1783 1939 1973 1982 consilia

96 2012 241 2055 solum
278 2012 584 2067 dependenter
616 2026 641 2055 a
674 2012 914 2054 voluntate
947 2012 1168 2063 humana:
1216 2027 1254 2063 γ.
1289 2013 1411 2067 leges
1446 2016 1551 2055 sunt
1586 2013 1736 2056 media
1769 2013 1826 2056 ad
1860 2012 1974 2056 obti-

89 2087 287 2130 nendam
321 2087 467 2130 vitam
508 2090 741 2129 aeternam
781 2086 1045 2138 necessaria,
1092 2086 1280 2129 consilia
1325 2090 1431 2130 sunt
1475 2087 1624 2131 media
1666 2087 1823 2142 libera,
1857 2101 1970 2142 quae

90 2167 249 2205 tamen
282 2161 480 2204 securius
514 2164 558 2204 et
591 2160 838 2214 perfectius
872 2160 929 2202 ad
963 2160 1108 2203 vitam
1142 2164 1373 2204 aeternam
1408 2161 1679 2204 conducunt.
1737 2161 1852 2214 Quia
1874 2175 1971 2204 con-

90 2235 198 2278 silia
237 2249 327 2278 non
356 2234 608 2278 necessaria
641 2235 718 2278 sed
750 2234 893 2278 libera
916 2239 1038 2289 sunt,
1071 2248 1223 2278 eorum
1256 2249 1389 2291 opera
1412 2249 1549 2291 opera
1572 2237 1975 2292 supereroyatoria

90 2310 276 2363 gWerke
311 2310 389 2352 der
421 2297 734 2364 Ubergebtihr)
764 2314 997 2352 vocantur.

243 2375 312 2426 Exi
345 2382 415 2426 his
450 2382 831 2427 declarationibus
863 2383 1192 2438 intelliguntur
1225 2383 1488 2439 qualitates,
1521 2397 1634 2439 quae
1667 2384 1853 2427 consilio
1877 2397 1971 2427 con-

93 2457 299 2512 veniunt,
333 2462 385 2501 ut
419 2457 503 2500 sit:
555 2472 595 2501 α.
640 2471 750 2512 opus
792 2457 983 2500 liberum
1016 2471 1105 2501 non
1137 2462 1452 2513 praeceptum:
1511 2459 1549 2508 β.
1585 2458 1749 2501 bonum
1784 2458 1969 2507 melius;

92 2546 133 2584 γ.
169 2546 280 2587 opus
311 2531 768 2587 supererogatorium.

243 2681 374 2735 10⁶2.
404 2681 632 2735 Eorum
662 2681 1012 2735 existentia.
1059 2681 1104 2732 1.
1141 2680 1410 2746 Quamvis
1441 2689 1630 2732 contra
1660 2681 1967 2732 doctrinam

93 2769 426 2821 catholicam
483 2769 551 2822 de
607 2771 848 2822 consiliis
904 2772 1013 2821 iam
1064 2770 1134 2821 ab
1185 2771 1587 2840 antiquissimis
1629 2770 1969 2840 temporibus

248 2948 280 3002 ¹)
332 2948 378 2992 S.
413 2949 739 3005 ffi‘eronffln-ns,
785 2949 1015 2993 Adversus
1067 2949 1293 2992 Iovinian.
1333 2949 1363 2992 1.
1405 2949 1446 2991 2.
1509 2948 1556 2995 S.
1602 2949 1795 2992 Thomas
1841 2949 1876 2993 Ι.
1910 2949 1970 2991 Π.

94 3023 274 3077 (1.,108.
308 3036 348 3067 a.
381 3022 422 3065 4.
455 3023 515 3066 Π.
550 3023 610 3066 11.
645 3037 684 3078 q.
720 3023 818 3067 184.
852 3037 890 3067 a.
927 3024 990 3073 3.;
1027 3037 1065 3078 q.
1102 3024 1199 3066 186.
1235 3038 1272 3068 a.
1309 3023 1349 3065 7.
1412 3022 1612 3070 Suaree,
1656 3023 1723 3066 De
1754 3022 1977 3077 religione

92 3101 230 3139 tract.
265 3097 304 3139 7.
338 3097 368 3139 l.
404 3098 442 3139 1.
478 3110 513 3139 c.
546 3097 677 3140 6—9.
729 3098 1059 3150 Bellarminus,
1093 3098 1159 3140 De
1192 3097 1423 3140 monachis
1457 3111 1491 3140 c.
1528 3098 1687 3141 7—13.
1722 3096 1973 3139 Ballerl'm'-

93 3170 325 3213 Palmieri
353 3170 427 3213 IV.
460 3185 503 3216 n.
536 3172 668 3215 4—8.
720 3172 926 3228 GOJerrt,
958 3171 1357 3227 Moraltheologie3
1388 3171 1675 3226 (Paderborn.
1701 3170 1972 3225 Schoningh.

97 3245 230 3299 1901)
260 3244 291 3287 I.
324 3259 370 3287 n.
404 3245 594 3288 36—41.
659 3245 832 3298 Situm,
874 3246 1110 3289 Lehrbuch
1154 3246 1232 3288 der
1269 3245 1669 3300 Moraltheologie³
1722 3244 1974 3299 (Freiburg.

94 3319 281 3363 Herder.
315 3320 447 3374 1893)
478 3319 519 3363 S.
551 3320 609 3363 45
641 3322 690 3364 ff.
755 3321 987 3374 Sclezrane,
1020 3322 1086 3365 De
1119 3321 1327 3377 operibus
1364 3319 1768 3377 supererogatoriis
1802 3325 1848 3363 et
1881 3334 1976 3363 con.

91 3394 209 3437 siliis
243 3394 518 3450 evangelicis
549 3395 845 3448 (Monasterii.
880 3396 1137 3451 Theissing.
1166 3395 1307 3450 1868).
1371 3396 1424 3438 A.
1457 3394 1611 3446 Weiss,
1642 3394 1865 3449 Apologie
1895 3394 1973 3436 des

92 3467 455 3512 Christentums3
486 3468 736 3524 (Freiburg.
774 3470 980 3525 Herder.)
1013 3470 1054 3513 5.
1089 3470 1170 3513 Bd.
1207 3469 1248 3512 S.
1282 3470 1368 3512 203
1401 3470 1451 3512 ff.
