2269 3898
246 151 303 194 ΤΟ
991 142 1058 184 De
1090 138 1398 183 matrimonio.

262 281 496 351 infertl).
576 280 652 331 L‘t
706 295 831 345 ergo
888 276 1037 327 licite
1097 274 1513 326 matrimonium
1565 273 1705 323 inire
1747 272 1935 341 possit,
1979 279 2146 323 antea

255 371 723 441 dispensationem
766 385 798 418 a
839 373 967 417 voto
1009 373 1162 434 petat
1201 373 1432 432 oportet.

399 474 438 503 a.
494 457 777 501 Contraleens
814 455 1025 511 ffl’aciz‘er
1054 456 1242 510 peccat:
1293 468 1333 496 α.
1384 451 1569 495 Habens
1617 454 1761 494 colum
1810 463 1897 493 uon
1946 450 2151 493 nubendi

251 533 556 578 contrahendo
602 530 946 574 matrimonium
993 528 1200 584 graviter
1245 534 1417 583 peccat,
1467 526 1574 581 quia
1616 526 1924 569 contrahendo
1975 526 2148 568 directe

251 612 407 651 contra
439 610 597 649 votum
632 605 754 657 agitg
800 606 837 654 β.
872 603 1057 647 Habens
1091 606 1235 646 rosum
1271 602 1551 658 ciryim'tatis
1586 601 1757 644 directe
1790 608 1949 643 contra
1981 604 2140 643 vot-um

250 687 405 738 peccat
449 680 595 736 primo
639 685 745 724 actu
793 679 1038 733 coniugali,
1090 691 1176 733 (1110
1225 677 1474 732 virginitas
1526 675 1785 726 amittitur,·
1836 674 2148 718 contrahendo

253 765 407 801 autem
442 760 615 811 peccat,
648 759 748 798 tum
784 754 891 809 quia
924 754 1213 797 voluntatem
1248 751 1385 794 habet
1410 750 1758 794 matrimonium
1783 749 2148 804 consummandi,

251 840 351 875 tum
397 830 503 885 quia
547 830 645 873 voti
689 828 1051 872 observationem
1097 826 1182 870 sibi
1229 825 1384 869 reddit
1415 825 1762 881 impossibilem,
1796 838 1845 868 eo
1881 826 2000 880 (111οᾶ
2034 838 2147 868 com-

252 906 373 962 parti
406 907 478 949 ius
511 904 658 948 tradit
692 903 906 959 exigendi
957 902 1174 946 debitum.
1241 915 1279 953 γ.
1317 900 1502 944 Habens
1536 903 1678 943 cotum
1715 900 1942 943 castitatis
1974 908 2149 943 contra·

251 982 398 1025 hendo
443 995 533 1024 non
578 979 678 1035 agit
713 979 881 1022 directe
916 983 1073 1021 contra
1107 981 1291 1029 votum3
1333 980 1543 1019 attamen
1584 975 1792 1031 graviter
1824 982 1995 1030 peccat,
2041 975 2152 1029 quia

252 1057 537 1100 voluntatem
596 1055 734 1098 habet
782 1052 1126 1096 consummandi
1177 1051 1525 1094 matrimonium
1575 1055 1620 1094 et
1670 1050 1778 1105 quia
1824 1050 2143 1105 impletionem

252 1132 348 1176 voti
383 1131 469 1174 sibi
501 1130 655 1174 reddit
694 1128 1038 1184 impossibilem.
1105 1127 1144 1169 ὃ.
1186 1127 1370 1170 Habens
1417 1129 1561 1169 cotum
1604 1125 1898 1181 inffl’ediendl'
1939 1125 2148 1168 ordinem

251 1205 557 1249 contrahendo
600 1208 771 1260 peccat,
820 1210 919 1246 tum
967 1203 1074 1257 quia
1106 1202 1394 1245 voluntatem
1430 1200 1568 1244 habet
1602 1200 1944 1244 consummandi
1992 1200 2148 1244 matri-

254 1281 472 1334 monium,
518 1279 565 1322 id
611 1279 729 1334 quod
762 1278 986 1321 indirecte
1020 1282 1065 1320 et
1099 1276 1365 1320 secundario
1399 1280 1632 1331 repugnat
1663 1278 1786 1330 voto,
1831 1280 1929 1318 tum
1965 1276 2071 1330 quia
2105 1288 2155 1318 se

257 1355 444 1411 exponit
510 1354 708 1410 periculo
772 1353 983 1397 laedendi
1038 1357 1195 1395 votum
1251 1352 1322 1394 vel
1389 1350 1645 1406 decipiendi
1709 1351 1903 1394 alteram
1957 1358 2150 1406 partem.

258 1447 293 1474 ε.
330 1431 514 1474 Habens
548 1433 691 1473 votnm.
716 1442 875 1473 sacros
899 1428 1086 1471 ordines
1107 1427 1389 1484 suscipiendi
1410 1426 1719 1470 contrahendo
1742 1427 1950 1482 graviter
1982 1430 2156 1482 peccat,

261 1507 367 1561 quia
401 1505 716 1560 impletionem
751 1504 848 1547 voti
883 1503 968 1547 sibi
1002 1503 1157 1547 reddit
1190 1502 1536 1559 impossibilem.

408 1582 443 1624 h.
479 1581 579 1624 Duo
613 1594 742 1623 casus
776 1585 898 1623 sunt.
946 1580 1023 1623 sed
1056 1579 1191 1623 valde
1233 1578 1341 1633 rari,
1386 1578 1433 1621 in
1479 1577 1643 1633 quibus
1684 1577 1956 1621 contrahens
2000 1575 2155 1630 aliquo

257 1658 416 1701 horum
463 1663 675 1700 votorum
718 1656 895 1711 ligatus
942 1669 1032 1699 non
1082 1659 1258 1710 peccat:
1312 1670 1352 1697 α.
1402 1654 1589 1698 Habens
1637 1658 1796 1697 votum
1846 1652 2156 1708 virginitatis,

259 1732 492 1776 castitatis
526 1732 599 1775 vel
631 1730 921 1786 ingrediendi
957 1730 1161 1774 ordinem
1203 1744 1294 1773 non
1337 1735 1510 1785 peccat,
1555 1730 1592 1773 si
1637 1730 1822 1772 firmum
1866 1728 2152 1784 propositum

255 1807 391 1850 habet
411 1812 520 1850 ante
537 1806 821 1850 matrimonii
841 1805 1280 1849 consummationem
1315 1804 1606 1860 ingrediendi
1632 1805 1832 1848 ordinem
1859 1804 2150 1859 religiosum;

256 1887 305 1926 at
351 1882 441 1925 nisi
486 1882 678 1925 alteram
723 1886 900 1936 partem
951 1881 1006 1924 de
1049 1881 1133 1924 hac
1177 1894 1224 1924 re
1269 1885 1468 1935 moneat,
1513 1893 1612 1923 eam
1648 1880 1913 1934 decipiendo
1947 1878 2156 1934 graviter

257 1962 426 2012 peccat.
493 1958 531 2005 β.
576 1957 760 2000 Habens
802 1962 962 2000 votum
1011 1955 1304 2011 virginitatis
1355 1956 1427 1999 vel
1478 1955 1712 1999 castitatis
1757 1969 1846 1998 non
1895 1958 2066 2010 peccat,
2116 1953 2152 1997 si

256 2037 453 2087 utraque
496 2045 601 2087 pars
643 2032 872 2076 consentit
914 2030 963 2074 in
1012 2031 1236 2075 servanda
1280 2030 1329 2073 in
1372 2030 1586 2085 coniugio
1620 2030 1897 2086 virginitate
1944 2033 1989 2073 et
2024 2029 2155 2072 casti-

258 2112 370 2162 tate,
404 2108 523 2162 quod
556 2113 742 2163 propter
775 2120 944 2163 magna
978 2107 1191 2163 peccandi
1229 2106 1434 2161 pericula
1467 2119 1570 2149 raro
1606 2105 1911 2161 permittitur.

411 2273 502 2326 71.
559 2273 647 2324 Ad
695 2273 822 2342 quid
873 2282 1090 2338 tenetur,
1144 2275 1234 2343 qui
1291 2273 1486 2343 ligatu-s·
1541 2291 1645 2324 uno
1699 2273 1880 2323 horum
1921 2279 2160 2323 votorum

261 2364 659 2415 matrimonium
687 2364 992 2415 contremit?
1039 2395 1104 2400 —
1148 2364 1213 2414 In
1254 2381 1458 2432 genere
1502 2361 1804 2414 dicendum
1847 2370 1929 2413 est
1970 2363 2154 2431 ipsum

261 2473 292 2505 a
319 2461 448 2505 voto
487 2452 644 2517 solvi,
690 2454 847 2505 cuius
890 2453 1203 2505 observatio
1247 2454 1396 2505 facta
1438 2461 1520 2504 est
1559 2451 1936 2522 impossibilis7
1979 2453 2155 2503 teneri

263 2551 447 2596 autem
505 2543 575 2595 ad
630 2545 745 2595 voti
801 2543 1275 2612 observationem,
1338 2555 1614 2613 quatenus
1676 2545 1794 2594 sine
1857 2544 2160 2611 compartis

262 2633 605 2703 praeiudicio
649 2634 833 2686 adhuc
875 2633 1160 2686 observari
1205 2642 1399 2703 potest⁷
1445 2634 1551 2685 nisi
1593 2633 1820 2686 obtenta
1857 2633 2024 2684 fuerit
2053 2632 2157 2684 dis-

267 2725 532 2792 pensatio.
614 2724 687 2775 Et
727 2724 1008 2776 ordinarie
1051 2725 1272 2794 quidem
1318 2723 1723 2776 consulendum
1767 2732 1863 2790 est⁷
1916 2731 1977 2776 ut
2025 2722 2157 2775 obli-

265 2816 411 2882 gatio
469 2816 582 2866 voti
637 2834 733 2884 per
793 2814 1264 2884 dispensationem
1323 2816 1544 2884 penitus
1594 2814 1891 2880 auferatur,
1936 2822 2161 2883 propter

266 2922 467 2973 magna
510 2904 778 2972 peccandi
822 2904 1087 2974 pericula.

417 3010 455 3053 1.
493 3008 591 3067 Qui
625 3010 875 3055 contraxit
907 3010 1093 3068 ligatus
1128 3012 1223 3052 roto
1256 3022 1342 3052 non
1378 3009 1601 3052 nubendi.-
1647 3023 1688 3051 a.
1722 3009 1928 3067 Absque
1965 3008 2159 3068 dispen-

268 3084 458 3129 satione
495 3084 806 3131 matrimonio
849 3085 924 3130 uti
957 3089 1144 3144 potest:
1193 3098 1299 3130 cum
1337 3084 1463 3130 enim
1501 3084 1605 3130 voti
1639 3083 1924 3131 observatio
1958 3083 2057 3129 iam
2094 3083 2162 3129 sit

268 3158 603 3218 impossibilis,
640 3159 702 3204 ad
736 3160 857 3205 nihil
895 3160 1031 3206 aliud
1064 3165 1280 3217 tenetur,
1315 3159 1413 3205 nisi
1446 3166 1501 3205 ut
1536 3159 1594 3205 de
1631 3166 1852 3218 peccato,
1888 3159 2015 3217 (111οᾶ
2049 3173 2160 3205 0011-

266 3233 510 3280 trahendo
546 3234 802 3291 commisit,
839 3235 1020 3280 doleat.
1086 3235 1123 3278 b.
1156 3234 1286 3280 Num
1320 3241 1486 3280 votum
1513 3242 1707 3280 mortua
1742 3240 1997 3293 comparte
2028 3234 2160 3281 revi-

268 3309 441 3363 viscat-5
494 3307 617 3355 adeo
649 3315 705 3355 ut-
748 3323 921 3356 novum
968 3310 1334 3355 matrimonium
1388 3310 1574 3367 absque
1625 3309 1997 3367 dispensatione
2030 3309 2159 3356 inire

426 3472 456 3526 ²)
507 3473 573 3516 Cf.
625 3473 707 3517 CC.
752 3474 1043 3517 Meminimus
1077 3476 1103 3517 3
1145 3474 1386 3517 Consuluit
1419 3474 1446 3515 4
1491 3473 1690 3518 Veniens
1723 3476 1750 3517 5
1794 3475 1970 3517 Rursus
2003 3474 2030 3517 6
2075 3473 2165 3527 Qui

271 3547 425 3591 elerici
455 3548 548 3602 (IV.
584 3549 645 3604 6).
