2269 3898
294 134 379 176 134
1030 131 1096 173 De
1128 130 1431 172 matrimonio.

295 266 623 324 dispensando
648 266 709 310 ab
736 277 899 309 eorum
924 262 1228 321 praesentia,
1264 276 1368 308 cum
1395 262 1586 308 omnino
1611 276 1704 308 non
1729 262 1841 317 sint,
1865 264 1946 321 qui
1967 263 2169 309 testium

293 353 491 385 munere
523 338 665 396 fungi
696 337 916 397 possint‘·'
931 339 972 390 ¹).

443 444 477 471 e.
512 427 573 474 In
625 429 720 473 hac
767 426 1013 473 facultate
1071 427 1351 472 continetur
1401 428 1554 472 etiam
1606 433 1830 485 potestas
1879 426 2173 473 declarandi

293 502 565 560 legitimam
600 502 786 560 prolem
822 516 851 547 a
886 501 1250 547 eoncubinariis
1283 499 1415 546 forte
1450 506 1744 559 susceptam,
1790 506 2000 559 excepta
2030 502 2171 559 prole

295 577 578 622 adulterina
613 583 664 622 et
694 577 831 634 prole
875 576 1198 634 proveniente
1235 589 1264 621 a
1306 575 1529 634 personis
1574 576 1744 622 ordine
1788 589 1929 621 sacro
1963 576 2045 621 vel
2079 575 2173 621 sol-

291 651 441 696 lemni
487 649 793 709 professione
840 651 1079 708 religiosa
1127 650 1315 707 ligatis,
1365 649 1438 695 ita
1485 656 1541 696 ut
1588 664 1791 696 necesse
1841 664 1936 696 non
1985 650 2051 696 sit
2081 664 2172 708 pro

291 724 650 782 legitimatione
684 724 838 782 prolis
872 738 1049 770 novam
1081 724 1299 782 gratiam
1334 739 1369 770 s.
1404 724 1537 770 sedis
1571 724 1901 783 impetrare2).

431 815 473 870 f.
509 812 562 858 Si
597 813 979 871 dispensandum
1014 814 1079 860 sit
1112 828 1218 860 cum
1253 814 1328 871 iis7
1376 814 1457 872 qui
1491 828 1632 860 sacro
1667 814 2051 860 subdiaconatus
2087 820 2174 860 aut

294 887 582 934 diaconatus
617 889 787 934 ordine
823 889 921 934 sint
968 889 1196 941 insigniti
1228 889 1308 935 vel
1344 889 1630 935 sollemnem
1664 887 2021 948 professionem
2054 889 2172 935 reli-

293 962 479 1020 giosam
514 963 771 1009 emiserint
805 970 950 1021 atque
985 970 1097 1022 post
1131 964 1552 1022 dispensationem
1587 970 1638 1010 et
1670 964 2039 1010 matrimonium
2071 964 2171 1010 rite

292 1036 595 1082 celebratum
655 1038 1019 1090 convaluerint,
1079 1038 1320 1084 ordinarii
1370 1038 1427 1084 de
1486 1038 1744 1097 impertita
1800 1038 2172 1096 dispensatione

291 1126 566 1170 supremam
585 1114 718 1159 sacri
738 1112 908 1160 Officii
928 1114 1361 1172 congregationem
1382 1114 1647 1160 certiorem
1670 1112 1876 1167 taciant‚
1903 1118 1953 1159 et
1970 1113 2171 1158 interim

291 1186 419 1231 omni
452 1201 540 1246 ope
578 1195 765 1242 curent,
807 1195 863 1234 ut
896 1189 1201 1245 scandalum,
1247 1189 1289 1235 si
1323 1190 1449 1247 quod
1495 1189 1640 1243 adsit,
1688 1202 1742 1235 eo
1777 1189 1981 1234 meliore
2015 1188 2171 1238 modo,

291 1274 379 1318 quo
414 1260 524 1307 fieri
567 1263 736 1319 possit,
784 1269 1116 1318 removeatur,
1165 1269 1267 1310 tum
1314 1264 1591 1310 inducendo
1636 1278 1732 1317 eos,
1780 1267 1836 1309 ut
1877 1263 1929 1308 in
1976 1263 2085 1309 loca
2119 1276 2172 1308 se

291 1333 570 1389 conferant‚·
597 1337 681 1382 ubi
715 1351 878 1383 eorum
904 1338 1125 1385 condicio
1151 1339 1501 1385 ecclesiast-ica
1527 1343 1612 1384 aut
1634 1338 1873 1396 religiosa
1895 1338 2172 1396 ignoratur,

289 1416 403 1463 tum,
439 1411 480 1456 si
514 1411 563 1456 id
588 1412 803 1458 obtineri
826 1419 1054 1472 nequeat,
1091 1413 1161 1459 eis
1185 1414 1365 1460 saltem
1394 1414 1695 1471 iniungendo
1720 1412 2005 1470 spiritualia
2033 1425 2174 1458 exer-

291 1484 409 1530 citia
445 1485 665 1545 aliasque
714 1487 963 1534 salutares
1012 1488 1348 1546 poenitentias
1399 1494 1547 1546 atque
1582 1502 1691 1534 eam
1738 1488 1877 1534 vitae
1910 1487 2171 1544 rationem,

291 1572 413 1616 quae
447 1562 740 1618 praeteritis
767 1562 1047 1609 excessibus
1071 1563 1375 1609 redimendis
1402 1568 1519 1622 apta
1552 1563 1786 1609 videatur
1811 1576 2031 1621 quaeque
2054 1562 2173 1608 fide-

289 1633 418 1679 libus
454 1636 676 1694 exemplo
712 1636 776 1681 sit
811 1637 873 1682 ad
906 1644 1045 1683 recte
1082 1643 1131 1683 et
1166 1638 1438 1684 christiane
1472 1636 1791 1695 vivendum3).

443 1726 491 1776 2.
538 1725 798 1777 Potestate
839 1727 1081 1797 deleyata
1123 1728 1444 1797 dispensare
1486 1736 1665 1798 potest
1720 1730 1776 1780 in
1832 1729 1900 1779 iis
1953 1727 2171 1798 impedi-

293 1816 475 1864 mentis
534 1817 651 1866 sive
712 1816 1079 1868 dirimentibus
1142 1819 1259 1868 sive
1307 1817 1735 1887 impedientibus,
1808 1837 1906 1887 pro
1969 1818 2173 1887 quibus

290 1903 585 1972 specialem
628 1905 1008 1976 deleyationem
1050 1909 1251 1976 accepit
1304 1926 1403 1977 per
1455 1907 1762 1971 facultates,
1818 1926 1959 1977 quae
2017 1909 2171 1977 quin-

291 1993 594 2062 quennales
636 2004 730 2046 aut
770 1996 1070 2048 triennales
1114 2009 1210 2048 aut
1252 1996 1521 2049 annuales
1564 1997 1839 2050 dicuntur.

438 2097 494 2140 Vi
528 2099 663 2142 huius
695 2100 942 2154 potestatis
992 2101 1229 2157 delegatae
1262 2115 1316 2144 ex
1352 2102 1658 2146 declaratione
1691 2116 1724 2146 s.
1769 2103 1889 2146 sedis
1936 2103 2174 2157 episcopus

288 2171 432 2214 solum
483 2171 531 2214 in
578 2172 921 2228 impedimentis
967 2176 1126 2219 stricte
1175 2176 1358 2219 occultis
1408 2176 1670 2232 dispensare
1711 2182 1879 2233 potest,
1921 2191 2012 2220 non
2058 2176 2170 2221 item

289 2245 497 2301 publicis,
531 2247 618 2290 etsi
663 2249 992 2304 urgentissima
1025 2250 1087 2293 sit
1119 2251 1421 2305 necessitas4).

437 2412 560 2467 133.
612 2413 696 2466 De
738 2428 853 2467 usu
894 2414 1112 2468 harum
1153 2415 1518 2469 facultatum
1559 2424 1807 2467 notetur:
1853 2436 1900 2468 a.
1946 2416 2003 2469 Si
2047 2435 2170 2468 con-

288 2502 567 2554 trahentes
618 2512 744 2554 sunt
785 2504 1026 2556 diversae
1067 2506 1320 2557 dioecesis
1363 2513 1414 2556 et
1463 2523 1515 2559 α.
1572 2505 2035 2575 impedimentum
2091 2514 2174 2558 est

289 2592 452 2642 unius
495 2593 873 2645 contrahentis
907 2595 1194 2665 personale
1239 2604 1297 2646 ut
1341 2596 1805 2665 impedimentum
1858 2597 1991 2663 voti⁷
2047 2614 2171 2647 eon-

291 2680 518 2732 trahens
560 2701 592 2733 a
634 2684 853 2752 proprio
897 2686 1155 2754 episcopo
1201 2685 1507 2755 dispensari
1540 2685 1729 2746 debet;
1774 2685 1906 2737 hinc
1933 2688 1978 2737 si
2007 2685 2171 2737 ambo

293 2770 565 2821 eiusmodi
609 2772 1005 2841 impedimento
1050 2776 1522 2844 constringuntur,
1566 2794 1598 2827 a
1639 2794 1734 2827 suo
1778 2777 2012 2845 quisque
2062 2777 2171 2845 epi-

292 2877 456 2928 scopo
501 2860 810 2929 dispensari
853 2863 1043 2924 debet;
1088 2864 1284 2934 quodsi
1329 2867 1377 2936 β.
1422 2865 1882 2934 impedimentum
1926 2874 2006 2917 est
2045 2866 2176 2917 utri-

291 2967 396 3016 que
438 2968 699 3001 commune
752 2960 812 3002 ut
869 2955 1338 3022 consanguinitaS‚
1402 2955 1660 3019 affinitaS,
1721 2957 2005 3025 utriusque
2062 2957 2171 3024 epi-

444 3128 473 3177 1)
508 3128 554 3171 S.
594 3131 800 3186 Officium
838 3132 904 3174 13.
941 3132 1032 3175 dec.
1068 3133 1198 3176 1899.

443 3200 475 3255 ²)
509 3202 556 3246 S.
597 3203 803 3261 Officium
838 3206 878 3247 8.
912 3206 992 3249 iul.
1029 3207 1158 3250 1903.

440 3276 471 3332 3)
502 3278 572 3321 Ex
606 3279 782 3322 decreto
816 3282 1126 3325 concessionis.

437 3352 470 3405 4)
504 3353 570 3396 De
592 3353 972 3408 interpretatione
994 3357 1153 3400 harum
1177 3359 1455 3402 facultatum
1476 3362 1736 3404 conferatur
1746 3360 2170 3417 Koninffs-Puteer,

289 3425 652 3471 Commentarius
683 3428 731 3471 in
763 3430 1010 3474 facultates
1043 3432 1338 3486 apostolicas5
1373 3434 1686 3487 (Neo-Eborac.
1717 3434 1860 3489 1898).
1894 3435 1967 3477 De
1989 3435 2171 3478 Becker

288 3500 316 3541 l.
352 3513 386 3542 c.
420 3514 462 3554 p.
497 3502 584 3544 290
618 3516 674 3548 ss,
707 3503 821 3559 Feje
853 3505 881 3546 l.
917 3518 952 3547 e.
986 3519 1028 3547 n.
1064 3506 1151 3548 614
1185 3520 1239 3548 ss.
