2269 3898
283 120 370 162 272
988 118 1040 160 V.
1075 118 1142 160 De
1173 116 1439 162 virtutibus.

283 253 495 298 munium
541 266 635 298 non
680 252 741 297 ad
788 251 1084 308 dignitatem
1128 263 1463 307 personarum,
1507 250 1596 295 sed
1630 250 1693 295 ad
1726 250 1852 296 alias
1888 250 2160 308 qualitates

282 342 322 374 e.
357 343 399 386 g.
437 328 500 373 ad
535 325 1027 384 consanguinitatem,
1063 324 1126 370 ad
1161 324 1432 370 amicitiam
1468 325 1759 371 attenditur.

430 476 563 529 246.
607 475 854 529 Iustitia
893 474 1108 541 legalis
1151 472 1241 524 illa
1279 481 1374 540 est,
1419 492 1527 542 qua
1554 473 1815 525 tribuitur
1855 474 2157 524 communi-

772 541 965 555 ματα-ι.-
971 545 993 553 ο
995 542 1116 555 ..ψ-ἐ

279 567 394 631 tati,
439 564 585 634 quod
629 566 677 615 ei
720 563 952 614 debetur
1003 563 1073 614 ad
1130 563 1537 632 procurandum
1595 563 1799 614 bonum
1845 580 2156 614 commune
2179 575 2181 577 ’

428 682 468 711 a.
512 665 733 712 Obie'ctzzm
767 667 1009 710 materiale
1044 666 1349 712 constituunt
1383 666 1509 711 certi
1545 670 1685 712 actus
1713 665 2024 711 diversarum
2057 665 2159 712 vir·

278 748 452 794 tutum,
487 756 602 799 quos
625 743 803 787 bonum
829 755 1077 787 commune
1106 741 1284 798 exigit:
1319 744 1421 785 tum
1447 740 1573 786 enim
1597 741 1722 786 bene
1746 740 1902 786 habet
1925 739 2156 796 societas,

280 816 320 862 si
371 816 475 861 eius
524 817 747 861 membra
794 817 921 861 bene
967 814 1208 874 disposita
1257 819 1406 872 atque
1447 815 1680 861 ordinata
1722 819 1836 861 sunt
1884 815 2046 860 relate
2091 814 2157 859 ad

274 888 453 947 Deum.
497 891 560 936 ad
605 891 887 948 semetipsa,
934 890 996 935 ad
1041 889 1143 936 alia
1187 890 1406 935 membra
1452 890 1670 935 eiusdem
1714 889 1971 935 societatis
2008 893 2155 946 atque

277 966 340 1010 ad
373 966 530 1023 ipsam
565 965 870 1011 societatem.
914 964 986 1010 Hi
1019 969 1160 1009 actus
1183 968 1238 1009 ut
1261 963 1417 1009 debiti
1441 964 1672 1010 societati
1695 964 1776 1010 vel
1800 964 1913 1021 lege
1939 963 2157 1022 positiva

273 1040 353 1086 vel
396 1040 508 1097 lege
552 1039 777 1087 naturali
817 1039 1205 1097 praecipiuntur.
1286 1039 1509 1082 Ohiectnm
1543 1040 1751 1096 formale
1798 1043 1875 1084 est
1918 1038 2155 1084 honestas

276 1114 596 1172 aequalitatis
632 1115 763 1160 inter
795 1115 870 1159 ius
907 1113 1274 1159 communitatis
1309 1127 1403 1171 qua
1426 1112 1547 1157 talis
1572 1119 1622 1158 et
1647 1112 1865 1158 debitum
1890 1111 2153 1158 iuridicum

271 1189 431 1248 partis
466 1202 560 1245 qua
594 1189 727 1233 talis.

427 1278 462 1320 b.
500 1277 640 1336 Quod
672 1277 918 1320 subiectum
959 1276 1180 1323 iustitiae
1221 1276 1400 1333 legalis
1436 1276 1632 1327 attinet,
1678 1275 1802 1322 haec
1848 1277 2007 1322 virtus
2048 1282 2151 1322 tum

273 1352 323 1397 in
356 1351 578 1410 principe
613 1357 715 1396 tum
749 1351 799 1396 in
833 1350 1045 1397 subditis
1077 1350 1344 1409 reperitur,
1379 1351 1466 1396 sed
1500 1350 1716 1397 diversis
1751 1351 1946 1397 actibus
1983 1352 2043 1396 ab
2080 1350 2151 1396 eis

273 1432 560 1479 exercetur3
613 1427 843 1485 princeps
888 1440 996 1471 eam
1042 1431 1245 1471 exercet
1293 1426 1661 1484 praecipiendo,
1708 1440 1832 1483 quae
1877 1426 1941 1471 ad
1973 1427 2152 1471 bonum

271 1515 522 1547 commune
554 1502 917 1559 procurandum
952 1500 1240 1546 necessaria
1274 1505 1401 1555 sunt,
1448 1501 1634 1546 subditi
1677 1500 2066 1560 obtemperando
2101 1505 2153 1546 et

271 1576 569 1634 exequendo,
603 1590 726 1633 quae
763 1576 827 1621 ad
860 1577 1036 1622 bonum
1072 1589 1322 1621 commune
1358 1582 1630 1633 praecepta
1665 1580 1790 1621 sunt.

418 1680 451 1709 c.
495 1665 703 1710 Iustitia
746 1664 927 1719 legalis
975 1670 1180 1709 eatenus
1227 1664 1448 1710 debitum
1493 1665 1662 1710 reddit
1710 1665 1771 1708 ad
1813 1664 2150 1720 aequalitatem,

271 1744 512 1798 quatenus
537 1740 610 1786 ita
633 1745 875 1798 praestat,
911 1739 1037 1797 quod
1072 1740 1413 1785 communitati
1448 1739 1660 1785 debetur
1693 1739 1954 1796 (tributum
1988 1739 2150 1795 solvit,

266 1815 497 1861 militiam
532 1814 794 1873 praestat),
827 1820 883 1859 ut
917 1814 1136 1859 debitum
1169 1814 1268 1859 iam
1303 1814 1368 1859 sit
1403 1814 1687 1860 extinctum.

416 1904 458 1947 d.
509 1903 655 1949 Haec
707 1903 901 1949 iustitia
952 1903 1134 1949 dicitur
1184 1903 1364 1959 leyctlz‘S,
1413 1907 1514 1948 tum
1559 1903 1673 1960 quia
1716 1903 1799 1948 lex
1844 1901 2150 1947 determinat

267 1984 405 2025 actus
439 1978 695 2035 Virtutum,
730 1979 810 2037 qui
844 1978 908 2023 ad
940 1980 1117 2023 bonum
1153 1991 1404 2023 commune
1439 1977 1716 2023 necessarii
1742 1980 1868 2031 sunt,
1905 1982 2005 2022 tum
2034 1976 2149 2033 quia

266 2054 388 2100 civis
422 2067 511 2111 per
546 2067 653 2099 eam
689 2053 790 2111 legi
824 2067 875 2099 se
911 2051 1214 2109 conformat3
1261 2052 1446 2099 dicitur
1474 2053 1728 2108 (fenerans,
1762 2066 1858 2097 non
1893 2052 2008 2109 quia
2041 2065 2147 2110 spe-

266 2129 393 2176 ciale
430 2130 676 2175 obiectum
710 2142 804 2174 non
837 2129 1006 2180 habet,
1042 2128 1129 2173 sed
1164 2128 1278 2186 quia
1315 2129 1419 2173 eius
1453 2128 1699 2174 obiectum
1735 2127 1998 2173 materiale
2033 2130 2147 2172 sunt

264 2212 404 2251 actus
438 2204 649 2250 omnium
685 2204 897 2249 aliarum
924 2203 1178 2257 virtutum,
1204 2210 1445 2261 quatenus
1471 2203 1813 2249 communitati
1838 2202 1994 2248 debiti
2017 2206 2143 2248 sunt.

413 2308 449 2336 e.
501 2292 597 2351 Qui
643 2293 734 2339 hoc
782 2299 1005 2351 tempore
1052 2293 1111 2338 de
1157 2292 1446 2351 quaestione
1481 2292 1657 2338 sociali
1691 2298 1858 2351 agunt,
1895 2306 2043 2351 saepe
2076 2292 2143 2338 lo-

263 2373 476 2426 quuntur
524 2368 579 2411 cle
629 2369 803 2411 institia
851 2368 1026 2421 sociali,
1076 2381 1165 2426 quo
1212 2368 1405 2413 nomine
1452 2367 1738 2425 significant
1780 2373 1866 2413 aut
1898 2367 2142 2413 iustitiam

260 2443 491 2501 legalem,
536 2443 652 2500 quia
698 2442 838 2488 huius
889 2442 1134 2488 obiectum
1181 2441 1392 2488 formale
1440 2448 1515 2488 est
1555 2444 1730 2488 bonum
1769 2456 2020 2488 commune
2055 2454 2143 2486 seu

265 2518 451 2564 sociale
486 2517 733 2563 hominum
767 2517 816 2561 in
846 2517 1089 2563 societate
1115 2517 1254 2563 civili
1277 2517 1564 2564 viventium,
1601 2522 1688 2562 aut
1721 2517 1864 2562 simul
1898 2515 2141 2562 iustitiam

260 2593 475 2650 legalem
521 2598 572 2637 et
617 2592 1006 2649 distributivam,
1056 2581 1297 2649 quatenus
1340 2592 1465 2638 haec
1500 2591 1671 2649 exigit,
1716 2596 1770 2637 ut
1805 2591 2056 2638 commoda
2091 2594 2140 2635 et

260 2681 411 2714 onera
445 2667 718 2713 communia
752 2669 891 2713 iuxta
926 2667 1253 2726 aequalitatis
1287 2681 1507 2713 normam
1544 2667 1928 2713 distribuantur.

409 2817 559 2861 Nota.
611 2817 808 2880 Iustith
804 2816 1191 2887 gjlgdicatixffi
1228 2831 1351 2875 quae
1384 2831 1495 2863 reos
1530 2817 1662 2863 iusta
1684 2829 1844 2875 poena
1864 2814 2039 2864 afficit
2074 2816 2138 2860 ab

260 2891 373 2936 aliis
413 2897 680 2937 levocatur
725 2892 789 2938 ad
838 2874 1110 2938 iustitiam¹
1126 2893 1335 2949 leqalem
1380 2898 1620 2951 quatenus
1664 2893 1842 2937 bonum
1887 2903 2140 2936 commune

258 2966 426 3023 exigit,
459 2972 513 3010 ut
546 2967 772 3023 superior
807 2967 992 3013 delicta
1025 2967 1215 3026 puniat,
1257 2982 1372 3013 reus
1418 2972 1584 3013 autem
1628 2966 1804 3012 iudicis
1851 2964 2133 3010 sententiae

258 3040 644 3098 obtemperando
684 3055 889 3098 poenam
932 3042 1053 3087 luat.
1116 3040 1199 3088 Ab
1236 3042 1348 3087 aliis
1385 3042 1448 3087 ad
1481 3041 1818 3085 distributivam
1852 3043 2134 3093 revocatur,

256 3120 497 3173 quatenus
538 3128 722 3172 poenas
766 3115 952 3174 infligit
986 3116 1257 3174 quantitati
1292 3116 1547 3162 criminum
1583 3129 1835 3173 congruas.
1899 3113 1983 3159 Ab
2019 3112 2136 3158 aliis

255 3189 457 3236 tandem
491 3194 545 3235 ut
576 3191 790 3245 specialis
823 3191 968 3233 virtus
1014 3204 1042 3235 a
1088 3190 1268 3236 ceteris
1304 3190 1543 3236 distincta
1585 3189 1947 3240 consideratur,
1995 3186 2130 3232 cuius

246 3265 451 3320 formale
494 3264 708 3308 obiectum
743 3265 807 3310 sit
841 3266 1087 3311 naturalis
1128 3266 1388 3315 honestas,
1434 3279 1558 3323 quae
1602 3265 1653 3310 in
1699 3278 1753 3310 eo
1800 3262 2130 3313 contineatur,

255 3338 381 3396 quod
424 3339 541 3384 ordo
583 3339 786 3384 moralis
835 3354 925 3397 per
960 3340 1193 3386 delictum
1237 3342 1402 3385 laesus
1449 3339 1762 3397 aliquatenus
1797 3352 1888 3397 per
1920 3350 2128 3396 poenam

254 3418 537 3470 reparetur.
609 3412 909 3459 Nullatenus
960 3420 1128 3460 tamen
1171 3420 1227 3459 ut
1275 3419 1455 3471 quarta
1503 3414 1694 3472 species
1741 3412 1971 3472 partibus
2020 3411 2130 3456 sub-

254 3487 450 3534 iectivis
494 3487 719 3534 iustitiae
765 3489 1021 3535 accenseri
1064 3493 1243 3546 potest,
1287 3489 1401 3547 quia
1446 3489 1576 3536 ratio
1624 3487 1852 3535 forma-lis
1902 3485 2130 3532 iustitiae
