2269 3898
300 126 357 168 24
1035 122 1100 164 De
1132 120 1436 164 matrimonio.

302 259 721 310 haereticorum.
790 256 861 306 Et
903 273 1034 306 sane
1077 253 1309 306 ecclesia
1351 272 1635 324 nunquam
1679 262 1739 305 ut
1779 253 1967 306 valida
2009 273 2176 324 agno-

306 350 385 399 vit
443 347 795 398 matrimonia
859 344 1288 410 haereticorum,
1358 343 1560 413 quibus
1628 342 1883 395 obstabat
1946 345 2175 413 impedi·

305 444 547 488 mentum
591 433 987 502 eanonicuml)‚
1049 441 1102 484 et
1144 434 1363 502 saepius
1406 432 1711 484 declaravit
1759 452 1827 484 ne
1867 432 2176 502 longissimi

304 524 526 594 quidem
580 524 841 593 temporis
895 521 1350 574 consuetudinem
1405 521 1621 573 efficere
1663 540 1837 591 posse,
1893 530 1953 574 ut
1992 521 2176 592 quoad

304 613 606 664 haereticos
667 613 782 664 vim
839 630 994 663 suam
1060 613 1316 664 amittant
1379 611 1526 680 leges
1594 611 2027 663 matrimoniales
2093 629 2173 662 ec·

301 702 565 767 clesiae2).

446 790 664 834 Nonnulli
714 789 984 834 Germaniae
1033 789 1235 844 theologi
1283 793 1335 832 ut
1385 789 1624 846 Lctymcmn
1675 793 1721 832 et
1764 789 2178 845 Scltmalefflweher

301 865 541 920 putabant,
591 865 822 908 ecclesiam
870 878 998 919 posse
1041 864 1239 919 quidem,
1285 864 1361 907 sed
1394 877 1483 907 non
1527 864 1643 907 velle
1685 863 1778 906 suis
1811 863 1990 919 legibus
2022 863 2176 907 matri-

301 939 572 983 monialibus
617 939 818 994 obligare
863 939 1001 982 etiam
1037 938 1301 993 haereticos,
1343 938 1533 992 ideoque
1565 937 1798 981 ecclesiam
1840 952 1866 981 a
1905 937 2176 992 quibusdam

300 1015 461 1058 saltem
503 1013 845 1069 impedimentis
887 1012 1114 1056 canonicis
1157 1012 1407 1056 haereticos
1449 1012 1657 1056 eximere.
1721 1012 1887 1055 Verum
1922 1012 2055 1055 hodie
2087 1025 2177 1056 non

300 1094 370 1132 est
416 1088 614 1143 amplius
663 1088 919 1143 theologus,
969 1088 1045 1142 qui
1095 1088 1210 1131 hanc
1258 1087 1534 1131 sententiam
1584 1088 1879 1142 profit-eatur;
1929 1087 2073 1130 solum
2124 1087 2178 1130 de

301 1163 581 1218 obligatione
632 1162 952 1218 impedimenti
1007 1161 1401 1205 clandestinitatis
1454 1167 1664 1205 movetur
1718 1161 1922 1216 dubium,
1986 1162 2039 1205 de
2091 1175 2177 1216 quo

301 1238 420 1281 infra
447 1238 636 1280 dicetur.
671 1237 759 1280 Nec
782 1244 936 1280 tamen
961 1237 1249 1279 inferendum
1276 1240 1344 1280 est
1369 1236 1698 1279 haereticorum
1722 1236 1893 1290 prolem
1916 1237 2179 1290 frequenter

301 1326 395 1356 esse
427 1312 747 1367 illegitimam:
790 1324 890 1354 cum
935 1311 1053 1354 enim
1099 1310 1316 1354 haeretici
1351 1310 1565 1365 coniuges
1598 1309 1826 1353 ordinarie
1858 1310 1905 1352 in
1939 1309 2054 1352 bona
2086 1308 2178 1352 fide

300 1387 409 1441 sint,
442 1399 594 1430 eorum
629 1385 972 1430 matrimonium
1007 1390 1077 1429 est
1109 1385 1375 1441 putativum
1408 1385 1598 1440 ideoque
1630 1385 1777 1440 proles
1810 1383 2035 1439 legitima.

451 1461 498 1514 2.
543 1462 720 1529 Leges
761 1460 1195 1513 matrimoniales
1230 1460 1496 1512 ecclesiae
1524 1479 1630 1511 ozon
1658 1459 1896 1529 obliyant
1921 1458 2178 1526 infidele-5,

301 1550 422 1602 ideo
477 1551 876 1620 impedimenta
931 1552 1201 1603 canonica
1258 1549 1450 1602 saltem
1506 1549 1712 1601 directe
1766 1567 1877 1601 non
1926 1548 2179 1600 afficiunt

303 1641 653 1692 matrimonia
695 1639 1034 1692 infidelium:
1090 1640 1147 1690 in
1189 1638 1439 1691 infideles
1481 1640 1626 1690 enim
1671 1638 1904 1690 ecclesia
1943 1644 2176 1707 potesta-

299 1739 408 1781 tem
450 1729 849 1781 iurisdictionis
891 1737 1111 1804 exercet
1151 1729 1376 1781 nullam.

450 1819 636 1862 Directe
670 1819 852 1874 dicitur,
894 1819 1000 1874 quia
1042 1806 1278 1872 indirecte,
1320 1818 1456 1873 idque
1498 1818 1547 1861 in
1593 1817 1764 1873 triplici
1809 1831 1930 1872 casn,
1974 1822 2179 1873 potestas

299 1892 512 1936 ecclesiae
544 1892 683 1936 etiam
717 1894 775 1936 ad
810 1893 1104 1936 matrimonia
1135 1892 1391 1936 infidelium
1435 1905 1481 1936 se
1522 1891 1744 1935 extendit.
1810 1906 1851 1935 a.
1884 1892 2179 1935 Matrimonia

304 1967 559 2011 infidelium
585 1974 810 2023 reguntur
841 1968 939 2012 iure
970 1967 1173 2012 naturali
1208 1971 1252 2011 et
1288 1967 1464 2017 divino3
1502 1967 1689 2011 ecclesia
1720 1970 1875 2010 autem
1909 1972 1978 2010 est
2010 1966 2178 2010 infalli-

300 2042 403 2085 bilis
438 2042 663 2098 interpres
695 2043 808 2086 iuris
839 2043 1066 2086 naturalis
1100 2047 1146 2086 et
1180 2042 1339 2093 divini;
1375 2055 1512 2097 quare
1546 2041 1875 2085 declarationes
1907 2041 2043 2085 huius
2065 2041 2178 2085 iuris

298 2118 354 2161 ab
392 2119 578 2161 ecclesia
611 2119 816 2173 prolatae
849 2118 987 2162 etiam
1023 2119 1080 2161 ad
1114 2118 1323 2161 infideles
1371 2131 1416 2161 se
1464 2118 1733 2161 extendunt.
1798 2117 1834 2159 b.
1884 2117 1930 2160 Si
1977 2117 2178 2160 infidelis

300 2193 643 2237 matrimonium
677 2193 908 2236 contrahit
941 2207 1041 2236 611111
1076 2193 1218 2247 fideli,
1263 2192 1369 2247 quia
1415 2191 1489 2235 hic
1532 2191 1685 2235 subest
1729 2191 1907 2247 legibus
1951 2191 2177 2247 ecclesiae,

300 2267 476 2331 ratione
511 2267 801 2311 connexionis
835 2268 974 2311 etiam
1007 2267 1208 2311 infidelis
1241 2267 1463 2310 indirecte
1497 2266 1739 2310 subiicitur
1772 2267 1996 2310 ecclesiae.
2062 2281 2094 2310 c.
2130 2266 2177 2310 Si

299 2342 500 2385 infidelis
534 2342 827 2385 matrimonio
860 2342 1043 2385 iunctus
1077 2342 1362 2385 convertitur
1402 2342 1460 2385 ad
1500 2342 1654 2396 fidem,
1695 2341 1790 2384 eius
1833 2341 2177 2384 matrimonium

300 2431 378 2472 per
412 2417 796 2473 dispensationem
830 2417 995 2460 summi
1028 2416 1261 2472 pontificis
1294 2416 1408 2460 solvi
1443 2419 1609 2471 potest,
1659 2429 1744 2470 quo
1784 2415 1832 2458 in
1876 2429 1982 2459 casu
2025 2416 2180 2459 matri-

300 2492 498 2535 monium
535 2493 645 2548 eius‚
690 2494 765 2548 qui
800 2497 954 2537 manet
988 2493 1036 2536 in
1068 2493 1365 2546 infidelitate,
1408 2490 1586 2534 ratione
1619 2490 1865 2545 compartis
1898 2490 2049 2533 fidelis
2082 2489 2180 2533 sub-

298 2567 455 2611 iicitur
487 2567 712 2613 ecclesiae.

943 2773 1238 2833 Articulus
1282 2773 1534 2848 quintus,

488 2899 567 2936 De
599 2900 860 2947 potestate
894 2897 1233 2938 auctoritatis
1267 2896 1445 2936 civilis
1478 2897 1535 2936 in
1569 2895 1986 2936 matrimonium.

447 3030 697 3082 Potestas
745 3031 1088 3082 auctoritatis
1149 3029 1330 3082 civilis
1386 3029 1724 3081 considerari
1786 3027 1950 3080 debet
2007 3026 2177 3079 relate

299 3119 370 3171 ad
427 3120 842 3171 matrimonium
895 3118 1143 3171 fidelium
1194 3127 1246 3171 et
1301 3118 1470 3171 relate
1523 3117 1592 3170 ad
1643 3117 2058 3169 matrimonium
2100 3116 2178 3168 in·

455 3269 484 3322 l)
516 3269 583 3313 Cf.
617 3269 799 3312 Becker
831 3283 873 3324 p.
908 3269 964 3313 38
999 3283 1032 3312 s.

451 3342 484 3399 2)
515 3345 582 3388 De
614 3344 698 3387 hac
742 3343 1005 3399 quaestione
1039 3342 1231 3386 conferri
1275 3347 1467 3397 possunt
1510 3348 1603 3385 tres
1645 3338 1998 3384 constitutiones
2031 3338 2179 3380 Bene-

299 3420 408 3463 dieti
430 3419 509 3462 XI
516 3420 581 3462 11:
616 3418 914 3461 Matrimonia
948 3419 989 3460 4.
1024 3431 1125 3461 nov.
1160 3418 1298 3468 1741;
1334 3417 1532 3473 Magsnae
1563 3416 1634 3459 ⁶29.
1668 3415 1762 3458 iun.
1796 3413 1936 3463 174&
1972 3412 2045 3455 Ad
2075 3415 2180 3455 tuas

298 3509 461 3540 manns
492 3495 533 3539 8.
566 3507 671 3550 aug.
708 3492 834 3536 1748.
