2269 3898
717 112 784 155 De
816 115 1062 165 systemate
1095 112 1268 155 morali.
1836 113 1921 156 ‘223

214 247 260 297 1.
293 245 639 296 Tutiorismus
682 244 950 295 absolutus
986 245 1172 296 docet:
1215 245 1369 314 sequi
1411 244 1675 296 debemus
1717 246 1921 313 opinio·

65 351 190 385 nem
217 335 472 384 tutiorem
507 332 808 402 (prolege),
852 334 1066 384 etiamsi
1110 335 1383 384 contraria
1425 352 1521 402 pro
1564 333 1816 384 libertate
1858 336 1925 384 sit

68 421 526 491 probabilissima.

213 511 264 562 2.
314 511 661 562 Tutiorismus
712 511 982 579 mitiyatus
1037 509 1223 561 docet:
1286 512 1438 579 sequi
1497 510 1760 562 debemus
1814 513 1924 580 opi-

67 600 289 651 nionem
331 601 604 667 tutiorem,
649 600 753 650 nisi
796 600 1069 650 eontra-ria
1118 616 1214 666 pro
1267 597 1521 650 libertate
1563 601 1632 650 sit
1672 599 1925 668 probabi-

65 688 286 740 lissima.

216 778 263 828 3.
307 776 807 828 Probabiliorismus
850 776 1036 827 docet:
1088 777 1243 844 sequi
1285 794 1572 844 possumus
1614 778 1928 845 opinionem

70 867 253 917 minus
293 873 466 916 tutam
508 883 605 934 pro
647 864 918 931 libertate,
979 866 1022 916 si
1074 863 1415 934 probabilior
1468 873 1548 916 est
1596 884 1760 934 quam
1803 885 1930 917 con-

67 956 235 1006 traria
275 973 370 1022 pro
412 954 547 1022 lege.

217 1045 265 1097 4.
305 1041 885 1113 Aequiprobabilismus
929 1043 1114 1094 docet:
1173 1043 1329 1111 sequi
1383 1061 1673 1112 possumus
1726 1045 1931 1112 opinio-

72 1151 197 1185 nem
250 1134 431 1184 minus
484 1140 659 1183 tutam
715 1151 812 1201 pro
867 1132 1136 1198 libertate,
1193 1133 1237 1182 si
1290 1150 1463 1201 aeque
1513 1132 1813 1201 probabilis
1856 1141 1959 1184 este

71 1229 236 1291 atque
278 1224 527 1290 opposita
567 1240 664 1291 pro
706 1221 842 1289 lege.

222 1310 271 1363 5.
316 1310 730 1362 Probabilis-mus
795 1311 980 1362 docet:
1052 1312 1206 1379 sequi
1269 1328 1559 1379 possumus
1619 1311 1962 1382 opinionemj
2024 1336 2049 1341 ··
2119 1378 2123 1379 ⁷

77 1401 260 1451 minus
300 1408 474 1451 tutam
515 1418 612 1469 pro
652 1400 922 1467 libertate,
967 1400 1011 1450 si
1052 1417 1182 1449 vere
1223 1398 1527 1467 probabilis
1569 1406 1663 1465 est,
1707 1400 1807 1450 etsi
1850 1388 1953 1467 Op-1³
2006 1384 2072 1473 ss:

73 1491 250 1559 posita
289 1507 386 1558 pro
427 1489 546 1558 lege
589 1490 657 1540 sit
696 1488 1048 1558 probabilior.

225 1580 273 1630 6.
317 1579 599 1629 Laoeismus
642 1578 830 1629 docet:
875 1578 1028 1647 sequi
1071 1595 1361 1646 possumus
1398 1578 1716 1646 opinionem
1759 1577 1940 1628 minus

79 1675 254 1719 tutam
309 1685 406 1736 pro
459 1667 740 1733 libertate,
796 1668 1011 1718 etiamsi
1065 1667 1303 1718 tenuiter
1358 1666 1447 1719 vel
1506 1665 1673 1717 dubie
1726 1673 1941 1717 tantum

78 1755 379 1826 probabilis
421 1758 504 1808 sit.

228 1860 273 1904 Si
308 1860 532 1916 principia
564 1861 722 1904 horum
757 1864 1058 1914 systematum
1091 1860 1284 1903 invicem
1328 1859 1614 1914 conferimus,
1658 1860 1766 1903 haec
1805 1859 1943 1902 mani-

76 1937 198 1979 festa
229 1939 359 1978 sunt:

229 2024 268 2052 α.
304 2009 467 2053 Omnia
499 2014 750 2064 systemata
783 2010 839 2052 ad
864 2009 975 2051 duas
999 2009 1161 2052 classes
1183 2008 1340 2052 referri
1363 2012 1567 2063 possunt,
1587 2021 1773 2063 quarum
1799 2009 1944 2051 altera

89 2084 294 2128 continet
316 2088 567 2138 systemata
588 2084 870 2127 tutioristica
892 2097 970 2126 seu
995 2083 1452 2138 antiprobabilistica‚
1477 2083 1562 2126 duo
1586 2083 1756 2126 scilicet
1781 2083 1944 2138 priora,

82 2160 229 2203 altera
260 2162 511 2212 systemata
542 2157 897 2213 probabilistica‚
930 2158 1102 2200 scilicet
1135 2162 1329 2212 quatuor
1360 2157 1623 2212 posteriora.
1686 2157 1769 2200 Illa
1799 2157 1945 2212 magis

86 2233 194 2288 legi,
217 2233 336 2276 -haec
368 2233 514 2288 magis
546 2234 706 2276 favent
737 2233 964 2283 libertati;
1014 2233 1095 2275 illa
1139 2237 1245 2275 sunt
1294 2236 1546 2286 systemata
1578 2230 1946 2285 iansenistarum,

81 2307 190 2350 haec
222 2310 473 2361 systemata
505 2307 842 2350 catholicorum.

236 2382 273 2423 b.
307 2381 407 2424 Duo
440 2382 549 2424 haec
581 2394 747 2436 genera
780 2386 1081 2435 systematum
1115 2394 1163 2424 eo
1197 2380 1486 2436 potissimum
1530 2379 1585 2422 ab
1627 2379 1821 2422 invicem
1867 2379 1947 2421 dif-

87 2458 255 2511 ferunt,
288 2456 405 2510 quod
437 2460 688 2509 systemata
720 2455 1002 2498 tutioristica
1044 2469 1133 2498 non
1181 2455 1438 2498 admittunt
1485 2453 1574 2496 nisi
1626 2453 1947 2496 conscientiam

90 2530 261 2573 directe
293 2536 476 2585 certam,
509 2530 784 2585 proindeque
815 2543 946 2573 usum
981 2529 1206 2584 opinionis
1250 2527 1496 2583 probabilis
1538 2527 1770 2578 reiiciunt;
1813 2530 1948 2580 syste-

74 2604 220 2648 'mata
250 2618 354 2648 vero
386 2605 727 2660 probabilistica
751 2605 1010 2649 admit-tunt
1033 2603 1352 2647 conscientiam
1375 2601 1596 2645 indirecte
1619 2605 1801 2655 certam,
1833 2600 1953 2643 ideo-

97 2692 182 2735 que
213 2679 351 2723 etiam
383 2692 515 2722 usum
549 2679 773 2734 opinionis
814 2678 1060 2734 probabilis
1099 2678 1157 2721 ad
1198 2677 1484 2720 formandam
1526 2675 1846 2718 conscientiam
1888 2675 1951 2716 in-

97 2753 266 2797 directe
297 2757 464 2797 certam
495 2753 675 2796 licitum
711 2754 955 2797 declarant.

242 2842 275 2872 c.
308 2828 481 2871 Horum
515 2830 817 2882 systematum
852 2828 961 2870 duo:
1005 2826 1311 2870 Tutiorismus
1358 2824 1592 2867 absolutus
1640 2826 1686 2866 et
1731 2821 1952 2865 laxismus

91 2896 257 2944 illicita
289 2906 410 2956 sunt,
441 2905 603 2956 utpote
634 2902 690 2945 ab
723 2902 907 2945 ecclesia
938 2901 1201 2956 reprobata3
1246 2900 1337 2943 alia
1370 2902 1564 2953 quatuor
1606 2897 1728 2941 licita
1771 2896 1951 2951 quidem

100 2979 221 3031 sunt,
254 2976 420 3030 quippe
451 2976 507 3019 ab
540 2976 724 3020 ecclesia
756 2990 846 3020 non
885 2976 1140 3031 reprobata,
1188 2975 1265 3018 sed
1318 2987 1469 3017 cerum
1518 2985 1612 3016 esse
1643 2972 1818 3028 gnequit
1848 2970 1952 3026 [nisi

94 3063 251 3104 unum,
284 3050 390 3104 quia
421 3063 467 3094 se
499 3054 658 3094 mutuo
691 3050 953 3093 excludunt.

580 3228 613 3282 ῥ’
647 3232 696 3275 1.
729 3231 814 3273 De
844 3231 1164 3274 tutiori-svm
1197 3229 1463 3272 absoluto.

247 3351 823 3406 205.·Tuti0rismus
881 3350 1192 3403 absolutus
1247 3348 1428 3399 docet:
1487 3362 1770 3414 nunquam
1828 3343 1956 3394 licet

104 3442 264 3510 sequi
306 3441 621 3510 opinionem
663 3458 759 3508 pro
801 3438 1069 3503 libertate,
1112 3439 1211 3489 etsi
1253 3438 1322 3487 sit
1360 3433 1819 3505 probabilissima.

47 3619 119 3674 nl
184 3639 204 3654 s
252 3628 255 3632 -
331 3639 334 3643 ἱ
532 3634 536 3638 ,
580 3642 583 3650 r
799 3604 932 3657 hwa<
980 3624 1007 3635 ff
1221 3602 1342 3644 “f'u‘s

192 3794 235 3824 ‘lg
258 3797 279 3811 ι’
361 3794 416 3806 ²1¹·
439 3793 475 3806 -22
530 3799 536 3821 ι,
650 3795 674 3798 ”
780 3796 801 3806 ‘-
896 3807 903 3809 .
941 3796 959 3805 ι
1034 3812 1051 3820 ν
1077 3788 1177 3811 ,wast-z<
1240 3806 1243 3807 γ
1349 3796 1371 3809 ,μ
1408 3790 1443 3817 (2)
1471 3777 1546 3814 §ze-r
1576 3806 1579 3809 .
1613 3794 1615 3798 ·
1657 3796 1660 3797 ⁷
