2269 3898
218 145 272 187 78
750 139 801 182 II.
838 140 904 182 De
937 137 1114 181 actibus
1147 138 1205 180 ad
1238 138 1376 180 finem
1410 137 1547 192 aptis.

365 276 459 328 66.
501 275 585 328 De
628 275 763 327 actu
803 272 1119 326 moraliter
1159 274 1314 325 bono
1369 273 1429 324 et
1468 271 1642 326 malo,
1724 272 1770 323 1.
1815 270 1892 323 Ut
1932 278 2088 322 actus

219 365 524 417 subiective
568 365 636 414 sit
675 361 949 413 moraliter
990 361 1152 413 bonus
1193 372 1504 412 seurect-ae
1539 361 1740 411 rationi
1771 359 2086 426 conformis,

217 456 529 523 requiritur,
574 460 632 503 ut
674 454 791 503 eius
831 452 1040 503 bonitas
1079 450 1407 514 intendatur,
1450 450 1586 501 alias
1612 449 1787 501 solum
1814 448 2089 509 obiecti-ve

216 552 268 595 et
310 542 665 594 materialiter
705 541 882 592 bonus
924 549 1093 592 esset:
1138 541 1330 609 nequit
1372 540 1520 590 enim
1562 539 1841 591 obiectiva
1870 539 2090 590 bonitas

215 641 396 683 actum
459 633 792 683 constituere
854 630 1162 681 subiective
1224 629 1448 696 bonum,
1519 630 1625 680 nisi
1695 630 1813 679 eius
1873 627 2091 679 bonitas

216 729 577 790 cognoscatur
617 729 783 790 atque
824 721 1158 773 intendatur.
1227 719 1470 770 Econtra
1511 725 1571 769 ut
1598 727 1753 770 actus
1781 719 2091 770 subiective

216 812 284 862 sit
322 810 595 862 moraliter
634 809 821 875 mal-ue,
873 828 982 861 non
1022 810 1337 878 requiritur,
1395 817 1456 859 ut
1505 808 1710 859 malum
1754 807 2088 873 intendatur,

487 875 741 894 --ffl-“WN

217 901 312 951 sed
355 901 571 966 sufficit,
617 909 676 950 ut
717 907 1083 967 cognoscatur
1123 906 1176 948 et
1216 917 1248 949 a
1291 897 1576 949 voluntate
1617 899 1877 964 negative
1915 899 2088 948 inten-
2125 893 2131 950 ἷ

694 980 701 983 -
712 975 986 990 ’ὑκυ--η-ᾱῆ

219 989 378 1040 datur
421 1008 515 1040 seu
557 1007 668 1040 non
711 991 1021 1039 omittatur:
1080 990 1173 1057 qui
1218 989 1364 1039 enim
1407 996 1590 1039 actum
1634 988 1917 1055 cognoscit
1954 954 2130 1037 tam-i

218 1081 381 1148 quam
425 1072 1314 1147 malum‘e‘iiffiq'iie‘inihilominus
1345 1078 1570 1145 appetit,
1614 1076 1759 1128 male
1789 1077 1918 1144 agit,
1961 1077 2092 1145 quia

219 1167 423 1217 malum
467 1169 643 1217 omitti
688 1175 739 1217 et
783 1167 945 1216 vitari
991 1165 1167 1217 debet.

364 1269 404 1297 a.
438 1255 501 1297 Ut
534 1255 723 1310 largitio
759 1255 864 1298 doni
896 1257 1023 1298 facta
1055 1254 1245 1310 pauperi
1280 1254 1343 1298 sit
1375 1254 1494 1297 actio
1528 1254 1657 1309 bona,
1702 1260 1937 1308 tamquam
1977 1254 2093 1297 bona

216 1342 293 1372 seu
325 1329 493 1372 rationi
527 1330 771 1372 conformis
806 1330 1085 1384 apprehendi
1119 1334 1257 1384 atque
1288 1329 1468 1372 intendi
1503 1329 1649 1372 debet.
1702 1329 1768 1372 Ut
1799 1329 2092 1372 manducatio

214 1403 445 1458 prohibita
478 1404 623 1447 carnis
657 1404 717 1446 sit
744 1408 995 1459 peccatum,
1031 1404 1205 1447 sufficit
1229 1413 1283 1447 ut
1307 1403 1856 1458 cognoscaturprohibita
1874 1407 1919 1447 et
1938 1408 2094 1447 tamen

213 1492 303 1521 non
335 1478 594 1533 omittatur,
628 1478 715 1521 etsi
748 1479 919 1521 malum
942 1493 1033 1522 non
1055 1479 1341 1533 intendatur,
1373 1478 1512 1521 immo
1536 1478 1623 1527 etsi
1646 1479 1927 1521 manducans
1949 1478 2094 1521 nollet

215 1554 362 1596 facere
394 1554 579 1596 malum.

365 1628 401 1669 b.
434 1627 499 1670 Ut
532 1627 874 1670 circumstantia
921 1628 1036 1671 bona
1079 1629 1298 1670 moralem
1346 1628 1600 1672 bonitatem
1644 1627 1823 1671 tribuat
1855 1628 1980 1671 actui
2015 1629 2092 1672 hu·

216 1715 362 1756 mano,
398 1702 604 1756 cognosci
639 1707 684 1745 et
717 1706 952 1756 tamquam
988 1703 1104 1746 bona
1136 1703 1289 1757 aliquo
1323 1704 1454 1746 modo
1477 1703 1657 1746 intendi
1683 1703 1827 1746 debet.
1862 1703 1928 1746 Ut
1948 1703 2094 1747 oratio

220 1777 384 1820 devota
415 1777 462 1819 in
498 1777 683 1820 ecclesia
718 1791 865 1820 coram
906 1776 1010 1820 aliis
1056 1781 1240 1832 peracta
1281 1790 1335 1820 ex
1375 1777 1722 1821 circumstantia
1754 1778 1858 1821 boni
1902 1778 2095 1834 exempli

217 1851 332 1894 bona
364 1851 441 1906 sit,
475 1865 605 1894 orans
639 1852 755 1895 hanc
788 1852 1185 1895 circumstantiam
1209 1853 1547 1907 apprehendere
1569 1857 1615 1895 et
1638 1853 1801 1896 saltem
1834 1852 1883 1895 in
1907 1854 2094 1896 confuso

213 1925 449 1969 intendere
483 1925 627 1969 debet.
1233 1976 1240 1984 Ι

363 2015 397 2043 c.
430 2001 493 2043 Ut
519 2001 633 2057 finis
666 2001 807 2044 bonus
851 2001 1023 2044 actioni
1057 2001 1274 2044 moralem
1314 2001 1567 2045 bonitatem
1603 2002 1796 2057 tribuat,
1829 2002 2095 2057 requiritur,

215 2080 269 2118 ut
301 2076 407 2118 finis
440 2076 581 2119 bonus
615 2076 671 2119 ab
707 2080 922 2131 operante
954 2076 1226 2119 intendatur
1258 2090 1336 2120 seu
1373 2081 1428 2119 ut
1460 2077 1580 2120 actio
1613 2077 1661 2120 in
1693 2077 1826 2120 illum
1858 2079 1998 2121 finem
2032 2091 2095 2121 or-

217 2149 412 2193 dinetur.
477 2150 588 2194 Inde
621 2152 690 2206 fit,
723 2158 777 2194 ut
809 2151 915 2194 finis
948 2152 1089 2194 bonus
1122 2152 1171 2194 in
1203 2152 1428 2196 actionem
1462 2152 1646 2208 influat,
1680 2153 1787 2207 quia
1819 2166 1960 2208 agens
1988 2156 2095 2196 actu

217 2231 299 2266 aut
343 2225 505 2267 saltem
550 2225 815 2268 virtualiter
866 2226 923 2268 ad
968 2226 1193 2270 actionem
1238 2241 1264 2269 a
1306 2228 1398 2270 fine
1441 2232 1664 2271 movetur.
1727 2227 1848 2270 Hinc
1895 2227 2094 2271 intentio

218 2313 349 2342 mane
383 2299 536 2342 elicita
581 2314 714 2354 opera
757 2300 921 2344 diurna
963 2301 1211 2355 peragendi
1255 2301 1304 2344 in
1337 2302 1551 2345 honorem
1584 2301 1669 2345 Dei
1703 2306 1892 2346 eatenus
1926 2302 2096 2345 tribuit

218 2374 427 2428 operibus
461 2374 712 2418 bonitatem
747 2375 937 2417 virtutis
971 2375 1224 2431 religionis,
1259 2379 1485 2431 quatenus
1507 2376 1589 2419 illa
1610 2375 1809 2419 intentio
1832 2377 1890 2420 ad
1911 2376 2095 2431 singula

219 2461 354 2503 opera
401 2451 659 2504 peragenda
699 2450 849 2504 aliquo
890 2451 1021 2493 modo
1060 2451 1224 2494 saltem
1265 2450 1531 2494 virtualiter
1571 2464 1728 2494 revera
1760 2456 1912 2495 movet
1945 2456 1992 2495 et
2026 2452 2094 2494 de-

215 2523 448 2566 terminat.

369 2658 461 2712 67.
517 2659 564 2711 2,
627 2659 700 2710 Ut
752 2668 906 2710 actus
961 2658 1268 2710 subiective
1321 2660 1390 2710 sit
1443 2659 1721 2712 moraliter
1768 2650 1964 2728 bonus,
2018 2679 2094 2712 re·

221 2748 471 2816 quiritur,
518 2758 577 2799 ut
618 2749 689 2799 acl
729 2749 899 2799 Deum
939 2747 1139 2799 relatus
1182 2749 1264 2801 sit.

369 2835 660 2892 Quadruplici
705 2838 836 2881 modo
877 2837 1032 2892 aliqua
1074 2837 1193 2881 actio
1241 2838 1454 2882 ordinata
1497 2852 1592 2882 esse
1639 2843 1794 2894 potest
1833 2839 1884 2882 in
1925 2841 2093 2883 Deum:

220 2923 260 2950 α.
295 2911 549 2965 actualiter,
590 2912 626 2954 si
658 2911 714 2954 ab
747 2917 978 2967 operante,
1012 2911 1202 2973 'quando
1235 2913 1355 2956 actio
1389 2917 1636 2969 exercetur,
1680 2927 1759 2969 per
1789 2914 2093 2958 intentionem

218 2996 474 3038 expressam
507 2985 555 3027 in
588 2987 731 3029 Deum
764 2989 984 3038 refertur‚·
1034 2988 1074 3037 β.
1107 2988 1386 3042 virtualiter,
1423 2988 1460 3031 si
1493 3002 1572 3043 per
1603 2989 1907 3032 intentionem
1937 2994 2094 3050 actua-

217 3057 306 3100 lem
339 3062 475 3101 antea
507 3059 705 3103 elicitam
740 3066 786 3104 et
818 3061 866 3104 in
888 3061 1113 3105 act-ionem
1146 3063 1294 3105 adhuc
1331 3063 1617 3118 influentem,
1649 3063 1758 3107 licet
1790 3064 1846 3107 ab
1879 3067 2096 3119 operante

222 3144 311 3174 non
343 3132 625 3180 advertatur,
660 3134 708 3177 in
742 3135 885 3178 Deum
920 3138 1139 3190 refertum
1183 3151 1223 3189 γ.
1257 3137 1574 3191 Ιιαόίΐιιαίίΐει··,
1607 3137 1646 3180 si
1680 3151 1759 3193 per
1790 3138 2094 3182 intentionem

219 3206 390 3248 factam
425 3211 471 3248 et
502 3220 591 3249 non
623 3215 896 3264 revocat-am,
932 3224 1044 3265 quae
1078 3216 1233 3254 tamen
1264 3211 1313 3254 in
1336 3211 1561 3255 actionem
1583 3226 1674 3256 non
1699 3213 1899 3268 amplius
1921 3213 2094 3269 influit,

219 3279 268 3321 in
300 3279 444 3322 Deum
477 3282 692 3333 refertum
729 3282 767 3324 ὃ.
803 3283 1026 3333 obiectae,
1058 3286 1341 3328 naturaliter
1368 3287 1441 3329 vel
1472 3287 1714 3342 implicite,
1745 3301 1796 3331 eo
1829 3273 1948 3342 Quod
1973 3287 2094 3331 actio

219 3367 309 3396 non
341 3354 496 3408 aliqua
526 3354 783 3399 intentione
816 3358 870 3400 ab
905 3364 1121 3412 operante
1155 3360 1326 3415 elicita,
1359 3362 1436 3404 sed
1459 3361 1560 3416 ipsa
1583 3376 1665 3405 sua
1686 3365 1854 3405 natura
1875 3360 1924 3404 in
1947 3362 2093 3405 Deum

221 3429 436 3471 refertur:
471 3443 575 3472 nam
611 3443 741 3474 omne
764 3445 875 3486 opus
900 3432 1063 3477 bonum
1089 3441 1251 3489 suapte
1273 3438 1441 3478 natura
1463 3436 1612 3479 ordini
1635 3436 1796 3480 morali
1821 3435 2094 3480 conveniens

220 3505 313 3553 est;
359 3503 436 3545 sed
479 3516 578 3546 cum
621 3504 742 3547 Deus
787 3505 847 3549 sit
892 3511 1050 3550 auctor
1083 3511 1127 3550 et
1160 3508 1267 3551 finis
1301 3509 1472 3553 ordinis
1504 3510 1704 3565 moraliS,
1737 3510 1814 3564 qui
1848 3510 2096 3554 deliberate
