2269 3898
518 125 584 168 De
616 125 1029 180 dispensationibus
1060 125 1486 170 matrimonialibus.
1850 128 1935 169 139

67 258 301 308 motivas
341 277 436 308 seu
489 257 680 309 finales
723 267 774 308 et
825 258 1213 327 impulsivas1)‚
1271 259 1374 310 hoc
1414 260 1530 311 loco
1575 261 1816 312 notanda
1858 270 1937 311 est

68 345 266 396 divisio
290 365 298 397 :

216 454 262 487 a.
305 436 372 485 In
426 453 616 486 causas
664 436 987 504 infamantes
1040 436 1318 507 (famosas,
1377 441 1587 507 turpes),
1646 456 1784 507 quae
1839 440 1936 489 ori-

65 525 249 592 ginem
304 523 507 574 habent
550 542 617 574 ex
667 533 942 575 oratorum
998 524 1193 575 delicto
1249 526 1337 576 vel
1378 527 1435 576 in
1478 545 1666 578 eorum
1708 527 1934 578 infama-

66 613 213 663 tione
254 614 571 673 consistunt‚
616 621 667 663 et
707 614 763 663 in
806 631 999 664 causas
1039 614 1295 679 honestas,
1349 633 1489 683 quae
1531 634 1631 666 nec
1674 616 1934 667 delictum

68 719 243 769 neque
270 701 684 752 infamationem
718 703 1014 754 continent.
1058 701 1255 766 Quoad
1283 706 1693 755 concessionem
1723 705 1935 774 dispen-

67 791 292 840 sationis
339 791 620 857 graviores
661 798 787 840 sunt
840 808 1036 841 causae
1078 790 1408 842 infamantes
1451 810 1616 860 quam
1659 793 1934 844 honestae.

217 878 258 932 b.
314 880 378 930 In
437 897 628 929 causas
685 880 967 930 canonicas
1023 887 1076 930 et
1128 882 1554 933 vnon-canom‘cas
1642 881 1938 933 Ccmonicae

67 977 351 1034 vocantur⁷
396 986 535 1036 quae
578 986 646 1017 ex
687 967 808 1017 stilo
839 969 1024 1019 curiae
1053 987 1312 1019 romanae
1341 979 1623 1038 tamquam
1666 971 1938 1021 admissae

67 1075 161 1125 pro
206 1055 709 1125 dispensationibus
750 1057 1248 1108 matrimonialibus
1298 1076 1554 1127 expresse
1594 1059 1936 1121 referuntur3

65 1165 168 1196 ozon
195 1147 478 1196 canonicae
520 1153 790 1196 vocantur
830 1163 1018 1197 omnes
1059 1146 1214 1213 aliae,
1274 1165 1414 1216 quae
1455 1149 1597 1199 inter
1638 1167 1829 1200 causas
1871 1168 1938 1199 ex

68 1234 188 1285 stilo
232 1236 416 1286 curiae
458 1252 716 1287 romanae
757 1235 1025 1287 admissas
1068 1254 1325 1304 expresse
1368 1255 1476 1287 non
1517 1237 1845 1290 referuntur.

216 1323 400 1374 Etiam
431 1342 623 1375 causas
652 1326 1082 1376 non-canonicas
1125 1327 1180 1376 in
1224 1325 1730 1394 dispensationibus
1759 1327 1942 1378 matri-

68 1411 400 1463 monialibus
441 1413 657 1464 admitti
700 1422 909 1464 certum
950 1424 1058 1478 est3
1118 1415 1285 1465 immo
1328 1414 1658 1484 quandoque
1701 1433 1770 1466 ex
1811 1415 1941 1467 solis

69 1503 247 1553 causis
287 1504 704 1553 non-canonicis
746 1503 1082 1571 dispensatio
1125 1504 1462 1555 conceditur.

215 1664 339 1718 138.
375 1663 592 1718 Causae
623 1665 1012 1732 dispensandi
1041 1667 1361 1720 canonicae
1402 1685 1630 1718 numero
1661 1667 1940 1718 sexdecim

68 1753 172 1803 hae
215 1753 416 1817 sunt2‘):

219 1844 267 1894 1.
310 1843 611 1911 „Anyusz‘ia
654 1842 754 1893 loci
806 1845 923 1894 sive
977 1843 1227 1895 absoluta
1269 1846 1385 1894 sive
1438 1844 1669 1896 relativa
1711 1846 1941 1911 (ratione

67 1940 279 1982 tantum
326 1931 613 2001 oratricis),
667 1950 792 1983 cum
835 1932 1044 1984 scilicet
1096 1934 1153 1983 in
1206 1933 1323 1984 1000
1380 1935 1606 2003 originis
1649 1934 1735 1985 vel
1777 1936 1938 1986 etiam

70 2020 335 2072 domicilii
398 2023 651 2088 cognatio
712 2021 950 2072 feminae
1011 2023 1087 2073 ita
1148 2024 1216 2073 sit
1275 2032 1592 2091 propagata,
1654 2033 1714 2074 ut
1772 2024 1940 2075 alium

69 2112 215 2179 paris
265 2110 622 2174 condicionis⁷
685 2112 772 2161 cui
814 2111 1004 2177 nubat,
1062 2113 1313 2162 invenire
1369 2122 1606 2182 nequeat
1661 2115 1765 2164 nisi
1820 2131 1941 2165 con-

70 2201 435 2267 sanguineum
495 2199 583 2250 vel
644 2199 898 2265 affinem3
968 2202 1204 2269 patriam
1266 2219 1394 2252 vero
1459 2202 1706 2253 deserere
1766 2204 1833 2254 sit
1892 2204 1940 2254 ei

72 2288 324 2339 durum“.

218 2377 340 2419 Haec
373 2390 506 2419 causa
539 2391 645 2431 prae
678 2377 836 2431 primis
869 2377 917 2420 in
951 2391 1114 2432 sponsa
1147 2380 1419 2422 attenditur.
1483 2380 1632 2422 Locus
1664 2386 1817 2435 potest
1849 2393 1943 2424 esse

68 2452 206 2505 loeus,
238 2451 315 2493 ubi
349 2460 450 2494 orta
481 2457 551 2493 est
583 2452 654 2494 vel
686 2451 763 2494 ubi
798 2451 978 2494 habitat
1011 2466 1088 2495 seu
1116 2453 1394 2496 domicilium
1419 2455 1491 2497 vel
1516 2454 1942 2508 quasi-domicilium

70 2525 207 2568 habet
240 2538 416 2580 sponsa.
480 2526 522 2568 Si
558 2527 681 2568 100113
715 2526 866 2580 sponsi
889 2526 1008 2569 idem
1044 2533 1112 2569 est
1145 2528 1216 2569 vel
1250 2528 1286 2570 si
1320 2528 1438 2570 alius
1470 2534 1554 2582 est,
1588 2529 1664 2572 sed
1688 2529 1785 2583 pari
1812 2529 1943 2572 modo

71 2603 310 2654 angustUS,
342 2599 390 2642 id
422 2600 470 2642 in
502 2600 655 2643 libello
687 2600 881 2643 indicari
914 2606 1067 2655 potest
1100 2601 1146 2643 in
1190 2601 1309 2644 hunc
1352 2603 1558 2645 modum:
1594 2603 1812 2657 angustia
1843 2603 1943 2656 loci,

70 2673 146 2715 ubi
181 2676 391 2716 oratores
424 2675 512 2717 orti
547 2680 654 2717 sunt
686 2676 758 2718 vel
792 2675 1010 2729 angustia
1042 2676 1259 2729 locorum,
1290 2676 1367 2719 ubi
1403 2681 1616 2731 oratores,
1651 2682 1734 2719 etc.

219 2748 369 2790 Locus
400 2748 473 2790 hic
503 2762 593 2791 non
625 2749 908 2804 intelligitur
940 2750 1165 2804 parochia,
1211 2751 1287 2793 sed
1331 2764 1478 2805 pagus
1519 2751 1590 2793 vel
1635 2750 1812 2803 civitas,
1857 2750 1943 2793 etsi

71 2822 118 2864 in
151 2835 202 2864 ea
235 2822 387 2876 plures
420 2822 512 2864 sint
546 2823 798 2877 parochiae,
834 2824 1075 2866 dummodo
1109 2824 1164 2866 ab
1198 2824 1301 2866 aliis
1324 2825 1432 2867 locis
1456 2838 1544 2867 uno
1568 2825 1730 2867 saltem
1757 2823 1943 2867 milliari

70 2897 203 2948 (1500
236 2895 415 2947 metris)
451 2897 604 2939 distet.
670 2897 715 2940 Si
750 2911 855 2952 ergo
890 2897 1153 2940 suburbium
1189 2898 1251 2940 sit
1282 2899 1404 2941 locus
1448 2898 1504 2940 ab
1546 2898 1655 2941 urbe
1695 2898 1940 2941 distinctus

72 2971 393 3025 propriumque
425 2984 588 3014 nomen
619 2971 798 3026 habeat,
831 2972 1022 3026 allegari
1055 2976 1207 3026 potest
1240 2973 1458 3026 angustia
1489 2973 1589 3027 loci,
1624 2973 1866 3015 dummodo
1889 2972 1945 3015 ab

72 3045 179 3089 urbe
212 3046 370 3089 metris
406 3047 520 3088 1500
553 3045 732 3089 circiter
765 3046 956 3101 distet³>.

226 3122 458 3174 Angustus
490 3126 697 3164 censetur
727 3121 864 3176 locus,
897 3121 935 3163 si
968 3135 1057 3164 non
1090 3123 1240 3176 plures
1274 3121 1506 3164 contineat
1539 3134 1671 3175 quam
1706 3122 1792 3162 300
1825 3122 1946 3163 focos

73 3206 153 3236 seu
191 3193 306 3236 1500
337 3193 506 3237 incolas
540 3195 705 3237 demtis
738 3195 1017 3249 acatholicis,
1050 3209 1140 3238 non
1173 3199 1325 3238 autem
1359 3195 1604 3238 incredulis
1637 3199 1682 3237 et
1714 3193 1881 3248 impiis.

230 3326 259 3378 ¹)
291 3327 358 3370 Cf.
392 3328 464 3370 De
490 3327 732 3382 principiis
763 3341 805 3370 n.
843 3329 939 3371 161.

228 3399 259 3456 2)
293 3402 601 3445 Recensentur
632 3402 679 3444 in
711 3402 1012 3445 instructione
1044 3416 1078 3445 s.
1118 3402 1161 3445 C.
1195 3403 1267 3445 De
1288 3415 1422 3458 prop.
1447 3403 1544 3458 fide
1583 3402 1622 3443 9.
1664 3400 1772 3444 maii
1817 3401 1941 3443 1877.

225 3473 256 3527 ³}
289 3475 329 3518 S.
364 3475 409 3518 O.
444 3475 489 3518 C.
524 3477 563 3518 8.
597 3475 677 3518 iul.
715 3476 841 3518 1876.
