2269 3898
285 129 342 172 36
1031 121 1098 164 De
1130 118 1437 163 matrimonio.

291 261 368 305 sed
401 264 454 304 ut
486 259 667 303 validae
700 257 794 300 sint
828 255 1049 300 secundae
1080 254 1271 309 nuptiae
1284 254 1321 304 ²).
1357 253 1398 297 S.
1446 253 1572 296 sedes
1605 252 1916 307 quaestionem
1939 253 2175 307 hucusque

293 335 502 379 dirimere
534 331 701 387 noluit,
733 331 834 374 ideo
869 328 1246 384 congregationes
1279 340 1492 371 romanae
1523 327 1572 369 in
1606 326 1958 381 particularibus
1992 327 2174 370 casibus

291 407 635 454 matrimonium
691 406 787 449 sine
841 403 1213 458 interpellatione
1266 406 1551 446 contractum
1597 401 1780 444 irritum
1826 401 2173 455 decla1·a1'unt²).

290 483 494 528 Praetice
527 495 632 537 ergo
666 493 835 523 novum
870 478 1215 522 matrimonium
1248 491 1339 521 non
1381 476 1631 533 praemissa
1673 476 2045 532 interpellatione
2089 480 2170 520 aut

291 557 629 613 dispensatione
670 553 879 610 permitti
922 567 1012 596 non
1053 556 1219 608 potest,
1269 556 1316 596 et
1348 552 1386 595 si
1434 552 1614 606 quando
1658 551 1754 594 sine
1800 551 2175 606 interpellatione

289 638 372 677 aut
407 631 745 686 dispensatione
777 629 947 672 initum
979 628 1160 681 fuisset,
1193 627 1480 670 renovandus
1514 630 1632 670 esset
1665 638 1916 670 consensus.

440 723 486 773 4.
530 718 879 789 Interpellari
922 716 1086 769 debet
1128 717 1320 768 coniux
1363 715 1618 770 infidelis.

439 811 484 855 Si
518 810 712 854 maritus
746 809 803 852 ad
836 808 973 851 fidem
999 819 1240 849 conversus
1263 806 1415 861 plures
1439 819 1601 849 uxores
1626 805 1802 861 habuit,
1835 806 2171 861 interpellanda

288 892 359 932 est
391 891 576 931 tantum
609 884 836 940 legitima,
870 895 985 937 quae
1017 886 1085 925 est
1127 881 1289 936 prima,
1329 880 1419 923 nisi
1463 885 1642 924 constet
1683 880 2028 924 matrimonium
2070 894 2171 924 cum

287 962 437 1018 prima
467 961 609 1004 fuisse
642 958 913 1002 iuva-lidum.
979 956 1148 1010 Quodsi
1180 970 1272 999 una
1305 969 1359 999 ex
1391 955 1608 999 uxoribus
1631 956 1689 998 ad
1712 955 1849 998 fidem
1874 955 2173 1010 convertitur,

289 1036 482 1081 maritus
515 1047 769 1088 conversus,
817 1032 920 1076 aliis
972 1031 1186 1086 dimissis,
1234 1031 1349 1074 hanc
1396 1034 1632 1085 tamquam
1682 1030 1940 1085 legitimam
1987 1044 2172 1074 uxorem

288 1112 485 1156 retinere
516 1114 683 1165 potest,
719 1108 806 1152 etsi
839 1121 929 1151 non
963 1107 1025 1150 sit
1057 1107 1220 1162 prima,
1254 1119 1389 1161 quam
1435 1107 1643 1161 duxerat,
1683 1111 1730 1149 et
1774 1106 1982 1160 quamvis
2026 1106 2176 1161 prima

290 1185 551 1231 cohabitare
584 1183 841 1227 consentiat
874 1182 971 1226 sine
1003 1181 1281 1225 contumelia
1329 1180 1559 1235 creatoriS,
1606 1180 1695 1223 nisi
1737 1187 1784 1224 et
1827 1180 1927 1236 ipsa
1969 1181 2177 1225 converti

286 1260 538 1317 volueritss).

440 1344 488 1397 ὁ.
550 1342 713 1408 Quod
770 1340 980 1392 modu-m
1034 1337 1495 1408 interpellationis
1551 1339 1771 1406 attinet,
1829 1339 1986 1390 iuxta
2039 1337 2179 1390 alios

289 1433 657 1504 interpellatio
712 1431 831 1483 fieri
889 1429 1053 1482 debet
1105 1429 1174 1480 ab
1231 1428 1511 1480 ordinario
1566 1429 1623 1479 in
1674 1428 1851 1480 forma
1893 1428 2178 1495 iudiciali·⁷

290 1527 448 1576 iuxta
489 1522 624 1575 alios
665 1529 850 1573 autem
895 1520 1114 1586 sufficit,
1172 1521 1213 1570 si
1265 1538 1296 1570 a
1347 1537 1582 1588 persona
1632 1520 1852 1588 privata
1908 1517 1998 1587 (ab
2054 1520 2180 1588 ipsa

290 1632 525 1685 persona
580 1609 867 1681 conversa)
919 1610 1027 1673 fiat,
1083 1607 1381 1660 dummodo
1427 1607 1493 1659 de
1542 1607 1690 1659 facta
1732 1607 2178 1678 interpellatione

290 1711 540 1756 constare
582 1702 755 1772 possit
803 1707 897 1751 aut
938 1717 1036 1769 per
1077 1699 1472 1750 documentum
1516 1697 1897 1750 authenticum
1941 1707 2037 1750 aut
2078 1717 2180 1768 per

289 1794 469 1862 (duos)
512 1800 691 1844 testes.

441 1891 488 1943 6.
548 1891 597 1941 A
659 1888 915 1940 facienda
975 1885 1418 1956 interpellatione
1480 1904 1731 1938 summus
1792 1886 2043 1955 pontifex
2105 1906 2175 1938 ex

287 1983 446 2052 gravi
490 1999 656 2033 causa
698 1979 1149 2049 dispensationem
1173 1977 1441 2042 concedit7·
1482 1977 1670 2044 gravis
1707 1994 1873 2028 causa
1910 1996 1942 2028 a
1971 1995 2012 2028 s,
2043 1975 2175 2028 sede

290 2090 439 2126 nunc
476 2072 575 2122 vix
611 2069 721 2121 alia
761 2069 1090 2134 admittitur,
1134 2074 1522 2136 praeterquam
1566 2065 1714 2136 quod
1758 2074 1970 2117 constet
2011 2068 2167 2118 inter·

290 2161 646 2233 pellationem
701 2158 1099 2229 impossibilem
1154 2176 1288 2225 esse,
1336 2164 1396 2208 ut
1448 2158 1491 2208 si
1549 2176 1675 2226 pars
1729 2155 1969 2208 infidelis
2028 2156 2174 2208 adiri,

289 2270 400 2304 non
442 2250 679 2321 possit4).

441 2415 534 2471 34.
592 2430 742 2473 Nota.
822 2427 963 2475 Sicut-
995 2442 1112 2486 pars
1147 2427 1310 2474 fidelis
1345 2426 1473 2472 alias
1507 2426 1707 2485 nuptias
1739 2425 1882 2484 inire,
1916 2426 1989 2473 ita
2023 2426 2180 2473 etiam

290 2506 555 2562 reliffl'onem
591 2504 774 2561 suffredi
813 2503 894 2549 vel
926 2516 1087 2547 sacros
1119 2503 1306 2546 ordines·
1337 2502 1570 2558 szzsczpere
1603 2505 1782 2559 potest.
1843 2500 1973 2547 Num
2006 2501 2183 2547 matri-

290 2582 503 2627 monium
547 2580 598 2625 in
642 2578 944 2625 infidelitate
996 2581 1306 2624 contractum
1355 2589 1445 2634 per
1489 2575 1844 2635 professionem
1888 2576 2180 2634 religiosam

292 2657 608 2712 dissolvatur,
652 2654 779 2700 sicut
811 2667 901 2713 per
936 2652 1071 2699 aliud
1106 2650 1473 2697 matrimonium
1509 2651 1733 2708 solvitur,
1770 2657 1905 2697 certo
1937 2665 2029 2698 non
2068 2665 2177 2698 con-

291 2737 416 2783 stat;
452 2745 541 2790 per
575 2729 935 2788 susceptionem
972 2733 1137 2773 autem
1171 2740 1422 2772 sacrorum
1459 2726 1682 2773 ordinum
1728 2726 2093 2774 matrimonium
2126 2727 2181 2773 in

291 2806 593 2852 infidelitate
630 2808 936 2851 contractum
971 2816 1066 2848 non
1100 2801 1306 2847 dissolvi
1341 2808 1530 2847 certum
1565 2807 1654 2848 est.

443 2895 482 2924 α.
521 2880 731 2923 δανισΙιθΞ
763 2878 945 2934 quidem
981 2880 1134 2921 censet
1169 2877 1222 2920 de
1271 2876 1571 2920 dissolutione
1620 2877 1904 2920 matrimonii
1953 2890 2034 2932 per
2081 2891 2182 2932 pro-

290 2956 533 3000 fessionem
566 2954 829 3009 religiosam
865 2952 1168 2996 dubitandum
1211 2965 1301 2995 non
1342 2964 1456 2995 esse:
1507 2951 1593 2995 etsi
1637 2952 1756 2995 enim
1800 2965 1945 3007 neque
1987 2952 2036 2995 in
2078 2952 2184 2996 iure-

293 3044 437 3086 neque
469 3030 517 3073 in
564 3028 733 3072 divinis
776 3027 947 3071 litteris
995 3026 1264 3082 professioni
1305 3027 1546 3082 religiosae
1578 3027 1648 3071 vis
1691 3027 1923 3071 tribuatur
1971 3027 2180 3072 solvendi

447 3208 479 3263 ¹)
513 3208 744 3264 Gasparri
772 3208 832 3250 II.
869 3222 911 3251 n.
948 3208 1077 3251 1090.

444 3281 477 3338 ²)
508 3281 556 3325 S.
594 3282 637 3325 C.
673 3283 727 3324 de
747 3295 881 3338 prop.
908 3281 1017 3338 fide.
1055 3283 1122 3327 15.
1158 3285 1290 3328 mart.
1327 3283 1457 3326 1816.
1492 3282 1539 3326 S.
1577 3283 1785 3340 Officium
1818 3281 1888 3326 ΞΟ.
1921 3281 2001 3326 iun
2035 3281 2180 3333 185&

291 3360 358 3401 17.
392 3358 482 3402 ian.
519 3357 648 3400 1900.

445 3431 476 3485 ³)
508 3431 758 3476 Constitut.
793 3431 865 3475 Pii
899 3431 952 3474 V.
986 3432 1186 3474 Romani
1205 3432 1437 3488 pontificis
1471 3431 1510 3474 2.
1545 3444 1651 3487 aug.
1687 3431 1814 3474 15'c'1.

442 3506 477 3558 ⁴]
511 3505 556 3552 S.
596 3506 802 3563 Officium
838 3507 907 3549 13.
943 3510 1076 3550 mart.
1114 3507 1242 3550 1901.
