2269 3898
843 137 908 179 De
942 136 1237 190 sponsalibus.
1920 137 1975 181 39

727 473 1071 566 Quaestio
1121 474 1369 542 tertia.

634 642 740 692 De
803 639 1506 702 sponsalibus.

763 813 1058 871 Articulus
1098 813 1332 887 primus

707 952 785 990 De
817 953 1013 990 natura
1047 950 1393 999 sponsalium.

265 1096 359 1150 36.
417 1096 722 1151 DefinitiO.
805 1095 1096 1166 Sponsczlia
1147 1098 1200 1164 (a
1254 1097 1546 1165 spondere)
1609 1095 1825 1146 definiri
1865 1114 1985 1165 pos-

116 1194 273 1238 sunt:
308 1187 593 1255 promissio
635 1194 815 1237 ‘minua
849 1186 1027 1251 futuri
1070 1186 1405 1238 matrimonii.

265 1304 305 1332 a.
340 1290 597 1332 Promissio
631 1292 819 1343 mnlnag
852 1289 1083 1344 pertinent
1118 1302 1223 1343 ergo
1249 1288 1476 1343 sponsalia
1508 1289 1565 1330 ad
1599 1292 1857 1331 contractus
1881 1287 1986 1330 bila-

117 1364 282 1407 terales
316 1377 545 1417 onerosos;
580 1377 712 1418 quam
749 1363 803 1406 ob
836 1377 928 1406 rem
964 1363 1116 1406 omnia
1149 1362 1388 1417 principia,
1433 1375 1545 1416 quae
1588 1363 1641 1405 de
1680 1362 1750 1404 his
1793 1366 1987 1405 contrac-

119 1438 243 1481 tibus
276 1439 323 1481 in
357 1451 520 1494 genere
552 1439 723 1492 valent,
773 1437 1057 1492 sponsalibus
1107 1437 1326 1491 applicari
1377 1436 1553 1479 debent.
1617 1436 1789 1478 Fnsnri
1832 1436 1989 1478 matri-

116 1513 292 1555 monii:
333 1513 404 1555 his
437 1512 586 1556 verbis
621 1513 846 1556 obiectum
880 1511 1168 1566 exprimitur,
1203 1511 1319 1554 circa
1353 1511 1471 1565 quod
1513 1515 1772 1553 contractus
1811 1523 1988 1564 sponsa-

119 1587 231 1630 lium
265 1593 494 1637 versatum
537 1586 638 1629 ideo
673 1586 888 1628 dicuntur
921 1585 1058 1628 etiam
1092 1585 1324 1641 sponsalia
1368 1584 1422 1627 (le
1461 1586 1643 1641 fntnro,
1691 1593 1737 1626 et
1780 1584 1855 1638 qui
1904 1583 1990 1627 sibi

121 1667 280 1705 mutuo
315 1661 597 1716 promittunt
632 1659 976 1703 matrimonium
1014 1664 1170 1714 postea
1194 1659 1567 1713 contrahendum,
1602 1658 1815 1701 dicuntur
1836 1659 1990 1713 sponsi

119 1737 174 1780 (le
198 1738 377 1793 futuro.

268 1826 304 1868 b.
344 1826 565 1868 Obiectnm
601 1828 860 1868 contractus
895 1823 1155 1879 sponsalitii
1189 1828 1257 1866 est
1291 1822 1635 1866 matrimonium
1670 1835 1748 1864 suo
1792 1826 1994 1876 tempore

115 1900 379 1955 ineundum,
429 1900 566 1954 idque
599 1903 699 1942 tum
733 1898 939 1942 validum
974 1903 1072 1941 tum
1122 1897 1325 1940 licitum:
1375 1897 1433 1940 ad
1482 1895 1823 1939 matrimonium
1871 1894 1990 1938 enim

115 1973 370 2017 invalidum
405 1974 476 2017 vel
510 1973 725 2016 illicitum
758 1986 889 2016 nemo
940 1986 985 2016 se
1033 1972 1236 2027 obligare
1284 1975 1451 2026 potest.
1517 1970 1639 2023 Quae
1687 1983 1792 2024 ergo
1842 1969 1994 2011 matri-

117 2049 319 2091 monium
353 2049 551 2092 reddunt
585 2047 843 2090 inralidum
878 2048 950 2090 vel
982 2046 1215 2101 illicitum,
1260 2046 1461 2089 reddunt-
1504 2044 1732 2100 sponsalia
1772 2056 1825 2086 ex
1864 2047 1994 2098 parte

119 2122 282 2165 obiecti
322 2122 542 2165 invalida.
606 2122 694 2165 Ubi
727 2123 979 2166 notandum
1015 2126 1084 2183 est
1118 2121 1358 2164 discrimen
1392 2119 1512 2163 inter
1544 2118 1884 2174 promissionem
1910 2117 1996 2160 illi·

119 2197 257 2240 citam
291 2201 336 2240 et
370 2197 712 2252 promissionem
747 2197 811 2239 rei
843 2196 1056 2239 illicitae:
1102 2196 1211 2239 haec
1243 2196 1361 2239 enim
1408 2207 1638 2249 nunquam
1673 2193 1862 2248 obligat,
1895 2205 1994 2235 cum

120 2285 209 2315 non
243 2271 388 2326 possit
422 2271 519 2314 dari
555 2271 775 2326 obligatio
817 2271 1080 2326 praestandi
1122 2283 1213 2314 rem
1260 2269 1494 2312 illicitam:
1536 2268 1617 2310 illa
1658 2280 1762 2310 vero
1807 2265 1997 2320 obligat,

124 2345 161 2388 si
194 2359 264 2389 res
296 2345 458 2389 illicite
491 2345 713 2400 promissa
744 2345 871 2389 licite
903 2346 1125 2400 praestari
1159 2348 1323 2399 potest.
1389 2343 1507 2386 Hinc
1540 2342 1577 2385 si
1610 2341 1708 2396 quis
1739 2345 1845 2383 voto
1869 2339 1996 2382 casti-

123 2421 236 2465 tatis
274 2421 520 2464 obstrictus
553 2421 897 2465 matrimonium
932 2420 1157 2476 promisit,
1189 2418 1395 2462 invalida
1428 2422 1496 2461 est
1527 2415 1786 2471 promissio3
1821 2418 1871 2457 at
1893 2427 1996 2456 vero

125 2495 162 2539 si
196 2496 297 2551 quis
328 2496 484 2540 insciis
507 2495 774 2552 parentibus
798 2494 1141 2539 matrimonium
1166 2492 1391 2548 promisit,
1423 2491 1586 2534 illicite
1617 2489 1728 2544 egit,
1761 2487 1997 2543 promissio

116 2574 269 2614 autem
303 2569 458 2612 valida
491 2575 572 2613 est.

238 2674 272 2703 c.
308 2659 545 2714 Sponsalia
577 2659 847 2714 simpliciter
879 2665 924 2701 et
958 2657 1052 2700 sine
1085 2656 1243 2699 addito
1284 2653 1508 2698 ordinarie
1551 2653 1817 2708 significant
1859 2666 1990 2708 spon-

120 2734 233 2777 salia
267 2735 320 2777 de
352 2736 510 2777 futuro
544 2747 648 2776 mox
682 2733 924 2788 descripta,
968 2738 1104 2787 prout
1147 2730 1497 2784 distinguuntur
1539 2743 1565 2772 a
1608 2727 1892 2784 sponsalibus
1935 2727 1989 2770 de

120 2808 364 2864 praesenti.
426 2807 668 2862 Sponsalia
702 2807 756 2850 de
778 2807 1023 2862 praesenti
1054 2805 1317 2861 significant
1350 2804 1498 2858 ipsum
1545 2801 1887 2845 matrimonium
1931 2814 1996 2843 ra·

122 2891 220 2926 tum
254 2897 332 2938 per
365 2883 571 2937 copulam
605 2882 805 2925 nondum
839 2885 1217 2934 consummatum,
1251 2884 1296 2922 et
1328 2878 1483 2934 sponsi
1503 2877 1558 2920 cle
1582 2876 1821 2932 praesenti
1850 2876 1995 2930 appel-

120 2958 291 3012 lantur,
326 2957 402 3011 qui
435 2956 777 3000 matrimonium
814 2959 1152 3008 contraxerunt,
1185 2957 1428 3006 antequam
1463 2951 1579 3001 illud
1613 2953 1940 2994 consumment,

267 3120 359 3175 37.
418 3119 812 3174 Condiciones
867 3116 1260 3185 sponsalium.
1345 3115 1416 3167 Ut
1475 3112 1750 3183 sponsalia
1805 3129 1990 3162 veram

123 3208 516 3277 obligationem
547 3206 829 3273 inducant,
862 3224 1050 3257 omnes
1073 3204 1193 3256 illas
1216 3202 1510 3273 qualitates
1538 3201 1743 3253 habere
1768 3199 1996 3264 debent,

126 3317 265 3368 quae
323 3297 393 3349 ad
452 3305 795 3349 contractum
853 3294 1101 3346 validum
1160 3294 1529 3363 requiruntur.
1620 3290 1775 3355 Quae
1836 3289 1880 3338 si
1945 3288 2001 3337 in

126 3387 444 3440 definitione
505 3385 763 3455 explicite
822 3390 1112 3454 ponantur,
1171 3381 1449 3452 sponsalia
1501 3379 1723 3431 uberius
1781 3375 1998 3428 definiri

120 3484 384 3547 possunt:
429 3476 716 3545 promissio
770 3492 912 3537 vera,
968 3470 1279 3538 deliberata,
1327 3478 1524 3533 mutua,
1573 3468 1718 3537 signo
1760 3463 1998 3516 sensibili
