2269 3898
516 157 582 198 De
615 156 1027 210 dispensationibus
1061 156 1485 200 matrimonialibus.
1850 161 1931 201 141

64 290 406 358 propriisque
448 291 702 357 expensis
743 297 1105 358 prosequatur
1145 299 1360 358 praeter
1407 290 1577 356 illum,
1621 293 1714 360 qui
1758 294 1928 361 ipsam

63 379 118 427 in
173 396 400 428 uxorem
443 378 641 429 ducere
684 379 850 446 cupit,
908 379 1243 447 dispensatio
1295 380 1523 430 concedi
1566 379 1727 445 solet3
1774 381 1933 430 inter-

62 476 142 516 est
182 468 328 517 enim
369 466 723 535 reipublicae,
767 475 826 517 ut
864 466 986 517 lites
1014 468 1424 534 extinguantur.
1508 468 1654 518 Huic
1684 470 1932 536 proxime

61 555 273 605 accedit
312 554 420 605 alia
461 573 641 620 causa,
697 555 907 606 scilicet
948 555 1042 606 clos
1083 554 1264 606 litibus
1304 556 1558 623 involuta,
1611 575 1735 608 cum
1778 559 1933 608 nimi-

60 661 180 693 rum
242 644 437 694 mulier
492 643 597 694 alio
655 651 733 693 est
794 644 1053 695 destituta
1095 645 1232 710 viro,
1296 647 1451 696 cuius
1508 663 1609 714 ope
1651 646 1795 697 bona
1837 665 1933 696 sua

59 750 382 800 recuperare
424 731 620 783 valeat.
703 732 909 783 Verum
967 732 1286 784 huiusmodi
1345 753 1509 785 causa
1563 736 1783 785 nonnisi
1836 753 1932 803 pro

58 820 442 872 remotioribus
481 821 747 889 gradibus
788 822 1041 875 sufficit&

209 924 256 978 ὃ.
300 926 635 995 „Paupertas
674 926 881 990 viduae,
926 945 1066 995 quae
1095 944 1386 978 numerosa
1411 926 1562 995 prole
1603 928 1671 977 sit
1712 936 1932 977 onerata

60 1022 111 1064 et
152 1016 238 1064 vir
279 1032 398 1065 eam
440 1014 584 1065 alere
626 1014 962 1083 polliceatur.
1024 1015 1132 1067 Sed
1174 1015 1504 1085 quandoque
1545 1015 1787 1066 remedio
1831 1015 1931 1066 dis-

58 1105 398 1171 pensationis
440 1106 777 1154 succurritur
830 1105 1032 1155 viduae
1074 1123 1137 1155 ea
1178 1112 1394 1155 tantum
1439 1104 1505 1155 de
1548 1124 1728 1171 causa,
1787 1104 1931 1174 quod

59 1193 239 1243 iunior
279 1193 348 1243 sit
387 1200 550 1261 atque
592 1194 648 1244 in
689 1193 933 1262 periculo
976 1195 1410 1245 incontinentiae
1452 1196 1754 1247 Versetur.“

207 1296 255 1350 6.
292 1297 533 1363 „Bonum
566 1298 738 1366 paciS,
783 1315 886 1366 quo
930 1299 1150 1349 nomine
1192 1299 1423 1349 Veniunt
1466 1298 1670 1350 nedum
1711 1297 1933 1349 foedera

58 1387 199 1436 inter
257 1403 426 1453 regna
487 1395 537 1436 et
597 1388 891 1455 principes7
961 1388 1056 1438 sed
1120 1390 1283 1439 etiam
1353 1389 1616 1438 extinctio
1677 1389 1931 1454 gravium

58 1476 491 1540 inimicitiarum7
549 1477 794 1526 rixarum
838 1485 890 1526 et
931 1476 1181 1527 odiorum
1225 1476 1489 1529 civilium.
1571 1476 1726 1527 Haec
1768 1494 1932 1528 causa

57 1562 352 1613 adducitur
412 1562 500 1614 vel
557 1563 627 1614 ad
684 1564 1088 1631 extinguendas
1145 1582 1342 1632 graves
1398 1566 1736 1631 inimicitias,
1794 1561 1977 1635 quae‘

57 1653 197 1702 inter
240 1651 682 1703 contrahentium
738 1655 1176 1720 consanguineos
1228 1653 1315 1705 vel
1369 1654 1565 1707 affines
1619 1663 1767 1705 ortae
1808 1657 1931 1719 sint,

57 1759 304 1810 quaeque
361 1743 694 1792 matrimonii
753 1741 1119 1793 celebratione
1177 1745 1400 1794 omnino
1457 1752 1931 1812 componerentur,

56 1829 143 1880 vel
186 1829 406 1899 quando
461 1832 602 1881 inter
657 1830 1097 1882 contrahentium
1155 1834 1592 1899 consanguineos
1647 1841 1699 1883 et
1741 1832 1933 1883 affines

56 1920 381 1970 inimicitiae
423 1938 618 1988 graves
672 1922 965 1988 viguerint,
1022 1928 1089 1986 et7
1147 1921 1276 1972 licet
1316 1940 1428 1990 pax
1482 1924 1624 1973 inter
1665 1941 1754 1973 eos
1796 1924 1931 1973 inita

57 2010 166 2059 iam
210 2010 294 2074 sit7
338 2007 629 2059 celebratio
659 2017 843 2060 tamen
875 2011 1212 2060 matrimonii
1256 2010 1324 2061 ad
1367 2012 1540 2079 ipsius
1575 2012 1727 2080 pacis
1755 2011 1929 2062 firma-

55 2099 260 2148 tionem
304 2099 542 2147 maxime
586 2097 966 2151 conduceretf‘

216 2221 252 2253 c.
326 2202 570 2265 „Nimia7
633 2212 888 2272 suspecta,
942 2202 1245 2272 periculosa
1289 2203 1658 2272 familiaritas
1717 2222 1931 2254 necnon

56 2291 370 2341 cohabitatio
433 2289 533 2341 sub
595 2291 789 2343 eodem
850 2302 1007 2357 tecto,
1075 2311 1212 2360 quae
1272 2292 1432 2344 facile
1498 2293 1753 2361 impediri
1822 2311 1931 2343 non

56 2383 292 2447 posset.“

206 2482 316 2525 Cum
349 2483 467 2526 ratio
501 2484 634 2526 huius
668 2497 827 2527 causae
860 2484 1096 2539 reponitur
1128 2484 1176 2527 in
1210 2485 1421 2528 scandalo
1439 2485 1647 2541 vitando,
1670 2485 1931 2540 requiritur,

56 2563 109 2599 ut
142 2557 251 2600 haec
281 2557 578 2601 familiaritas
612 2559 683 2601 vel
719 2558 998 2602 cohabitatio
1031 2559 1114 2602 sub
1147 2560 1301 2602 eodem
1332 2564 1453 2602 tecto
1488 2560 1709 2615 originem
1757 2560 1932 2603 dederit

58 2631 301 2685 suspicioni
337 2632 390 2674 de
423 2633 548 2687 turpi
583 2634 922 2677 conversatione
954 2633 1076 2677 inter
1107 2633 1478 2689 nupturientes¹).

207 2722 254 2773 8.
295 2720 542 2791 „Copula
584 2741 706 2773 cum
751 2725 1162 2791 consanguinea
1203 2723 1290 2774 vel
1332 2723 1496 2774 affine
1540 2723 1626 2774 vel
1668 2723 1775 2775 alia
1816 2743 1929 2793 per-

58 2827 190 2861 sona
250 2811 642 2879 impedimento
706 2812 990 2864 laborante
1055 2811 1397 2882 praehabita,
1467 2822 1519 2864 et
1567 2816 1931 2884 po'aeynantia

60 2899 272 2967 ideoque
315 2898 620 2966 Zeyitimatio
651 2900 848 2969 prolis,
892 2910 950 2950 ut
990 2919 1187 2969 nempe
1232 2901 1546 2952 consulatur
1581 2901 1724 2953 bono
1767 2901 1931 2970 prolis

58 2988 229 3055 ipsius
271 2996 323 3037 et
375 2986 567 3038 honori
622 2987 878 3048 mulieris,
939 3007 1078 3058 quae
1133 3008 1288 3040 secus
1340 2991 1573 3059 innupta
1631 3000 1926 3042 maneret:

207 3090 252 3133 Si
286 3091 445 3145 copula
484 3091 755 3146 incestuosa,
803 3105 915 3146 quae
962 3093 1191 3147 allegatur
1238 3099 1472 3147 tamquam
1522 3108 1656 3137 causa
1705 3095 1930 3149 d1spensa-

59 3164 213 3220 tionis,
244 3179 335 3208 non
367 3178 421 3207 ex
453 3166 652 3208 humana
683 3166 957 3221 fragilitate,
992 3167 1067 3210 sed
1102 3180 1155 3209 ex
1199 3181 1276 3222 spe
1323 3168 1504 3211 facilius
1547 3169 1928 3223 dispensationem

58 3238 291 3282 obtinendi
345 3238 504 3282 habita
555 3239 705 3293 fuerit,
762 3240 870 3282 haec
922 3241 1267 3284 circumstantia
1314 3241 1360 3284 in
1410 3243 1740 3297 supplicatione
1788 3243 1929 3296 expri-

58 3313 222 3355 menda
254 3321 336 3355 est.

215 3490 243 3543 ¹)
277 3490 759 3534 Ballert'n1'-Palmieri
788 3492 864 3536 VI.
899 3507 941 3535 n.
976 3494 1074 3535 940.
