2269 3898
246 133 331 176 126
783 97 785 100 Α
972 127 1056 170 111.
1090 127 1157 169 De
1189 125 1382 180 legibus.

249 275 452 336 potest:
493 263 739 317 succedit
765 263 911 313 enim
943 263 999 312 in
1027 260 1410 312 iurisdictione
1439 258 1714 328 episcopi,
1750 257 2122 309 iurisdictioni

240 365 432 407 ‚autem
475 354 606 404 huic
647 369 867 402 annexa
909 358 989 401 cst
1032 357 1272 419 potestas
1311 348 1555 417 legifera.

394 442 536 485 Verae
566 440 683 496 legis
716 439 939 482 rationem
974 438 1144 482 habent
1179 439 1359 481 decreta
1391 437 1447 480 ab
1481 436 1688 491 episcopo
1721 435 1770 478 in
1804 435 1974 489 synodo
1998 434 2125 478 edita

249 523 292 562 et
327 517 633 572 promulgata,
680 517 860 557 statuta
907 518 1062 556 autem
1112 517 1243 556 extra
1290 512 1512 566 synodum
1562 510 1689 554 edita
1735 514 1781 554 et
1831 510 2127 564 promulgata

250 593 366 647 legis
401 589 580 634 stabilis
613 589 837 632 rationem
873 589 1017 631 solum
1051 587 1222 631 habent
1253 587 1301 629 in
1336 585 1508 641 duplici
1552 598 1677 628 casu:
1729 599 1771 628 a.
1817 585 1854 628 si
1897 584 1995 640 ipse
2038 584 2125 640 epi-

247 680 405 722 scopus
440 666 655 719 declarat,
690 677 736 707 se
768 664 916 718 legem
951 663 1162 706 stabilem
1198 662 1386 705 condere
1417 661 1557 713 velle3
1604 660 1641 703 h.
1687 660 1725 704 si
1758 659 1987 704 ordinatio
2030 658 2127 702 sub-

254 742 372 785 ditos
406 754 559 784 omnes
592 745 692 782 tum
728 738 910 782 clericos
943 741 1043 780 tum
1076 737 1215 780 laicos
1248 736 1449 789 afficit¹>.

396 823 445 884 4.
510 828 814 900 Capitulum
868 829 1111 898 yenerale
1171 845 1266 878 seu
1325 827 1678 895 congregatio
1736 822 2010 892 generalis
2070 823 2128 873 in

248 921 538 974 ordinibus
594 919 866 987 religiosis
927 919 982 968 vi
1045 916 1449 967 iurisdictionis
1504 935 1536 966 a
1593 932 1806 966 summo
1866 912 2128 982 pontifice

249 1028 558 1064 concessae.
610 1009 875 1072 Potestas,
907 1025 1048 1077 quae
1077 1007 1211 1075 ipsis
1238 1004 1600 1075 superioribus
1626 1002 1961 1073 yencralibus
1990 1021 2130 1054 com-

252 1103 403 1172 petit,
449 1118 544 1170 pro
590 1099 809 1150 statutis
851 1097 1109 1148 ordinum
1152 1094 1380 1165 quidem
1411 1095 1633 1146 diversa
1660 1102 1758 1159 est,
1802 1099 2132 1162 potestatem

249 1203 433 1243 autem
477 1188 690 1240 ferendi
732 1186 880 1255 leges
922 1185 1201 1237 ordinarie
1243 1185 1348 1252 ipsi
1391 1202 1502 1235 non
1541 1183 1766 1249 habent,
1819 1182 1915 1234 sed
1956 1182 2131 1233 solum

253 1279 527 1332 condendi
554 1277 928 1329 ordinat-iones
958 1293 1054 1326 seu
1084 1281 1288 1325 statuta
1316 1280 1412 1324 aut
1440 1274 1596 1323 iuxta
1622 1280 1718 1324 aut
1742 1281 1960 1342 praeter
1981 1271 2131 1339 leges

252 1372 521 1437 vigentes,
578 1366 900 1436 Superiores
942 1364 1168 1416 tandem
1211 1361 1404 1415 locales
1446 1364 1503 1413 vi
1545 1363 1945 1415 iurisdictionis
1983 1380 2132 1432 prae-

255 1464 437 1530 cipere
478 1464 709 1528 possunt
751 1474 1052 1525 eorumque
1092 1461 1392 1524 praecepta
1421 1461 1595 1504 morte
1622 1452 1712 1504 vel
1736 1471 1956 1504 recessu
1984 1469 2135 1520 prae·

257 1550 513 1620 cipientis
555 1566 652 1617 per
694 1565 749 1598 se
791 1547 1064 1615 expirant,
1109 1545 1214 1595 nisi
1256 1561 1355 1612 per
1395 1549 1722 1611 potestatem
1764 1541 2135 1611 legislativam

256 1642 389 1710 ipsis
430 1637 696 1691 attributa
737 1638 806 1688 sit
847 1634 1102 1705 specialis
1144 1633 1482 1699 stabilitas2).

411 1743 450 1770 a.
488 1727 760 1770 Abbatissae
792 1726 864 1768 vel
899 1723 1222 1779 superiorissae
1263 1722 1311 1765 in
1346 1721 1580 1765 ordinibus
1623 1720 1851 1776 religiosis
1894 1720 2137 1763 mulierum

256 1806 380 1859 leges
412 1806 532 1846 ferre
564 1816 653 1844 non
687 1804 892 1856 possunt.
957 1799 1241 1841 Potestatem
1275 1797 1400 1852 leges
1433 1796 1609 1840 ferendi
1657 1795 1705 1839 in
1753 1795 1997 1851 religiones
2046 1808 2138 1837 mu-

256 1879 418 1922 lierum
453 1882 633 1932 praeter
667 1889 894 1918 summum
929 1873 1194 1929 pontificem
1227 1872 1397 1915 habent
1416 1871 1667 1927 superiores
1692 1872 1901 1914 ordinum
1921 1871 2137 1924 virorum,

258 1953 419 2008 quibus
454 1952 561 1995 ordo
595 1951 840 1994 mulierum
875 1954 944 1993 est
977 1961 1197 2002 annexus,
1250 1947 1323 1990 vel
1371 1947 1622 2002 episcopus,
1669 1946 1719 1989 in
1769 1946 1898 1990 cuius
1949 1945 2140 1990 dioecesi

261 2026 588 2070 monasterium
623 2025 765 2067 situm
800 2029 881 2067 est.
948 2021 1280 2077 Superiorissae
1312 2028 1469 2065 tamen
1500 2021 1549 2064 in
1583 2020 1762 2064 casibus
1785 2020 2140 2076 particularibus

261 2108 304 2145 et
338 2099 694 2157 particularibus
727 2098 930 2154 personis
963 2097 1045 2140 sub
1078 2096 1210 2152 gravi
1244 2096 1316 2139 vel
1361 2095 1443 2139 sub
1490 2095 1581 2139 levi
1629 2095 1887 2151 praecipere
1934 2098 2141 2150 possunt,

262 2191 375 2232 quae
410 2177 467 2220 ad
502 2175 789 2231 spiritualem
823 2172 1091 2216 monialium
1115 2173 1371 2226 profectum
1394 2171 1467 2214 vel
1490 2171 1548 2214 ad
1570 2171 1826 2225 regularem
1852 2169 2140 2225 disciplinam

261 2253 393 2296 iuxta
427 2254 532 2305 (non
565 2249 762 2305 praeter)
794 2249 978 2303 regulas
1011 2252 1057 2290 et
1091 2246 1445 2289 constitutiones
1479 2245 1652 2289 ordinis
1686 2244 1940 2300 pertinent,
1970 2257 2061 2287 non
2094 2242 2141 2286 vi

261 2325 608 2379 iurisdictionis,
643 2337 775 2379 quam
810 2337 900 2366 non
933 2321 1104 2365 habent
1135 2334 1280 2376 neque
1323 2321 1524 2376 accipere
1567 2324 1773 2376 possunt,
1822 2318 1899 2361 sed
1947 2317 1994 2360 vi
2045 2316 2142 2360 voti

265 2400 564 2455 obedientiae,
599 2399 717 2454 quod
752 2397 971 2441 moniales
1004 2397 1233 2451 professae
1266 2396 1505 2449 emittunt,
1553 2399 1599 2438 et
1641 2394 1688 2437 vi
1722 2392 1970 2448 potestatis
2005 2390 2142 2435 domi-

263 2477 464 2529 nativae,
499 2487 611 2530 quae
644 2474 742 2517 iure
774 2471 977 2516 naturali
1027 2470 1237 2514 convenit
1288 2469 1496 2513 omnibus
1545 2467 1852 2524 superioribus
1900 2466 2141 2510 cuiuslibet

265 2549 622 2595 communitatis
689 2548 747 2590 Vi
781 2547 917 2590 huius
950 2545 1197 2601 potestatis
1221 2545 1360 2588 etiam
1383 2544 1589 2598 novitiis,
1622 2557 1735 2598 quae
1757 2547 1916 2586 votum
1941 2541 2143 2585 obedien-

266 2627 358 2669 tiae
391 2639 480 2668 non
514 2623 778 2677 emiserunt,
811 2621 1069 2677 praecipere
1104 2623 1308 2674 possunt.

416 2700 452 2741 b.
486 2698 747 2741 Notandum
783 2702 853 2740 est
887 2695 1128 2738 discrimen
1172 2694 1293 2737 inter
1335 2697 1642 2748 praeceptum,
1686 2693 1804 2747 quod
1853 2692 1895 2735 υί
1935 2691 2145 2735 iurisdic-

266 2774 417 2826 tionis,
451 2781 493 2816 et
528 2773 650 2815 inter
682 2778 989 2826 praeceptum,
1023 2770 1141 2824 quod
1177 2769 1218 2812 ri
1239 2768 1484 2824 potestatis
1517 2767 1820 2810 dominam-ae
1849 2769 2021 2810 fertur:
2067 2766 2144 2822 qui

270 2850 351 2892 hoc
384 2848 542 2902 violat,
576 2848 720 2889 solum
755 2852 914 2889 contra
947 2844 1253 2888 obedientiam
1288 2848 1459 2899 peccat,
1504 2842 1580 2897 qui
1624 2842 1741 2886 illud
1785 2841 1944 2896 violat,
1988 2843 2145 2884 contra

269 2923 489 2966 virtutem
523 2926 692 2976 peccat,
726 2921 783 2963 ad
817 2933 952 2975 quam
986 2918 1180 2962 materia
1224 2917 1455 2973 praecepti
1497 2918 1706 2960 refertur.
1771 2917 1982 2960 Potestas
2024 2915 2144 2959 enim

271 2996 553 3040 dominativa
577 2996 720 3038 solum
745 2993 1069 3038 subiectionem
1093 2992 1267 3036 subditi
1288 2991 1490 3047 respicit,
1518 3004 1809 3046 quaecunque
1842 2990 1905 3033 sit
1937 2989 2146 3044 materia,

270 3072 317 3115 in
353 3085 440 3126 qua
473 3075 727 3114 exercetur:
762 3069 1020 3112 iurisdictio
1054 3072 1208 3111 autem
1242 3066 1427 3122 respicit
1461 3066 1627 3109 bonum
1662 3079 1741 3121 per
1783 3064 2144 3108 observationem

273 3146 502 3201 praecepti
535 3145 582 3188 in
617 3144 701 3187 tali
735 3143 928 3186 materia
961 3141 1316 3196 obtinendum3).

428 3281 455 3333 ¹)
489 3280 556 3322 Cf.
591 3277 868 3320 Benedictus
904 3276 981 3319 XI
989 3277 1029 3318 V.
1063 3277 1130 3319 De
1163 3276 1333 3330 synodo
1366 3276 1395 3318 l.
1432 3276 1499 3318 13.
1545 3288 1578 3318 c.
1625 3274 1665 3317 ἵ).
1707 3289 1749 3319 n.
1788 3275 1826 3317 1.
1891 3273 2144 3317 Ballerini-

276 3355 502 3403 Palmieri
530 3369 574 3397 n.
608 3354 708 3396 238.
741 3356 851 3395 nota
884 3366 921 3394 a.

424 3428 456 3480 2)
490 3427 695 3470 Lacroix
726 3427 754 3469 l.
792 3428 829 3468 l.
867 3440 909 3469 n.
945 3427 1044 3469 566.

425 3501 458 3556 3)
493 3503 556 3544 Cf.
594 3502 666 3544 De
687 3501 950 3556 praeceptis
981 3515 1025 3544 n.
1060 3500 1160 3542 280.
1194 3501 1232 3542 4.
