2269 3898
891 125 1033 168 Index
1064 138 1225 169 rerum.
1906 126 1993 169 345

137 259 414 305 consuetudo
449 259 638 301 vitiosa:
669 271 777 301 num
810 262 980 313 augeat
1011 257 1321 301 voluntarium
1354 258 1432 311 46;
1478 271 1585 300 num
1627 262 1812 313 peccata
1851 271 1904 302 ex
1948 271 1999 302 ea

255 333 495 377 commissa
526 333 621 375 sint
653 332 947 387 imputabilia
979 333 1049 375 53.

139 408 390 452 contemtus
422 407 566 463 legis:
598 405 805 449 formalis
838 409 883 448 et
916 405 1167 449 materialis
1200 406 1308 456 289;
1344 406 1522 460 quando
1556 409 1789 460 peccatum
1823 418 1878 449 ex
1902 419 1999 448 con-

256 484 403 525 temtu
436 479 724 524 commissum
758 493 899 534 grave
931 479 993 522 sit
1024 479 1123 521 289.

1025 613 1112 653 Ι).

140 687 416 733 neclan-atio:
450 686 831 741 comprehensiva,
865 687 1102 729 extensiva
1136 685 1232 727 113.

140 763 330 806 Decreta
362 761 756 816 conareyatiomlm
789 773 1084 802 romanarum
1100 773 1115 801 .·
1164 772 1315 802 eorum
1350 760 1477 802 valor
1512 760 1619 811 1133
1662 760 1881 815 formiter
1929 762 2000 803 edi

255 835 419 879 debent
455 835 556 878 112.

140 910 413 955 Delectatio:
445 923 554 952 num
587 908 714 952 licite
746 907 923 951 intendi
957 907 1103 962 possit
1133 908 1208 961 713
1243 911 1466 962 quatenus
1498 920 1631 962 agere
1654 911 1838 962 propter
1861 909 2000 951 solam

258 983 612 1026 delectationem
650 986 885 1038 peccatum
919 982 979 1025 sit
1014 982 1082 1024 70.

168 1084 221 1088 —
255 1071 473 1101 morosa:
520 1057 629 1112 quid
663 1057 725 1100 sit
758 1057 868 1109 2993
920 1057 1051 1111 quale
1094 1060 1327 1112 peccatum
1362 1056 1424 1099 sit
1456 1056 1565 1107 300;
1614 1069 1722 1099 num
1773 1057 2003 1100 contineat

256 1131 460 1176 malitias
493 1131 657 1175 obiecti
689 1132 787 1174 300.

141 1206 427 1252 Deliberatio:
463 1206 571 1260 quid
605 1205 667 1248 sit
700 1205 779 1259 723
814 1209 1036 1260 quatenus
1069 1206 1126 1248 ad
1152 1209 1304 1248 actum
1337 1206 1550 1248 moralem
1574 1205 1825 1248 necessaria
1849 1205 1909 1248 sit
1935 1206 2002 1247 7-2.

140 1281 373 1336 Deroqatio
406 1280 540 1336 leffl's:
574 1279 682 1334 quid
715 1280 777 1322 sit
812 1280 915 1329 173;
951 1293 992 1322 V.
1028 1281 1126 1323 Lex.

141 1355 404 1400 Desiderium
429 1369 652 1411 prm-mn.-
699 1355 808 1408 quid
856 1358 901 1397 et
951 1355 1200 1408 quotuplex
1249 1353 1310 1396 sit
1359 1353 1467 1406 2943
1520 1351 1793 1395 desiderium
1842 1353 2006 1395 efficax

257 1430 389 1484 quale
422 1433 655 1484 peccatum
690 1429 751 1472 sit·
799 1429 908 1482 2953
959 1428 1137 1483 quando
1187 1427 1459 1470 desiderium
1508 1426 1724 1470 inefficax
1771 1430 2004 1481 peccatum

256 1504 318 1547 sit
350 1504 459 1554 -295;
495 1517 604 1546 num
638 1503 773 1547 liceat
807 1502 1011 1558 proximo
1046 1502 1300 1545 desiderare
1334 1501 1504 1544 malum
1538 1501 1638 1543 296.

143 1579 366 1623 Dictamen
400 1577 724 1621 conscientiae:
757 1576 865 1630 quid
900 1576 961 1619 sit
996 1575 1092 1618 181.

145 1651 420 1707 Dispensatio
453 1651 568 1707 leffl‘s
599 1664 641 1694 v.
677 1651 776 1695 Lex.

141 1726 369 1772 Distinctio
397 1728 681 1781 peccatorum
715 1724 939 1779 specifica,
971 1723 1201 1767 numerica
1233 1737 1274 1766 v.
1309 1722 1560 1767 Peccatum.

141 1800 402 1845 Domicilium
437 1799 814 1843 ecclesiasticum:
848 1798 956 1852 quid
989 1803 1035 1841 et
1067 1798 1316 1852 quotuplex
1349 1797 1412 1839 sit
1457 1798 1559 1847 12&
1611 1797 1830 1851 quomodo
1863 1797 2007 1851 acqui-

258 1878 402 1930 ratur,
437 1873 685 1917 amittatur
717 1874 817 1915 127.

141 1950 261 1993 Dona
294 1948 496 2004 Spiritus
526 1948 695 1991 sancti:
728 1961 837 1990 num
872 1947 966 1990 sint
999 1947 1078 2000 21;
1115 1950 1222 2000 quot
1258 1947 1350 1989 sint
1383 1947 1465 1997 213
1501 1958 1652 1988 eorum
1686 1949 1851 1988 natura
1885 1945 1955 1987 22.

144 2024 343 2068 Dubium:
378 2023 485 2077 quid
520 2022 580 2065 sit
616 2023 720 2073 196;
758 2022 915 2065 differt
947 2035 973 2064 a
1007 2021 1274 2075 suspicione,
1308 2020 1533 2075 opinione,
1581 2019 1857 2063 certitudine
1901 2020 2006 2070 196ς

259 2098 507 2152 quotuplex
556 2096 617 2139 sit
651 2096 758 2150 1963
809 2095 994 2139 dubium
1039 2096 1308 2151 negativum
1359 2095 1738 2139 contemnendum
1788 2099 1857 2138 est·
1905 2095 2007 2142 198:

261 2172 427 2227 duplex
461 2172 620 2214 modus
655 2170 907 2226 deponendi
941 2169 1264 2213 conscientiam
1300 2169 1483 2212 dubiam
1520 2170 1617 2212 198.

1031 2305 1120 2345 Ε.

147 2380 375 2424 Ebrietas:
441 2379 549 2434 quid
583 2382 629 2421 et
662 2379 911 2433 quotuplex
945 2378 1006 2421 sit
1038 2378 1146 2429 307;
1187 2392 1296 2421 num
1329 2377 1602 2420 intrinsecus
1635 2377 1756 2420 mala
1799 2376 1861 2420 sit
1902 2377 2008 2428 308,-

261 2454 439 2509 quando
473 2467 613 2508 grave
646 2456 879 2508 peccatum
915 2453 975 2495 sit
1017 2453 1124 2498 309:
1172 2466 1281 2495 num
1329 2451 1551 2506 imputari
1599 2451 1775 2506 possint
1826 2456 2010 2506 peccata

262 2527 600 2584 (contumeliae,
635 2526 959 2582 blasphemiae)
992 2526 1039 2570 in
1073 2527 1295 2570 ebrietate
1327 2525 1565 2569 commissa
1598 2526 1709 2577 309,-
1743 2539 1851 2569 num
1875 2526 2010 2570 liceat

265 2617 309 2646 se
341 2602 566 2646 inebriare
599 2602 656 2645 ad
690 2602 952 2645 evitandam
987 2605 1202 2652 mortem;
1237 2601 1295 2644 ad
1328 2600 1531 2643 morbum
1568 2600 1908 2655 depellendum3
1954 2601 2011 2643 ad

261 2677 494 2721 leniendos
528 2678 702 2720 dolores
733 2676 947 2731 (partus);
982 2677 1039 2719 ad
1074 2675 1416 2719 melancholiam
1451 2674 1706 2729 pellendam
1740 2674 1840 2717 308.

147 2753 277 2797 Elisio
310 2766 351 2795 v.
386 2751 695 2796 Probabilitas.

150 2826 321 2882 Epikia:
355 2825 463 2879 quid
497 2824 558 2867 sit
592 2824 696 2875 135;
732 2824 910 2878 quando
943 2823 1073 2867 licita
1105 2823 1167 2866 sit
1201 2823 1300 2868 135.
1334 2837 1376 2865 v.
1409 2822 1508 2865 Lex.

153 2902 418 2957 Episcopus:
452 2903 728 2955 potestatem
761 2899 1000 2954 legiferam
1034 2899 1169 2942 habet
1202 2899 1313 2947 109;
1348 2898 1395 2940 in
1428 2897 1590 2952 quibus
1624 2896 1884 2950 dispensare
1916 2909 2010 2950 pos-

265 2976 325 3019 sit
360 2976 476 3026 15&
512 2988 621 3029 quos
655 2974 914 3029 dispensare
947 2974 1091 3029 possit
1126 2973 1222 3016 157.

1037 3108 1123 3149 F.

151 3184 263 3230 finis
295 3186 422 3227 actus
452 3183 671 3225 moralis:
714 3181 821 3237 quid
856 3181 917 3225 sit
950 3182 1026 3234 623
1061 3181 1310 3236 quotuplex
1343 3179 1405 3222 sit
1438 3179 1522 3224 63:
1572 3182 1795 3233 quatenus
1838 3176 2015 3219 morali-

267 3261 411 3301 tatem
444 3257 619 3300 tribuat
651 3256 774 3299 actui
807 3257 877 3299 64.

180 3359 233 3364 ——
267 3332 452 3375 ultimus
497 3331 693 3374 hominis
715 3343 730 3372 .·
783 3330 882 3384 quis
925 3329 987 3372 sit
1030 3329 1107 3379 123
1162 3327 1420 3383 primarius,
1455 3326 1745 3371 secundarius
1780 3325 1857 3378 133
1905 3337 2013 3366 num

272 3403 634 3460 supernaturalis
668 3404 747 3457 14;
782 3403 932 3447 media
965 3403 1023 3446 ad
1054 3404 1191 3447 finem
1225 3402 1441 3445 ultimum
1477 3402 1552 3453 163
1589 3398 1809 3454 obligatio
1832 3398 1889 3440 ad
1913 3409 2014 3440 eum

269 3479 484 3524 tendendi
517 3478 575 3520 24
608 3492 664 3528 s.;
698 3491 857 3521 norma
888 3490 1098 3532 suprema
1130 3476 1407 3520 moralitatis
1440 3476 1509 3518 55.
