2269 3898
621 156 687 199 De
719 155 1060 210 impedimentis
1093 155 1387 198 matrimonii.
1859 155 1943 197 129

220 304 260 334 a.
296 290 533 332 Statutum
581 294 649 332 est
690 289 771 331 hoc
815 289 1209 343 impedimentum,
1259 302 1315 332 ne
1359 302 1412 331 ex
1456 294 1582 332 arcta
1624 290 1946 333 familiaritate

69 378 169 407 cum
202 363 466 407 infidelibus
499 363 650 406 fidelis
673 376 765 405 una
788 376 887 405 cum
912 364 1035 417 prole
1048 363 1304 418 pericnlum
1329 363 1603 406 anzittendae
1617 364 1734 420 fidei
1764 364 1943 417 subeat;

71 438 232 482 deinde
265 438 404 481 etiam
438 451 493 480 116
526 436 887 490 matrimonium,
921 438 1038 490 quod
1072 437 1192 480 inter
1216 437 1474 492 baptizatos
1505 442 1837 481 sacramentum
1862 442 1946 493 est,

69 513 366 556 contrahatur
398 525 423 554 a
456 511 690 566 baptizato
724 524 823 553 cum
857 524 946 553 non
980 511 1229 565 baptizato.

219 587 256 628 b.
291 586 386 629 Hoc
420 584 801 640 impedimentum
827 585 974 641 officit
1005 585 1139 627 etiam
1164 585 1419 628 haereticos
1443 589 1487 628 et
1507 590 1755 641 apostatas,
1789 587 1947 643 qnippe

69 660 144 713 qui
178 673 258 715 per
290 659 569 714 baptismum
620 658 922 701 subiiciantur
971 658 1181 702 ecclesiae
1230 659 1414 713 eiusque
1462 660 1639 714 legibus
1688 665 1944 704 teneantur.

69 734 187 777 Hinc
219 734 257 777 si
290 733 543 776 haereticus
578 733 704 775 ducit
736 733 945 776 iudaeam
981 734 1053 776 vel
1100 737 1315 788 apostata
1357 734 1749 789 mahomedanam,
1793 735 1947 778 matri-

70 808 270 851 monium
304 807 559 851 invalidum
595 817 677 850 est.

220 897 254 926 e.
289 883 491 926 Ecclesia
544 896 650 938 ergo
704 883 750 925 in
805 883 888 925 hoc
929 882 1257 937 impedimento
1311 881 1580 937 dispensare
1601 886 1769 938 potest,
1823 888 1867 927 et
1900 883 1948 926 in

69 957 331 1013 regionibus
365 957 545 1012 quidem
579 957 836 1000 infidelium
887 970 940 999 ex
982 970 1117 999 causa
1155 956 1341 1011 urgenti
1383 957 1566 999 facilius
1610 958 1858 1013 dispensat,
1900 958 1949 1001 in

69 1032 238 1076 nostris
271 1037 424 1075 autem
458 1031 721 1086 regionibus
747 1032 881 1074 valde
910 1031 1101 1073 difficile
1124 1030 1384 1073 conceditur
1408 1030 1702 1086 dispensatio,
1735 1037 1779 1074 et
1804 1033 1949 1075 multo

71 1106 322 1161 difficilius,
356 1107 393 1149 si
428 1107 585 1161 agitur
635 1107 688 1149 de
741 1105 1036 1149 matrimonio
1089 1104 1328 1148 christiani
1383 1119 1482 1148 cum
1537 1106 1712 1148 iudaeo.
1779 1106 1948 1160 Quodsi

70 1181 255 1224 ecclesia
287 1194 341 1224 ex
384 1181 516 1236 gravi
560 1194 694 1224 causa
737 1180 785 1223 in
828 1181 911 1223 hoc
949 1180 1277 1234 impedimento
1321 1179 1569 1234 dispensat,
1612 1181 1659 1223 id
1704 1181 1849 1224 solum
1893 1183 1950 1224 fit

69 1256 150 1298 snb
185 1256 344 1298 iisdem
378 1256 726 1308 condicionibus,
769 1256 850 1298 snb
893 1255 1052 1310 quibus
1095 1255 1387 1297 matrimonia
1426 1256 1570 1297 mixta
1601 1256 1949 1311 permittantur.

220 1330 260 1372 d.
295 1330 369 1372 ,id
409 1330 781 1373 eom-alidcmdmn
823 1330 1159 1372 matrimonium
1203 1333 1389 1384 propter
1442 1330 1821 1384 impedimentum
1867 1331 1952 1374 dis-

71 1404 286 1458 paritatis
321 1406 472 1448 cultus
504 1405 759 1448 invalidum
784 1404 965 1447 facilius
989 1404 1250 1447 conceditur
1275 1404 1568 1458 dispensatio.
1634 1405 1706 1448 Sic
1728 1405 1949 1460 episcopis

71 1479 339 1523 americanis
373 1493 580 1522 concessa
612 1484 681 1522 est
714 1479 912 1522 facultas
946 1478 1265 1521 convalidandi
1299 1491 1377 1533 per
1410 1478 1693 1521 sanationem
1726 1479 1776 1521 in
1799 1479 1950 1522 radice

76 1554 215 1597 etiam
250 1554 544 1597 matrimonia
579 1558 764 1607 propter
788 1552 1108 1607 disparitatem
1136 1553 1286 1594 cultus
1304 1552 1531 1605 invalidag
1567 1554 1711 1595 solum
1737 1553 1773 1596 si
1796 1553 1954 1608 agit-ur

73 1629 126 1671 de
159 1628 450 1670 matrimonio
482 1628 599 1670 inito
634 1641 733 1670 cum
768 1627 946 1681 iudaeo,
982 1627 1030 1669 in
1064 1626 1260 1681 singulis
1293 1627 1470 1669 casibus
1503 1628 1722 1682 expositis
1745 1632 1953 1672 accurate

74 1702 282 1745 omnibus
315 1703 551 1746 adiunctis
584 1715 809 1745 recurrere
843 1701 1008 1745 debent
1040 1702 1097 1744 ad
1131 1715 1164 1744 s.
1200 1701 1363 1744 sedem.

222 1780 269 1830 2.
328 1778 448 1828 Hoc
507 1778 994 1847 impedimentum,
1051 1786 1322 1845 quatenus
1369 1775 1654 1846 prohibens
1709 1786 1818 1840 est,
1874 1785 1954 1828 est

73 1870 205 1920 lieris
247 1867 513 1919 naturalis
555 1877 603 1917 et
642 1868 839 1918 divini:
899 1868 1038 1917 ratio
1072 1867 1244 1936 primi
1285 1874 1363 1916 est
1403 1867 1774 1935 perversionis
1816 1868 1951 1936 peri-

73 1958 275 2024 culum,
321 1958 468 2026 quod
511 1968 627 2009 tum
672 1958 895 2024 coniugi
937 1956 1087 2007 fideli
1116 1965 1231 2007 tum
1259 1956 1398 2025 proli
1428 1955 1644 2007 futurae
1672 1958 1951 2024 imminet3

69 2049 207 2099 ratio
250 2048 466 2099 secundi
506 2055 587 2098 est
628 2046 946 2116 prohibitio,
991 2065 1130 2116 quae
1172 2047 1229 2097 in
1271 2065 1309 2098 s.
1355 2047 1641 2115 scripturis
1684 2045 1949 2098 habetur:

69 2138 232 2189 nolite
272 2138 447 2205 iuqum
491 2137 677 2188 ducere
718 2156 830 2188 cum
872 2135 1221 2205 iffidelibzffl)
1262 2137 1294 2187 i.
1337 2154 1379 2187 e.
1422 2135 1589 2187 nolite
1631 2137 1952 2205 coniugium

72 2229 211 2278 inire
255 2245 380 2277 cum
426 2225 761 2279 infidelibus,

221 2317 342 2371 Ergo
376 2315 515 2358 etiam
551 2316 761 2370 graviter
793 2315 1009 2359 illicitum
1043 2320 1112 2358 est
1145 2314 1489 2357 matrimonium
1522 2314 1644 2358 inter
1666 2315 1952 2370 baptizatum

74 2398 119 2435 et
151 2405 241 2434 non
275 2391 578 2445 baptizatum,
613 2391 730 2445 quod
765 2398 863 2433 tum
900 2391 1044 2433 solum
1077 2389 1257 2432 licitum
1291 2389 1390 2433 fieri
1424 2393 1591 2444 potest,
1625 2390 1662 2432 si
1696 2390 1952 2444 proximum

73 2465 375 2522 perversionis
409 2465 659 2520 periculum
691 2466 776 2508 fiat
799 2470 1038 2519 remotum,
1072 2468 1117 2507 et
1151 2464 1188 2507 si
1222 2464 1378 2519 gravis
1412 2477 1547 2507 causa
1579 2464 1750 2507 existat
1768 2465 1953 2519 petendi

73 2550 119 2584 et
153 2540 423 2584 concedendi
459 2540 845 2594 dispensationem
881 2539 937 2583 ab
970 2540 1051 2583 hoc
1083 2539 1426 2594 impedimento.

230 2688 356 2742 129.
413 2690 557 2740 Num
613 2689 852 2741 validum
906 2692 976 2741 sit
1025 2690 1430 2750 matrimonium,
1481 2689 1527 2740 εἰ
1580 2688 1643 2738 de
1696 2688 1954 2757 baptis-mo

77 2781 235 2831 unius
276 2777 356 2829 vel
395 2780 666 2849 utriusque
701 2781 883 2849 partis
922 2798 1078 2850 grave
1120 2779 1334 2830 dubium
1375 2779 1558 2830 oritur.
1588 2810 1659 2814 —-
1692 2777 1955 2843 Quaestio

74 2868 213 2920 haec
275 2869 441 2919 etiam
510 2868 580 2919 ad
643 2870 998 2920 matrimonia
1064 2870 1239 2919 mixta
1304 2867 1551 2921 refertur.
1650 2867 1818 2919 Porro
1886 2887 1956 2920 ex

75 2957 454 3028 compluribus
497 2957 734 3009 decretis
776 2967 828 3008 et
881 2956 1349 3010 declarationibus
1400 2977 1436 3010 3.
1495 2956 1722 3026 Officiffl)
1773 2957 1955 3010 dicen-

76 3048 208 3100 dum
252 3056 356 3099 est:

227 3157 274 3190 a.
318 3137 626 3206 Baptismus
670 3136 876 3204 dubius,
905 3139 1024 3189 sive
1052 3137 1339 3189 dubitatur
1364 3154 1497 3187 num
1529 3134 1756 3187 collatus
1791 3136 1958 3188 fuerit

76 3227 193 3278 sive
236 3245 368 3277 num
412 3225 598 3277 valide
641 3225 870 3278 collatus
911 3227 1091 3288 fuerit,
1135 3227 1190 3277 in
1222 3226 1413 3277 ordine
1443 3226 1512 3277 ad
1542 3226 1954 3276 matrimonium

230 3373 263 3427 1>
292 3375 351 3417 11.
386 3375 483 3418 Cor.
519 3374 559 3428 6,
594 3375 663 3416 14.

233 3446 262 3503 2)
293 3448 341 3491 S.
380 3449 587 3505 Officium
623 3450 690 3492 17.
718 3463 819 3493 nov.
846 3449 983 3500 1830;
1022 3450 1059 3491 7.
1093 3450 1173 3492 iul.
1200 3450 1339 3501 1880;
1375 3449 1415 3495 9.
1436 3453 1549 3504 sept.
1576 3448 1714 3501 1868:
1751 3447 1819 3490 18.
1841 3452 1954 3503 sept.

79 3524 214 3575 187·2;
251 3524 319 3567 18.
354 3529 467 3578 sept.
505 3524 633 3566 1890.

168 3614 198 3644 N
213 3615 256 3643 01
273 3614 295 3644 d
311 3614 319 3643 i
335 3624 358 3645 n
373 3638 380 3649 ,
409 3615 464 3643 De
489 3614 745 3645 matrimonio.
1749 3597 1774 3636 9
