2269 3898
760 151 826 193 De
857 157 1023 193 natura
1055 150 1349 193 matrimonii.
1929 187 1932 190 .
1961 154 1986 196 9

120 285 414 354 quominus
455 284 865 333 matrimonium
921 284 1020 334 sub
1081 283 1402 334 condicione
1458 286 1584 334 iniri
1639 287 1823 354 possit,
1882 287 1985 336 nisi

118 373 354 425 condicio
409 371 733 422 substcm'itiae
786 372 1112 421 matrimonii
1161 381 1444 441 7²e2m9net,‘
1503 380 1744 424 attamen
1807 375 1985 424 matri-

122 462 307 513 monia
348 459 735 511 condicionata
775 460 995 510 nonnisi
1039 479 1106 510 ex
1147 462 1535 527 urgentissima
1586 480 1752 513 causa
1793 461 1984 513 admit-

119 559 323 603 tuntur.
402 548 486 599 De
527 549 661 617 ipsis
702 555 884 599 autem
927 548 1365 615 condicionibus,
1410 569 1549 619 quae
1591 569 1620 601 a
1665 550 1984 602 contrahen-

117 638 265 690 tibus
305 638 565 707 privatim
607 638 810 705 apponi
852 646 1087 705 possent,
1132 637 1267 688 haec
1321 638 1565 689 notanda
1608 648 1747 692 sunt.

268 762 315 794 a.
363 740 730 793 Condiciones
770 739 1120 809 impossibiles
1163 748 1214 791 et
1254 742 1556 793 inhonestae
1595 743 1660 793 de
1690 744 1872 793 futuro
1917 746 1986 801 (si

114 831 282 900 digito
324 828 518 881 coelum
560 830 790 897 tetiyeris
831 860 900 864 —
944 832 990 880 si
1021 839 1231 899 patrem
1274 831 1500 899 occides)
1558 833 1675 883 iure
1730 850 1826 901 pro
1878 851 1983 883 non

115 919 346 970 adiectis
386 916 733 983 habentur1):
790 920 1158 986 praesumitur
1213 921 1360 970 enim
1404 937 1495 970 eas
1538 938 1647 971 non
1689 939 1804 971 esse
1847 922 1983 972 serio

115 1006 488 1077 accipiendas.
579 1006 791 1070 Quodsi
853 1016 996 1058 certo
1059 1015 1333 1059 constaret
1393 1027 1482 1060 eas
1544 1010 1682 1060 serio
1744 1009 1985 1061 adiectas

113 1116 258 1163 esse,
322 1095 573 1148 condicio
631 1095 854 1165 quidem
917 1096 1275 1165 impossibilis
1331 1100 1744 1149 matrimonium
1805 1099 1986 1150 reddit

119 1185 347 1249 nullum,
393 1184 642 1236 condicio
685 1192 868 1235 autem
911 1185 1202 1237 inhonesta
1244 1186 1425 1253 efficit,
1474 1195 1530 1237 ut
1574 1190 1984 1239 matrimonium

115 1275 342 1344 impleta
391 1275 717 1326 condicione
760 1275 956 1341 Valeat,
1010 1276 1336 1328 condicione
1380 1286 1561 1328 autem
1606 1295 1715 1328 non
1759 1276 1985 1347 impleta

118 1363 424 1415 invalidum
467 1365 561 1414 sit:
606 1365 940 1432 praesumtio
984 1366 1130 1415 enim
1172 1365 1317 1415 cedit
1359 1366 1593 1417 veritati.

266 1452 404 1495 Ratio
438 1452 573 1494 huius
610 1452 922 1506 dispositionis
971 1453 1096 1507 iuris,
1146 1454 1191 1496 vi
1242 1453 1368 1496 cuius
1417 1454 1760 1497 matrimonium
1808 1454 1855 1496 in
1905 1455 1986 1497 hoe

110 1540 220 1570 casu
253 1526 406 1581 potius
439 1526 643 1568 validum
678 1526 998 1580 praesumitur,
1034 1541 1167 1581 quam
1190 1527 1461 1571 invalidum.
1495 1532 1577 1582 est,
1612 1529 1717 1582 quia
1749 1529 1856 1571 haec
1903 1529 1987 1571 dis·

116 1601 281 1656 positio
315 1600 435 1644 cedit
469 1600 517 1642 in
549 1602 749 1643 favorem
785 1600 1087 1643 matrimonii:
1124 1608 1311 1644 cavetur
1344 1602 1462 1644 enim
1497 1601 1746 1656 periculum
1783 1602 1985 1645 solvendi

114 1674 454 1717 matrimonium
490 1675 609 1716 forte
642 1673 847 1716 validum
882 1678 927 1717 et-
961 1674 1087 1717 aliud
1121 1675 1417 1718 contrahendi
1450 1675 1721 1729 invalidum,
1755 1675 1791 1718 si
1826 1689 1985 1730 nempe

109 1761 352 1792 consensus
385 1748 534 1803 reipsa
566 1748 804 1790 adfuisset.

264 1839 306 1891 b.
362 1838 420 1890 Si
470 1837 825 1889 condiciones
879 1839 1063 1906 (etiam¹
1104 1839 1433 1907 inhonestae)
1477 1839 1539 1889 cle
1575 1842 1866 1908 praeterito
1911 1840 1987 1890 rel

110 1928 176 1978 de
207 1928 485 1998 praesenti
531 1926 779 1978 adiectae
821 1935 947 1978 sunt
996 1928 1152 1995 (clueo
1197 1937 1259 1993 te,
1312 1930 1358 1978 si
1392 1937 1552 1997 pater
1594 1938 1711 1979 taus·
1755 1938 1984 1979 mortuas

110 2025 187 2068 est
227 2048 295 2053 —
339 2017 468 2067 clueo
512 2025 573 2079 te,
627 2017 675 2065 si
723 2034 774 2066 es
807 2016 936 2084 filia
978 2016 1321 2086 Sempronii),
1376 2017 1523 2068 valet
1571 2019 1983 2069 matrimonium

115 2105 441 2159 condicione
501 2104 812 2170 verificata,
884 2105 1210 2156 condicione
1276 2114 1459 2156 autem
1528 2124 1635 2158 non
1698 2107 1982 2158 verificata

113 2195 524 2246 matrimonium
567 2203 646 2244 est
686 2194 1012 2246 invalidum.

261 2303 300 2333 e.
356 2281 414 2332 Si
464 2284 814 2334 condiciones
859 2283 1146 2352 possibiles
1187 2293 1234 2334 et
1273 2285 1515 2335 honestae
1558 2285 1619 2335 cle
1656 2285 1848 2354 statmo
1892 2284 1982 2336 ad-

108 2373 285 2423 iectae
338 2380 464 2423 sunt
520 2372 676 2441 (duco
733 2382 794 2439 te,
851 2375 897 2423 si
942 2382 1100 2442 pater
1151 2382 1269 2424 tuus
1324 2375 1651 2441 consentiet),
1707 2375 1982 2425 matrimo-

109 2461 266 2512 nium
307 2461 692 2530 suspenditur,
747 2463 790 2512 si
847 2480 957 2513 non
1008 2461 1268 2531 impletur
1319 2463 1587 2528 condicio,
1632 2462 1842 2513 nullum
1886 2472 1981 2528 est,

113 2549 337 2618 impleta
378 2559 560 2601 autem
612 2550 939 2602 condicione
993 2550 1241 2602 validum
1295 2552 1368 2615 fit,
1426 2552 1542 2602 sive
1596 2551 1981 2602 contrahentes

108 2638 293 2688 sciunt
333 2638 448 2688 sive
490 2640 745 2690 nesciunt
786 2639 1169 2690 condicionem
1213 2639 1495 2709 impletam
1538 2658 1668 2693 esse.
1749 2639 1979 2691 Interim

113 2744 242 2777 vero
294 2733 551 2778 tenentur
606 2738 898 2797 expectare
957 2729 1300 2780 condicionis
1358 2738 1637 2794 eventum,
1699 2747 1799 2780 nec
1855 2728 1982 2780 licet

112 2816 229 2881 uni,
271 2814 439 2866 altero
482 2817 677 2881 invito,
720 2835 980 2868 revocare
1023 2836 1369 2871 consensum.

261 2903 315 2945 In
351 2903 481 2958 praxi
514 2919 540 2947 a
574 2905 834 2949 condicione
867 2906 1099 2961 explicita,
1142 2921 1167 2949 a
1208 2920 1294 2961 qua
1335 2907 1501 2960 pendet
1547 2919 1786 2949 consensus
1830 2907 1984 2949 matri-

115 2979 339 3033 monialis,
373 2980 508 3034 probe
542 2979 766 3034 distingui
819 2980 951 3024 debet
1000 2981 1209 3037 explicita
1258 2981 1502 3036 suppositio
1548 2983 1727 3035 (causa),
1777 2993 1888 3034 quae
1935 2981 1982 3023 in

109 3055 259 3095 forma
291 3053 566 3096 condicionis
600 3054 884 3108 exprimitur.
948 3056 1119 3098 Bertha
1151 3069 1186 3098 e.
1221 3069 1264 3111 g.
1311 3055 1488 3098 inducit
1530 3055 1687 3098 Caium
1728 3056 1785 3098 ad
1830 3056 1981 3098 matri-

114 3127 315 3170 monium
350 3141 498 3170 secum
532 3128 780 3171 ineundum
814 3130 930 3172 falso
954 3142 1156 3189 asserens
1179 3129 1328 3184 ipsum
1347 3142 1442 3172 esse
1465 3137 1640 3184 patrem
1660 3119 1814 3184 prolis,
1848 3143 1980 3183 quam

108 3205 279 3256 gestat.
344 3201 436 3244 Iam
471 3202 508 3244 si
542 3202 675 3244 Caius
710 3202 855 3245 dicat:
890 3217 1017 3245 sumo
1050 3207 1107 3255 te,
1139 3204 1182 3246 si
1212 3202 1362 3258 (qnia)
1384 3206 1526 3259 pater
1549 3217 1646 3246 snm
1674 3204 1840 3259 prolis,
1874 3203 1981 3246 haec

111 3275 246 3319 verba
279 3289 368 3318 non
400 3280 495 3318 tam
530 3276 835 3319 condicionem
869 3290 1002 3330 quam
1037 3277 1394 3332 suppositionem
1418 3277 1694 3332 exprimunt.
1758 3277 1981 3320 Videlicet

111 3349 247 3392 Caius
281 3350 402 3392 hisce
434 3363 523 3392 non
555 3349 758 3393 intendit
793 3351 1134 3394 matrimonium
1169 3351 1532 3394 condicionatum
1565 3351 1694 3405 inire,
1727 3351 1803 3394 sed
1826 3351 1979 3405 potius

266 3498 296 3553 ¹)
330 3498 379 3542 C.
413 3497 459 3540 Si
493 3496 776 3540 condiciones
809 3498 888 3541 fin.
924 3498 986 3554 (ἶ)
1022 3499 1092 3542 De
1125 3499 1368 3543 condz'cz'on.
1404 3512 1552 3555 oppos.
1586 3498 1677 3551 [IV.
1712 3501 1765 3552 ὃ)
