2269 3898
761 134 827 176 De
859 134 959 188 lege
992 134 1204 177 humana.
1830 135 1914 176 131

200 288 247 320 α.
291 267 706 318 Deolarationes
747 267 1194 335 comprehensivac
1234 267 1350 318 vim
1403 265 1541 336 legis
1583 267 1912 318 universalis

48 354 258 407 habent
282 357 398 406 sine
427 355 682 407 ulteriore
709 354 1167 424 promulgatione,
1198 355 1358 406 modo
1390 356 1445 406 in
1473 355 1648 406 forma
1675 354 1908 407 authen-

49 446 160 495 tica
201 444 450 495 edantur.

204 547 244 574 α.
278 532 332 574 Id
367 533 420 576 de
453 532 660 575 omnibus
689 531 869 586 quidem
903 532 1332 586 congregationibus
1360 533 1497 587 valet,
1530 533 1797 588 praesertim
1816 546 1920 577 vero

48 608 107 650 de
139 607 365 662 responsis
398 606 439 650 S.
474 607 519 650 C.
554 606 616 661 C.,
665 605 791 648 cuius
841 609 909 648 est
959 605 1221 649 authentice
1268 606 1565 660 interpretari
1599 611 1644 649 et
1694 608 1921 651 declarare

49 682 235 725 decreta
268 680 445 724 concilii
479 679 723 723 tridentini
757 680 814 722 ad
848 693 991 722 mores
1025 684 1070 723 et
1105 679 1392 735 disciplinam
1427 681 1719 735 pertinentia.

202 758 240 806 β.
274 755 648 809 Promnlqatione
680 755 764 797 hae
798 754 1124 797 declarationes
1157 767 1211 797 ex
1256 756 1502 797 multorum
1554 755 1782 798 sententia
1830 770 1920 799 non

47 830 280 886 indigent,
313 831 419 885 quia
450 843 614 873 novam
648 829 795 884 legem
829 841 919 870 non
952 827 1203 882 continent,
1238 829 1315 871 sed
1349 829 1492 871 solum
1526 829 1673 884 legem
1706 829 1798 872 iam
1833 830 1921 873 exi-

51 910 249 948 stentem
291 909 337 948 et
376 905 467 948 iam
491 904 832 959 promulgatam
865 902 1244 957 interpretantur,
1278 903 1486 945 nonnulli
1522 907 1675 946 tamen
1708 908 1915 947 auctores

52 980 211 1023 horum
245 992 419 1033 quoque
443 979 726 1022 decretorum
749 977 1164 1033 promulgationem
1189 977 1396 1032 exigunt,
1423 977 1459 1019 si
1486 978 1665 1020 decreta
1688 977 1920 1032 explicant

51 1054 202 1108 legem
237 1053 469 1096 obscuram
503 1058 550 1095 et
584 1052 781 1095 dubiam.

203 1128 246 1180 b.
290 1127 705 1179 Declarationes
747 1128 1045 1178 extensivae
1086 1128 1201 1177 vim
1252 1125 1390 1194 legis
1440 1125 1768 1178 universalis
1810 1145 1921 1178 non

54 1216 264 1269 habent
305 1217 424 1288 (sed
466 1217 640 1269 solum
681 1216 1067 1286 particularis),
1124 1217 1229 1267 nisi
1284 1217 1340 1267 in
1380 1215 1556 1267 forma
1597 1216 1916 1268 authentica

49 1315 107 1358 et
149 1307 396 1359 consulto
439 1308 590 1376 prius
633 1325 671 1360 s,
716 1306 975 1375 pontifice
1031 1304 1299 1375 (exceptis
1350 1305 1581 1356 decretis
1635 1305 1686 1357 S.
1732 1305 1786 1359 O.
1830 1306 1918 1372 R.)

50 1396 236 1448 editae
287 1404 339 1448 et
392 1398 495 1447 rite
547 1396 926 1465 promulgatae
983 1396 1201 1448 fuerint.
1292 1393 1426 1446 Cum
1483 1395 1629 1444 enim
1684 1394 1923 1447 declara-

54 1487 230 1536 tiones
270 1504 473 1537 novam
515 1485 692 1554 legem
735 1487 1070 1550 contineant,
1127 1503 1158 1535 a
1214 1491 1481 1552 potestate
1534 1483 1760 1552 legifera
1802 1503 1921 1553 pro-

55 1593 281 1626 manare
323 1582 375 1625 et
414 1576 515 1625 rite
556 1574 893 1643 promulgari
936 1573 1155 1625 debent.

204 1664 325 1718 Ergo
361 1664 538 1707 decreta
570 1663 882 1718 particularia,
915 1676 1028 1717 quae
1060 1676 1149 1705 non
1183 1661 1420 1704 continent
1454 1661 1803 1706 declarationem
1826 1663 1922 1706 uni-

54 1738 290 1792 versalem,
323 1751 476 1781 omnes
509 1738 688 1792 quidem
722 1738 770 1780 in
803 1737 1027 1780 similibus
1060 1735 1289 1780 adiunctis
1321 1740 1555 1789 tamquam
1589 1749 1792 1778 normam
1816 1749 1927 1792 pro-

56 1812 243 1855 babilem
283 1812 407 1866 sequi
440 1816 645 1867 possunt,
679 1812 773 1855 sive
805 1812 980 1866 aliquid
1012 1811 1190 1854 licitum
1226 1810 1321 1853 sive
1343 1809 1557 1853 illicitum
1577 1823 1671 1853 esse
1690 1814 1925 1863 statuant;

54 1886 151 1929 illis
184 1892 338 1930 autem
373 1886 564 1930 decretis
598 1900 748 1930 sacrae
782 1886 1157 1941 congregationes
1189 1899 1279 1928 non
1310 1885 1560 1928 intendunt
1595 1884 1805 1928 dirimere
1828 1898 1925 1928 con-

57 1961 302 2005 troversias
333 1961 456 2004 inter
488 1965 692 2004 auctores
727 1962 780 2003 de
815 1974 946 2004 sensu
979 1961 1094 2016 legis
1119 1960 1366 2003 existentes
1389 1972 1470 2003 nec
1493 1959 1769 2002 sententiam
1794 1972 1927 2014 oppo-

54 2035 195 2079 sitam
228 2035 572 2091 improbabilem
609 2036 846 2078 declarare.

682 2270 976 2327 Articulus
1017 2269 1311 2327 secundus

598 2394 674 2432 De
708 2392 911 2432 obiecto
944 2392 1075 2441 legis
1108 2392 1389 2431 humanae.

211 2526 507 2579 Obiectum
548 2524 684 2592 legis
726 2532 820 2585 est,
874 2523 1146 2593 quidquid
1188 2523 1278 2574 lex
1320 2524 1637 2592 praecipere
1679 2522 1767 2574 vel
1810 2541 1930 2592 pro-

56 2616 254 2669 hibere
295 2622 500 2685 potest3
555 2622 607 2664 et
647 2615 908 2683 quoniam
958 2612 1047 2663 lex
1088 2620 1169 2663 est
1210 2612 1472 2677 medium,
1524 2630 1629 2681 quo
1688 2620 1930 2681 potestas

61 2705 287 2775 publica
326 2703 492 2755 finem
536 2704 947 2755 communitatis
988 2710 1260 2771 procurat,
1318 2701 1594 2753 obiectum
1634 2701 1772 2770 legis
1814 2719 1931 2753 esse

64 2802 255 2864 potest,
313 2793 584 2862 quidquid
639 2793 709 2844 ad
762 2792 929 2844 finem
983 2792 1392 2842 communitatis
1436 2789 1797 2841 obtinendum
1841 2809 1929 2841 ne-

64 2883 363 2934 cessarium
405 2880 494 2932 vel
534 2881 666 2932 utile
709 2889 803 2934 est.
877 2881 967 2932 Ex
1008 2880 1113 2932 hoc
1154 2880 1398 2948 generali
1441 2880 1712 2948 principio
1756 2881 1929 2948 sequi-

59 2981 151 3023 tur
205 2971 274 3022 ad
330 2970 572 3022 valorem
626 2970 762 3038 legis
813 2971 1035 3039 requiri,
1094 2977 1154 3020 ut
1207 2971 1323 3020 eius
1378 2967 1654 3019 obiectum
1696 2976 1933 3037 quatuor

64 3061 216 3112 hisee
258 3059 684 3129 proprietatibus
725 3060 1052 3127 insignitum
1103 3060 1204 3110 sit:
1263 3057 1425 3109 debet
1482 3076 1596 3109 esse
1646 3059 1927 3124 honestum,

64 3151 273 3212 iustum,
309 3148 566 3218 possibile
607 3156 659 3199 et
697 3148 842 3201 utile.

213 3297 336 3351 114.
390 3297 762 3350 Honestum:
819 3298 995 3348 omnis
1036 3298 1179 3348 enim
1219 3304 1462 3365 potestas
1500 3276 1811 3362 legislativa
1852 3301 1933 3345 est

66 3405 100 3437 a
140 3386 288 3452 De03
334 3386 502 3458 Deus>
528 3393 710 3436 autem
753 3393 1078 3455 potestatem
1121 3384 1405 3453 obligandi
1432 3385 1501 3435 ad
1545 3383 1618 3447 id,
1662 3383 1806 3452 quod
1851 3390 1932 3434 est

67 3476 437 3539 inhonestum,
482 3474 611 3526 dare
652 3476 855 3544 nequit.

1697 3559 1751 3601 9²?-
