2269 3898
620 252 686 294 De
720 252 880 294 mediis
914 253 970 294 ad
1002 254 1139 295 finem
1173 254 1400 296 ultimum.
1884 256 1939 298 25

226 385 272 437 ’7.
315 385 523 435 Donum
559 386 778 453 pietatis
807 387 1085 436 hominem
1118 386 1374 455 disponit,
1404 394 1462 437 ut
1491 396 1748 456 sequatur
1777 388 1939 456 Spiri-

74 480 188 523 tum
234 480 482 523 sanctum
526 484 838 524 moventem
881 473 950 524 ad
991 475 1374 526 honorandum
1406 477 1585 526 Deum
1628 485 1686 527 ut
1726 485 1936 545 patrem

75 569 318 612 nostrum
335 561 383 625 ¹).
432 561 585 613 Sicut
612 563 787 630 pietas
817 564 868 613 in
909 563 1099 614 ordine
1131 563 1365 615 naturali
1392 565 1624 615 refertur
1649 565 1718 616 ad
1749 584 1938 635 paren-

72 658 168 715 tes,
212 651 287 701 ita
328 652 384 701 in
427 650 617 701 ordine
660 651 1062 720 supernaturali
1104 652 1335 703 refertur
1375 653 1443 703 ad
1483 653 1680 719 Deum,
1725 663 1933 723 patrem

72 748 317 790 nostrum
359 738 549 789 altiore
599 758 788 799 sensu;
845 740 967 791 ideo
1022 743 1195 809 pietas
1250 741 1320 792 ad
1374 760 1730 811 quoscunque
1784 754 1938 795 actus

73 827 326 896 disponit,
384 827 583 896 quibus
637 847 706 879 ex
762 829 984 897 speciali
1042 831 1279 881 motione
1323 830 1556 898 Spiritus
1606 850 1645 883 s.
1688 851 1937 884 reveren-

70 919 203 967 tiam
245 916 572 968 exhibemus
602 917 737 984 Deo,
782 926 841 968 ut
880 920 1019 986 patri
1065 926 1247 970 nostro
1291 918 1654 988 omnibusque
1697 921 1817 972 aliis
1860 928 1937 985 (ut

71 1007 290 1070 sanctis,
335 1004 613 1070 ecclesiae,
657 1007 959 1074 proximis),
1005 1015 1276 1076 quatenus
1305 1008 1374 1058 ad
1406 1008 1603 1074 Deum,
1640 1017 1697 1059 ut
1726 1018 1935 1078 patrem

70 1096 394 1146 referuntur.

221 1273 314 1328 23.
374 1272 725 1341 Suprelnum
773 1275 1159 1342 priucipiuln.
1241 1274 1648 1333 Finis-‚ultimus
1688 1295 1936 1345 superna-

71 1362 262 1415 emulis
304 1381 398 1413 seu
454 1364 747 1414 destinatio
803 1363 1042 1414 hominis
1099 1364 1167 1414 ad
1209 1364 1630 1431 beatitudinem,
1688 1384 1825 1434 quae
1881 1369 1934 1417 in

70 1455 282 1504 visione
334 1463 387 1504 et
439 1472 624 1504 amore
665 1454 771 1504 Dei
822 1454 1086 1520 consistit,
1146 1473 1438 1522 supremum
1494 1464 1567 1505 est
1610 1456 1937 1525 principium

70 1542 355 1610 tlzeoloyiae
396 1540 628 1593 moralis.
709 1542 798 1592 Ex
839 1542 939 1592 hac
984 1561 1223 1612 namque
1265 1544 1496 1594 veritate
1539 1545 1724 1594 onmia
1767 1544 1934 1595 deter-

70 1633 351 1683 minantur
405 1640 456 1682 et
513 1630 910 1699 intelliguntur,
970 1651 1110 1700 quae
1165 1632 1233 1682 ad
1292 1632 1578 1684 hominum
1634 1635 1936 1685 sanctifica-

67 1722 271 1772 tionem
314 1739 345 1770 a
387 1720 504 1771 Deo
548 1722 795 1771 instituta
846 1730 897 1771 et
947 1721 1015 1772 ab
1060 1721 1378 1772 hominibus
1420 1723 1750 1790 praestanda
1792 1732 1933 1774 sunt.

68 1810 140 1860 Et
192 1827 321 1860 sane
378 1818 436 1859 ut
478 1811 592 1860 vita
636 1808 935 1861 christiana
978 1810 1074 1861 fini
1119 1810 1479 1862 beatitudinis
1523 1820 1776 1863 aeternae
1818 1832 1931 1882 pro-

69 1899 379 1968 portionata
421 1900 504 1962 sit,
548 1899 860 1950 infunditur
900 1902 1077 1969 qratia
1113 1901 1462 1968 sanctificans,
1508 1900 1615 1969 qua
1644 1901 1806 1952 homo
1835 1902 1932 1953 ele-

67 1996 229 2039 vatur
293 1988 362 2039 ad
439 1988 690 2039 ordinem
755 1989 1245 2057 supernaturalem,
1323 1991 1674 2041 constituitur
1743 1993 1932 2042 iustus.

67 2085 306 2143 sanctus,
362 2077 504 2128 filius
548 2077 651 2128 Dei
707 2077 1002 2146 adoptivus
1057 2087 1108 2128 et
1164 2098 1270 2148 qua
1325 2081 1547 2130 sortitur
1599 2081 1934 2149 principium

70 2168 216 2217 vitae
258 2166 707 2234 supernaturaliS,
762 2185 900 2235 quae
942 2167 1049 2218 filio
1095 2168 1197 2218 Dei
1241 2176 1292 2218 et
1332 2168 1533 2219 herede
1575 2169 1936 2220 beatitudinis

67 2263 322 2306 aeternae
366 2255 533 2324 digna
575 2257 657 2308 sit.
738 2254 877 2306 Cum
926 2257 1103 2323 gratia
1146 2256 1526 2308 sanctificante
1568 2257 1935 2309 infunduntur

65 2345 282 2395 virtutes
339 2343 668 2411 tlzeoloyicae,
736 2344 935 2413 quibus
989 2347 1271 2413 potentiae
1327 2347 1562 2412 animae,
1628 2345 1935 2398 intellectus

68 2443 120 2484 et
149 2433 419 2499 volunt-as,
452 2433 941 2503 supernaturaliter
972 2435 1332 2503 perficiuntur
1359 2443 1409 2485 et
1438 2443 1599 2503 aptae
1627 2435 1935 2486 redduntur

67 2523 137 2574 ad
198 2523 536 2574 exercendas
599 2525 827 2574 virtutes
887 2523 1067 2592 quoad
1128 2523 1404 2574 obiectum
1466 2542 1684 2591 prorsus
1752 2543 1931 2592 super-

67 2613 342 2663 naturales
379 2620 431 2664 et
459 2614 604 2664 vitae
631 2622 887 2664 aeternae
914 2614 1367 2681 proportionatas.
1440 2613 1668 2664 Virtutes
1711 2612 1933 2664 morales

68 2702 248 2771 quoad
318 2702 595 2754 obiectum
661 2702 887 2772 quidem
953 2721 984 2753 a
1050 2702 1347 2753 virtutibus
1412 2701 1757 2753 naturalibus
1823 2721 1932 2753 non

69 2791 345 2857 differunt⁷
404 2799 644 2843 attamen
701 2810 799 2861 per
850 2790 1071 2843 habitus
1129 2793 1336 2843 infusos
1393 2800 1444 2842 et
1500 2810 1596 2860 per
1638 2790 1931 2853 influxum,

69 2898 231 2950 quem
273 2879 703 2948 supernaturalis
747 2882 946 2931 caritas
1000 2882 1057 2931 in
1108 2899 1294 2931 earum
1349 2891 1502 2931 actus
1544 2888 1779 2947 exercet,
1834 2879 1933 2930 ele-

69 2978 269 3022 vantur
327 2969 396 3020 ad
457 2970 851 3038 perfectionem
911 2969 1400 3039 supernaturalem,
1475 2987 1614 3038 quae
1677 2969 1931 3036 dignitati

69 3059 167 3110 filii
208 3059 315 3110 Dei
368 3059 437 3110 ad
480 3060 749 3110 visionem
806 3059 1118 3111 beatificam
1163 3059 1424 3111 destinati
1467 3059 1803 3109 conveniens
1846 3060 1929 3111 sit.

70 3140 344 3199 Adhanc
373 3149 544 3219 vitam
587 3147 1060 3217 supernaturalem
1104 3148 1457 3216 gignendam,
1501 3146 1772 3211 alendam,
1816 3165 1930 3215 per-

68 3236 378 3303 finiendam,
438 3238 875 3288 conservandam
930 3246 997 3304 et,
1056 3238 1100 3288 si
1154 3238 1354 3287 amissa
1394 3236 1573 3301 fuerit,
1635 3234 1812 3285 denuo
1855 3253 1930 3285 re-

71 3327 378 3396 parandam
421 3325 670 3378 Christus
713 3327 967 3378 dominus
1009 3327 1245 3377 instituit
1282 3333 1630 3389 sacramenta,
1674 3341 1773 3374 ceu
1813 3325 1930 3375 toti-

71 3417 195 3468 dem
237 3415 415 3466 fontes
457 3423 508 3466 et
537 3415 876 3467 adminicula
905 3417 1053 3465 vitae
1081 3412 1529 3483 supernaturalis.
1575 3411 1666 3462 Ad
1695 3412 1931 3463 eundem

221 3606 252 3659 1)
283 3607 411 3650 Rom.
446 3608 487 3661 8,
522 3608 590 3651 15.
