2269 3898
293 162 380 205 332
1015 160 1092 202 VI.
1127 160 1194 203 De
1225 160 1435 214 peccatis.

293 297 545 366 proximo
590 313 702 348 suo
782 294 1007 345 Invidia
1059 292 1192 344 solet
1245 311 1360 344 esse
1414 294 1472 344 in
1522 295 1604 361 iis,
1662 295 1752 363 qui
1793 294 2038 364 aequales
2079 278 2199 346 vel}

294 383 406 434 fere
430 382 686 451 aequales
713 389 855 445 sunt,
886 383 1016 451 quia
1044 381 1217 449 gloria
1244 399 1450 449 eorum,
1494 384 1588 452 qui
1612 382 1845 434 multum
1870 381 2165 450 excellunt,
2188 366 2195 436 ,1

294 491 403 523 11011
447 471 582 522 solet
637 470 981 539 apprehendi
1036 477 1096 521 ut
1139 469 1433 521 diminutio
1475 472 1746 540 propriae
1788 469 2189 524 excellentiae.

294 562 367 612 Et
406 561 535 611 licet
590 558 683 611 alii
740 559 862 610 aliis
904 560 1014 611 sint
1068 566 1265 610 natuia
1318 560 1494 627 magis
1549 561 1708 628 proni
1764 560 1835 612 ad
1876 559 2168 627 invidiam,

295 660 407 701 tam
449 648 556 701 alte
596 657 781 700 tamen
811 648 1068 699 omnibus
1106 648 1333 698 insitum
1376 656 1456 698 est
1494 646 1598 698 hoc
1641 649 1856 711 vitium,
1900 657 1960 700 ut
1997 648 2185 739 aliqui,

297 748 476 790 motus
516 739 681 807 primi
737 737 986 789 invidiae
1028 737 1374 805 leperiantur
1414 738 1581 788 etiam
1622 739 1679 789 in
1720 739 1855 789 viris
1897 712 2183 811 perfectis?¹

444 830 492 880 3.
536 827 760 879 Invidia
808 835 889 878 est
941 833 1227 896 peccatum
1273 844 1338 876 eoe
1377 845 1560 895 yenere
1601 846 1691 878 suo
1735 826 1984 879 mootale
2040 845 2168 879 nam

294 925 568 988 repugnat
594 916 841 981 caritati3
878 921 1105 984 peccata
1131 922 1314 966 autem
1346 922 1537 966 contra
1564 918 1847 968 caritatem
1877 935 1946 968 ex
1971 935 2171 984 genere

295 1026 390 1059 suo
451 1007 644 1075 gravia
701 1014 841 1058 sunt.
923 1004 1190 1056 Admittit
1251 1012 1437 1055 tamen
1497 1007 1829 1073 paivitatem
1890 1007 2169 1058 materiae.

295 1095 373 1148 Ut
401 1095 616 1147 invidia
642 1112 811 1163 grave
840 1101 1129 1163 peccatum
1158 1094 1242 1160 sit,
1273 1094 1602 1162 requiritur:
1648 1113 1695 1147 α.
1727 1102 1787 1145 ut
1804 1094 1883 1167 ad
1884 1079 2178 1168 magnumn

297 1186 535 1254 ploximi
594 1184 802 1235 bonum
859 1184 977 1234 sive
1036 1180 1319 1251 corpo1ale
1361 1183 1479 1233 sive
1539 1162 1823 1252 spirituale
1869 1162 2171 1250 referatur3

297 1274 341 1326 b.
385 1278 444 1326 ut
469 1273 696 1325 invidus
738 1274 878 1325 serio
906 1271 1041 1323 velit
1071 1273 1386 1340 ploximum
1430 1290 1492 1324 00
1536 1290 1738 1339 cai-,ere
1782 1291 1851 1324 ne
1892 1275 2010 1343 ipse
2051 1272 2186 1325 sub-³

294 1371 382 1416 eat
421 1363 606 1415 fictam
649 1364 1093 1414 imminutionem
1141 1363 1348 1431 proprii
1390 1360 1541 1416 boni.

447 1452 542 1506 Quo
576 1453 724 1496 maius
757 1452 923 1495 bonum
958 1456 1041 1507 est,
1087 1452 1140 1495 de
1174 1465 1260 1505 quo
1293 1450 1429 1495 alteri
1463 1450 1563 1506 quis
1596 1451 1790 1507 invidet,
1833 1465 1881 1495 eo
1922 1452 2071 1496 maius
2104 1456 2174 1496 est

297 1532 533 1583 peccatum
565 1527 791 1571 invidiae:
826 1528 929 1571 ideo
952 1527 1278 1583 gravissimum
1311 1525 1515 1569 invidiae
1550 1530 1786 1580 peccatum
1818 1527 1935 1570 illud
1969 1531 2053 1582 est,
2086 1540 2173 1582 quo

298 1603 398 1658 quis
430 1603 635 1658 proximo
668 1602 849 1646 invidet
880 1602 981 1657 ipsa
1016 1602 1133 1644 bona
1165 1600 1450 1656 spiritualia:
1499 1601 1615 1644 dona
1649 1601 1840 1656 spiritus
1874 1616 1923 1657 s,
1957 1601 2173 1657 gratiam,

271 1678 529 1731 'virtutem‚
565 1677 875 1721 sanctitatem.

443 1755 494 1804 4.
525 1751 950 1820 Invidiaefiliae
974 1759 1336 1803 numerantur
1360 1752 1604 1821 quinque
1628 1759 1946 1820 sequentes:
1978 1752 2170 1817 odium,

296 1844 609 1908 susurratio,
653 1842 926 1907 detractio,
984 1839 1241 1893 occultatio
1286 1843 1339 1891 111
1384 1839 1649 1905 adversis,
1694 1840 1915 1911 afflictio
1959 1842 2016 1891 in
2058 1858 2173 1909 pro-

296 1933 468 2001 speris
507 1933 764 2001 proximi.

446 2022 567 2064 Dum
599 2020 786 2064 invidus
821 2021 875 2063 de
917 2020 1031 2063 bono
1075 2019 1272 2074 proximi
1317 2019 1550 2074 tristatur,
1595 2024 1820 2074 quatenus
1862 2019 1979 2062 illud
2022 2032 2176 2074 appre-

298 2096 517 2139 henditur
547 2099 602 2139 ut
635 2109 770 2139 causa
802 2095 973 2150 proprii
1008 2095 1134 2150 mali,
1178 2095 1325 2138 oritur
1368 2094 1416 2137 in
1455 2094 1555 2149 ipso
1591 2094 1881 2149 desiderium,
1922 2094 2042 2149 quod
2082 2107 2177 2149 pro-

298 2170 450 2214 ximus
493 2171 573 2213 illo
618 2170 731 2213 bono
780 2170 984 2221 excidat;
1034 2170 1134 2212 ideo
1183 2172 1374 2212 conatur
1413 2169 1531 2212 illud
1577 2168 1831 2212 diminuere
1871 2169 1945 2212 vel
1992 2168 2179 2224 penitus

304 2246 536 2289 destruere
576 2259 656 2300 per
695 2246 839 2289 malas
885 2246 939 2288 de
983 2244 1190 2299 proximo
1235 2244 1558 2299 oblocutiones,
1604 2257 1717 2298 quae
1762 2243 1799 2286 si
1833 2243 1927 2286 sint
1961 2243 2178 2297 occultae,

301 2325 524 2364 vocantur
544 2321 824 2373 susurratio,
855 2325 901 2363 et
925 2320 959 2363 si
987 2320 1082 2363 sint
1107 2319 1395 2374 manifestae,
1420 2318 1655 2362 detractio.
1702 2317 1873 2372 Quodsi
1895 2318 2017 2361 hunc
2039 2318 2177 2360 finem

301 2401 616 2451 consequatur,
659 2396 851 2448 exaltat,
891 2395 929 2438 si
961 2409 1050 2438 non
1085 2400 1402 2448 consequatur,
1449 2393 1680 2451 affliyitar
1713 2396 1759 2436 et
1790 2393 2023 2445 tristatur,
2065 2404 2179 2446 quae

301 2470 513 2525 tristitia,
547 2469 584 2512 si
619 2470 766 2525 duret,
800 2473 991 2524 generat
1024 2469 1188 2514 odiam.

943 2705 1237 2764 Articulus
1281 2706 1537 2778 quartus

1113 2843 1192 2882 De
1225 2842 1366 2891 gula.

453 2991 584 3044 305.
641 2992 687 3042 1.
733 2987 884 3044 Gula
924 2996 1016 3040 est*
1046 2988 1395 3040 inordinatus
1438 2989 1717 3058 appetitus
1758 2987 1870 3039 cibi
1911 2994 1963 3039 et
2002 2995 2183 3057 potus-

453 3095 494 3123 α.
537 3080 681 3124 Gulae
724 3078 1004 3122 inordinatio
1044 3079 1092 3121 in
1136 3091 1185 3121 οο
1231 3077 1458 3132 consistit,
1508 3077 1627 3132 quod
1673 3076 1835 3119 modus
1867 3089 1893 3118 a
1924 3074 2103 3119 ratione
2134 3074 2183 3118 in

305 3170 392 3200 usu
425 3156 512 3199 cibi
546 3158 592 3198 et
625 3158 760 3210 potus
794 3153 1103 3208 praescriptus
1135 3166 1226 3195 non
1260 3157 1479 3195 servetur.

455 3231 491 3273 b.
529 3230 648 3273 Gula
680 3228 887 3284 generice
920 3232 1107 3282 accepta
1148 3225 1396 3281 opponitur
1429 3225 1604 3269 duabus
1649 3224 1918 3279 virtutibus,
1961 3237 2076 3278 quae
2124 3224 2183 3268 ad

303 3304 656 3360 temperantiam
700 3303 954 3357 pertinent:
1007 3302 1325 3353 abstinentiae,
1368 3314 1482 3356 quae
1525 3301 1789 3344 moderatur
1825 3312 1959 3342 usum
1999 3297 2087 3341 cibi
2136 3302 2184 3341 et

308 3383 442 3434 potus
473 3392 564 3421 non
595 3376 875 3431 inebriativi,
919 3380 965 3420 et
1008 3376 1263 3428 sobrietati,
1309 3389 1423 3430 quae
1467 3375 1731 3418 moderatur
1768 3387 1902 3417 usum
1945 3378 2082 3427 potus
2115 3372 2183 3415 in-

306 3452 520 3496 ebriativi
553 3465 632 3495 seu
664 3450 913 3495 alcoholici.
968 3450 1112 3494 Gulae
1144 3463 1251 3505 ergo
1289 3451 1404 3493 duae
1437 3453 1546 3492 sunt
1579 3449 1771 3504 species:
1806 3446 2072 3491 comessatio
2105 3459 2184 3490 seu

309 3527 418 3582 gula
440 3525 647 3580 specifice
669 3529 855 3580 accepta
878 3528 923 3568 et
948 3524 1163 3577 ebrietas,
1199 3538 1313 3579 quae
1346 3528 1455 3567 sunt
1489 3528 1676 3578 peccata
1707 3522 1915 3578 specifice
1948 3521 2184 3565 distincta.
