2269 3898
651 104 716 147 De
747 105 1076 148 revalidatione
1108 105 1403 149 matrimonii.
1882 110 1966 151 173

240 256 278 289 e.
321 235 378 288 Si
404 237 679 306 parochus
708 257 739 289 a
765 240 980 307 sponsis
1011 257 1117 309 non
1152 241 1519 307 interrogetur
1547 259 1646 292 nec
1673 242 1789 310 ipse
1820 250 1965 292 certo

90 326 228 376 sciat
269 343 359 376 eos
401 325 648 378 adituros
690 345 806 377 esse
848 328 1161 378 ministrum
1203 328 1560 396 haereticum,
1605 330 1674 381 ad
1708 331 1965 398 graviora

90 413 234 465 mala
275 414 506 466 vitanda
549 415 616 466 de
662 416 1033 485 prohibitione
1077 417 1340 469 ecclesiae
1385 418 1541 470 silere
1586 428 1636 470 et
1679 422 1958 490 passivam

87 504 456 554 assistentiam
500 502 763 556 exhibere
806 513 996 574 potest.

237 606 291 649 In
323 606 492 650 nostris
526 611 679 650 tamen
723 608 984 663 regionibus
1024 609 1103 652 vix
1149 610 1327 653 evenire
1360 616 1526 665 potest,
1570 617 1623 654 ut
1657 613 1876 667 parochus
1911 613 1965 656 de

87 680 234 724 vetito
268 694 448 724 accessu
484 681 541 724 ad
575 682 837 725 ministrum
883 683 1186 726 acatholicum
1221 684 1351 728 silere
1385 686 1543 740 possit,
1590 687 1695 741 quia
1727 687 1965 742 promissio

88 755 411 810 nupturientes
443 769 526 798 nec
571 761 678 799 ante
721 770 802 800 nec
834 767 938 812 post
982 757 1188 801 adituros
1232 772 1326 802 esse
1367 759 1628 802 ministrum
1664 761 1963 803 acatholicum

87 829 145 871 ad
179 828 464 873 condiciones
498 829 712 884 pertinet,
756 831 837 874 sub
871 831 1033 886 quibus
1069 832 1348 887 dispensatio
1382 847 1407 875 a
1440 834 1587 877 mixta
1619 834 1837 888 religione
1870 848 1964 878 con-

87 903 277 946 ceditur.

659 1469 1004 1562 Quaestio
1056 1471 1396 1554 septima.

446 1636 536 1689 De
578 1635 1100 1689 revalidatione
1143 1638 1610 1691 matrimonii.

236 1811 366 1865 163.
421 1811 894 1866 Declarationes.
977 1813 1321 1864 Bet-aliclatio
1373 1816 1712 1866 matrimonii
1754 1829 1834 1868 est
1874 1817 1962 1868 ille

84 1910 255 1966 actUS,
301 1921 406 1971 quo
451 1903 864 1953 matrimonium
908 1920 1146 1972 eousque
1188 1902 1498 1955 invalidum
1543 1904 1795 1957 redditur
1834 1907 1962 1959 vali-

86 1992 246 2044 dum:
319 1992 363 2042 si
431 1993 578 2042 enim
644 1999 958 2043 contractus
1026 1991 1311 2062 huc-usque
1376 1993 1657 2044 invalidus
1719 1995 1961 2047 valorem

84 2082 304 2150 accipit,
347 2080 647 2132 revalidari
679 2081 894 2134 dieitur.
955 2082 1180 2152 Duplex
1224 2083 1583 2151 distinguitur
1625 2087 1962 2138 matrimonii

83 2169 427 2230 revalidati0‚
479 2170 650 2222 altera
698 2189 796 2240 per
838 2171 1307 2240 dispensationem
1351 2192 1445 2224 seu
1490 2173 1639 2225 modo
1684 2175 1960 2226 ordinario

71 2260 252 2330 facta,
295 2260 466 2312 altera
507 2278 604 2329 per
645 2262 976 2312 sanationem
1015 2263 1073 2313 in
1112 2262 1308 2315 radice.

235 2363 608 2419 Quandoquidem
652 2378 731 2419 per
773 2365 1055 2408 matrimonii
1099 2366 1476 2410 revalidationem
1524 2374 1856 2411 sacramentum
1889 2369 1962 2411 ad·

85 2438 383 2482 ministratur
408 2443 454 2482 et
486 2438 720 2494 recipitur,
754 2444 974 2494 quantum
1001 2440 1100 2483 fieri
1124 2445 1291 2495 potest,
1326 2441 1471 2483 curari
1497 2441 1643 2496 debet,
1675 2447 1729 2485 ut
1752 2442 1964 2498 coniuges

85 2512 178 2556 sint
220 2512 269 2556 in
311 2518 439 2556 statu
482 2513 675 2568 gratiae,
722 2515 901 2568 quando
945 2514 1289 2558 matrimonium
1333 2516 1617 2559 revalidatur
1649 2517 1677 2561 i.
1712 2530 1747 2560 e.
1783 2518 1961 2572 quando

83 2592 331 2631 renovatur
363 2601 604 2631 consensus
643 2594 725 2632 aut
758 2589 1019 2644 applicatur
1053 2590 1243 2632 sanatio.

241 2677 382 2737 Quid
423 2678 749 2747 confessario
793 2680 1050 2748 agendum
1092 2682 1175 2743 sit,
1220 2679 1430 2749 quando
1474 2681 1702 2732 advertit
1743 2680 1959 2750 aliquod

83 2769 474 2819 matrimonium
516 2786 623 2819 esse
663 2768 976 2822 invalidum.
1033 2800 1104 2805 —
1148 2768 1360 2820 Cavere
1404 2768 1583 2836 debet,
1629 2788 1696 2821 ne
1740 2772 1959 2824 incaute

84 2859 268 2909 statim
311 2858 649 2909 matrimonii
690 2856 1001 2909 nullitatem
1045 2857 1303 2911 declaret.

238 2963 282 3016 1.
324 2961 382 3014 Si
424 2962 684 3031 coniuges
724 2963 782 3013 in
824 2962 959 3014 bona
985 2962 1099 3031 fide
1142 2971 1268 3014 sunt
1319 2970 1371 3014 et
1421 2981 1490 3013 ex
1533 2962 1811 3015 declarata
1852 2982 1959 3016 ma-

83 3051 328 3101 trimonii
383 3050 634 3102 nullitate
687 3054 896 3103 maiora
950 3052 1094 3104 mala
1149 3060 1522 3122 sequerentur,
1567 3054 1622 3104 in
1666 3053 1811 3105 bona
1851 3054 1959 3105 fide

84 3139 433 3210 relinquendi
476 3148 615 3193 sunt.

232 3243 287 3286 Id
321 3243 550 3287 observari
574 3243 720 3299 debet,
754 3258 844 3288 non
867 3245 1010 3289 solum
1034 3245 1113 3288 ubi
1135 3245 1530 3301 impedimentum,
1565 3247 1683 3300 quod
1715 3247 1959 3301 detegitur,

85 3319 311 3361 occultum
346 3323 392 3362 et
424 3318 782 3373 indispensabile
814 3323 898 3374 est,
942 3320 1132 3375 ideoque
1166 3320 1380 3375 coniuges
1413 3334 1493 3363 nec
1526 3321 1621 3364 sine
1655 3321 1865 3363 scandalo
1899 3334 1958 3364 se-

86 3392 238 3447 parari
270 3406 351 3436 nec
385 3392 480 3437 sine
512 3394 709 3449 periculo
739 3394 953 3449 peccandi
987 3395 1246 3438 cohabitare
1277 3399 1482 3450 possunt,
1516 3395 1592 3438 sed
1626 3394 1764 3438 etiam
1797 3395 1874 3438 ubi
1908 3395 1962 3439 de

85 3465 415 3521 impedimento
466 3468 640 3510 occulto
689 3471 733 3511 et
784 3468 1079 3522 dispensabili
1113 3468 1293 3524 agitur:
1343 3469 1577 3512 moraliter
1624 3469 1743 3512 enim
1791 3468 1958 3524 sperari
