2269 3898
281 179 335 221 76
1010 172 1076 214 De
1110 169 1416 213 matrimonio.

281 320 467 362 votum
513 308 805 374 sollemne3
857 327 896 358 c.
942 324 1010 356 ex
1050 305 1364 355 reverentia
1405 313 1748 356 sacramento
1792 304 2010 356 debita:
2057 307 2153 356 cri-

281 417 421 462 men,
466 397 644 448 cultus
689 396 997 464 disparitas.
1057 394 1142 445 De
1183 392 1268 444 his
1309 392 1567 444 omnibus
1608 395 1719 445 iam
1761 394 1953 445 ordine
1994 412 2154 464 agen-

279 488 408 538 dum
453 496 547 538 est.

1033 602 1066 657 ἕ
1099 606 1148 645 1.
1199 603 1400 646 Error.

428 709 520 762 76.
567 708 799 762 Natura
837 706 1277 774 impedimenti.
1362 707 1406 759 1.
1448 707 1918 775 Impedimentum
1961 709 2158 758 erroris

282 802 336 850 in
379 816 440 849 eo
484 799 747 862 consistit,
793 796 938 865 quod
982 797 1396 846 matrimonium
1438 794 1507 846 ab
1546 795 1806 848 alterutro
1835 795 2156 848 contrahen-

278 890 415 939 tium
472 906 596 939 cum
653 905 833 937 errore
889 884 1237 937 substantiali
1287 886 1487 936 initum
1537 884 1847 937 invalidum
1898 886 1981 936 sit.
2064 885 2157 936 Di-

278 979 475 1029 stincto
530 994 710 1028 errore
765 975 1116 1028 substantiali
1171 983 1224 1026 et
1278 974 1637 1041 accidentali,
1690 974 2053 1026 antecedente
2108 984 2160 1027 et

279 1067 759 1132 concomitante1),
805 1065 1104 1118 dicendum
1147 1074 1252 1116 est:

428 1176 475 1209 a.
519 1156 689 1207 Error
729 1155 1102 1206 substantialis
1142 1156 1534 1206 matrimonium
1576 1155 1797 1222 dirimit,
1841 1156 1943 1205 etsi
1985 1154 2159 1206 solum

281 1248 657 1297 concomitans
711 1247 807 1296 sit:
864 1247 920 1296 in
972 1247 1122 1296 omni
1165 1246 1312 1296 enim
1357 1252 1644 1295 contractu
1686 1244 1756 1296 ad
1799 1243 2042 1296 valorem
2083 1263 2160 1295 re-

279 1336 516 1405 quiritur
558 1353 860 1386 consensus
901 1336 958 1386 in
1001 1334 1280 1386 obiectum
1326 1342 1659 1401 contractus,
1703 1333 1939 1404 ideoque
1968 1335 2024 1385 in
2052 1352 2160 1385 ma-

281 1427 539 1476 trimonio
583 1442 884 1475 consensus
926 1425 982 1475 in
1028 1423 1452 1475 determinatam
1496 1441 1807 1492 personam.

429 1514 471 1566 b.
532 1515 701 1565 Error
757 1512 1106 1565 accidentalis
1166 1514 1562 1564 matrimonium
1620 1531 1726 1564 ozon
1783 1512 2002 1577 dirimit,
2063 1514 2161 1564 etsi

280 1604 630 1670 antecedens,
684 1605 818 1672 quin
862 1605 961 1654 etsi
1005 1603 1128 1654 dolo
1181 1611 1439 1654 causatus
1494 1604 1589 1654 sit:
1647 1602 1794 1672 quod
1848 1604 1997 1653 enim
2053 1620 2161 1653 non

226 1687 231 1689 ’
282 1694 458 1745 aufert
488 1712 814 1745 consensum
845 1692 1270 1745 substantialem
1311 1694 1367 1743 in
1400 1693 1821 1744 determinatam
1851 1710 2161 1762 personam,

281 1803 389 1835 non
431 1783 615 1835 reddit
656 1784 1072 1835 matrimonium
1116 1782 1447 1834 invalidum.
1500 1783 1736 1851 Insuper
1768 1781 2002 1852 quilibet
2043 1801 2163 1834 cen-

282 1882 428 1924 setur
470 1881 817 1924 contractum
859 1873 925 1925 ad
973 1891 1097 1923 eum
1142 1872 1369 1924 modum
1412 1873 1570 1938 inire,
1625 1891 1789 1940 quem
1832 1873 2006 1940 exigit
2047 1873 2165 1923 eius

279 1971 502 2023 natura;
547 1964 699 2033 atqui
741 1972 941 2014 natura
983 1970 1299 2014 contractus
1339 1961 1779 2028 matrimonialis,
1824 1969 2012 2031 utpote
2043 1980 2162 2014 con-

282 2054 560 2104 stituentis
616 2061 819 2104 statum
874 2052 1338 2117 indissolubilem,
1396 2052 1585 2121 exigit,
1641 2060 1702 2102 ut
1749 2053 2162 2103 matrimonium

281 2142 454 2194 solum
512 2151 735 2212 propter
787 2161 1027 2194 errorem
1084 2140 1508 2194 substantialem
1564 2143 1930 2193 constituatur
1971 2140 2165 2192 invali-

282 2232 441 2283 dum:
484 2233 619 2284 alias
661 2234 808 2284 enim
851 2234 1144 2284 innumera
1189 2233 1542 2283 matrimonia
1584 2239 1773 2302 postea
1810 2232 1867 2282 in
1898 2230 2163 2282 damnum

282 2321 411 2373 boni
456 2323 765 2372 communis
808 2321 1356 2391 deprehenderentur
1397 2320 1662 2374 invalida.

430 2411 532 2453 Etsi
581 2410 629 2454 in
673 2411 777 2454 aliis
826 2410 1137 2454 contractibus
1186 2423 1307 2454 error
1348 2410 1620 2454 antec-edens
1663 2410 1764 2452 dolo
1807 2413 2022 2452 causatus
2069 2422 2165 2452 con—

281 2489 480 2528 tractum
529 2485 694 2528 reddat
742 2485 999 2528 invalidum
1059 2499 1137 2529 seu
1197 2485 1350 2540 potius
1403 2483 1765 2538 rescindibilem,
1819 2482 2163 2525 matrimonium

281 2566 435 2604 tamen
468 2574 557 2603 non
590 2560 745 2603 reddit
777 2560 1051 2614 invalidum,
1100 2561 1232 2603 modo
1282 2573 1403 2603 error
1442 2573 1533 2602 non
1572 2559 1799 2603 redundet
1830 2558 1879 2600 in
1912 2569 2166 2613 personam,

281 2641 465 2691 propter
497 2635 662 2679 bonum
698 2649 933 2679 commune
975 2635 1029 2678 ob
1072 2640 1286 2678 naturam
1320 2634 1682 2678 indissolubilem
1718 2637 1979 2676 contractus
2012 2633 2167 2676 matri-

283 2711 511 2753 monialis:
563 2725 707 2766 pauca
740 2710 860 2754 enim
895 2711 1229 2753 contrahuntur
1261 2709 1570 2764 matrimonia,
1618 2709 1666 2752 in
1700 2708 1863 2763 quibus
1895 2722 1986 2752 non
2019 2708 2167 2751 subsit

279 2786 328 2828 in
361 2786 585 2828 alterutra
618 2791 748 2840 parte
781 2785 948 2840 aliquis
983 2798 1104 2828 error
1137 2784 1447 2839 accidentalis,
1488 2784 1565 2839 qui
1609 2798 1698 2827 non
1742 2797 1843 2826 raro
1888 2783 2029 2827 etiam
2064 2783 2165 2827 dolo

279 2864 491 2902 causatus
525 2865 607 2903 est.

433 2936 481 2986 2.
539 2935 659 2986 Hoc
702 2936 1165 3005 impedimentum
1209 2937 1627 2986 matrimonium
1671 2934 1882 2985 dirimit
1921 2935 2035 2984 iure
2075 2953 2164 2983 oza-

285 3033 466 3075 tarae:
521 3043 683 3076 verus
742 3027 891 3076 enim
952 3044 1250 3077 consensus
1303 3024 1443 3076 liber
1496 3033 1550 3075 et
1598 3023 1934 3076 deliberatus
1975 3024 2033 3073 in
2076 3021 2165 3073 ob-

284 3116 485 3164 iectum
530 3122 842 3166 contractus
884 3134 952 3166 ex
994 3117 1115 3184 ipsa
1156 3123 1354 3166 natura
1396 3123 1710 3166 contractus
1750 3114 2065 3183 requiritur.

435 3246 526 3300 77.
568 3245 932 3301 Declaratio.
1019 3251 1063 3300 1.
1109 3249 1275 3299 Error
1315 3246 1688 3299 substantialis
1729 3257 1837 3298 est:

434 3356 483 3387 a.
539 3336 707 3387 Error
755 3338 898 3388 circa
947 3340 1121 3406 ipsam
1163 3345 1417 3388 naturam
1456 3336 1537 3389 vel
1569 3338 1957 3407 proprietatem
1998 3353 2164 3386 essen-

285 3423 463 3475 tialem
502 3426 845 3491 matrimonii,
890 3428 1019 3495 quia
1060 3427 1234 3477 afficit
1274 3428 1569 3478 essentiam
1612 3433 1943 3478 contractus

441 3543 469 3597 ¹)
504 3545 570 3585 Cf.
604 3544 676 3586 De
699 3544 962 3600 praeceptis
993 3559 1035 3587 n.
1071 3545 1157 3588 525
1193 3559 1224 3588 s.
