2269 3898
246 107 333 149 184
977 98 1062 140 ΠΙ.
1096 98 1164 140 De
1195 95 1388 152 legibus.

248 241 302 284 de
336 236 617 282 sufficientia
651 246 811 278 causae
844 245 1052 276 concessa
1100 235 1171 275 est
1219 234 1426 286 potestas
1474 229 1627 273 valide
1678 228 1987 284 dispensandi,
2041 229 2129 272 etsi

251 329 385 369 causa
417 304 567 367 reipsa
598 323 689 353 non
722 308 783 352 sit
818 307 1067 362 sufficienS,
1099 319 1157 350 ne
1189 305 1297 349 oriri
1330 305 1509 361 possint
1543 304 1745 359 scrupuli
1778 303 1896 347 circa
1927 304 2129 347 valorem

254 387 669 444 dispensationum
707 382 867 438 quodsi
901 395 1006 425 vero
1039 395 1118 436 per
1136 394 1331 424 errorem
1355 379 1595 423 existimat
1616 380 1774 423 adesse
1797 391 1996 432 causam,
2029 391 2130 421 cum

248 463 398 518 reipsa
429 460 557 504 nulla
590 459 729 514 adsit,
762 457 971 502 invalida
1003 460 1070 501 est
1107 456 1402 512 dispensatio.

396 538 445 589 3.
494 535 565 587 Ut
597 534 782 586 valida
825 534 893 584 sit
936 532 1293 602 dispensatio,
1337 531 1655 600 requiritur,
1698 537 1760 580 ut
1796 547 1907 580 una
1938 527 2132 580 saltem

249 646 414 679 causa
469 626 679 677 motiva
733 626 803 675 sit
850 642 1004 675 vera:
1067 622 1410 691 dispensatio
1466 621 1615 672 enim
1659 619 1985 671 conceditur
2027 617 2134 669 hac

248 716 605 769 condicione:
662 715 708 766 si
746 731 934 785 preces
976 713 1199 764 veritate
1240 712 1501 777 nitantur,
1560 711 1691 780 quia
1734 709 1984 778 superior
2023 725 2135 758 non

250 814 504 858 censetur
546 806 663 856 sine
705 822 872 855 causa
916 802 1240 871 dispensare
1268 799 1430 867 velle,
1474 801 1575 851 etsi
1618 798 1673 850 id
1715 817 1814 868 per
1840 815 1896 849 se
1925 804 2134 866 posset3

247 897 387 953 levis
428 903 613 947 tamen
656 911 856 946 causae
900 892 1220 961 ceteroquin
1266 909 1431 942 verae
1485 889 1862 957 exaggeratio,
1920 886 2135 956 dispen-

249 988 517 1039 sationem
561 1002 671 1036 non
713 982 898 1035 reddit
938 981 1272 1034 invalidams

402 1089 440 1117 a.
478 1073 677 1128 Sufficit,
710 1076 761 1115 ut
797 1084 931 1116 causa
964 1084 1072 1114 vera
1106 1070 1166 1113 sit
1202 1083 1251 1113 eo
1286 1074 1503 1123 tempore,
1548 1081 1634 1122 quo
1668 1066 1931 1110 conceditur
1964 1064 2141 1120 dispen-

257 1150 389 1204 satio,
425 1149 511 1193 etsi
546 1162 654 1192 vera
685 1161 775 1191 non
810 1146 870 1189 sit
903 1153 1123 1200 tempore,
1169 1157 1255 1198 quo
1297 1143 1502 1198 petitur:
1553 1154 1706 1198 preces
1755 1140 1876 1185 enim
1924 1139 2142 1184 nitunt-ur

251 1225 463 1280 veritate,
500 1224 679 1279 quando
713 1222 977 1266 conceditur
1012 1218 1308 1275 dispensatio.
1372 1219 1490 1262 Num
1525 1217 1665 1261 etiam
1698 1230 1807 1261 vera
1840 1229 1935 1260 esse
1979 1215 2140 1258 debeat

253 1306 473 1356 tempore,
508 1313 594 1354 quo
629 1298 817 1354 ponitur
850 1297 985 1352 actiO,
1019 1296 1078 1339 ad
1112 1309 1247 1350 quam
1292 1293 1420 1337 licite
1468 1293 1724 1349 ponendam
1758 1293 2009 1348 impetrata
2050 1289 2144 1333 fuit

254 1375 551 1431 dispensatio,
585 1374 753 1429 pendet
789 1377 889 1416 tum
924 1372 979 1415 ab
1012 1371 1116 1426 ipsa
1148 1371 1251 1425 lege
1283 1373 1383 1412 tum
1419 1369 1475 1412 ab
1508 1367 1767 1412 intentione
1813 1365 2139 1423 dispensantis,

253 1456 308 1494 ut
342 1464 396 1493 ex
428 1450 552 1493 infra
587 1448 790 1492 dicendis
823 1446 1017 1504 patebit.

405 1526 441 1567 b.
478 1525 691 1568 Invalida
714 1528 784 1567 est
809 1521 1105 1578 dispensatio,
1140 1520 1177 1563 si
1202 1533 1337 1564 causa
1359 1531 1466 1562 vera
1485 1518 1667 1572 quidem
1701 1522 1771 1562 est
1802 1521 2021 1572 tempore,
2058 1529 2144 1571 quo

256 1601 447 1657 petitur,
480 1614 571 1643 non
604 1605 759 1643 autem
793 1603 1011 1654 tempore,
1061 1610 1147 1652 quo
1193 1595 1456 1639 conceditur
1507 1593 1804 1649 dispensatiO,
1854 1592 1961 1647 quia
1993 1604 2146 1647 preces

257 1676 455 1720 veritate
487 1689 578 1718 non
611 1674 840 1719 nituntur.
910 1672 1036 1716 Nihil
1070 1673 1226 1725 refert,
1261 1675 1418 1714 utrum
1453 1670 1569 1713 bona
1602 1683 1661 1713 an
1693 1669 1816 1711 mala
1849 1668 1941 1711 fide
1962 1666 2010 1710 in
2034 1665 2148 1722 peti-

258 1753 383 1796 tione
414 1750 600 1795 falsitas
633 1749 881 1804 irrepserit.

405 1840 437 1868 c.
472 1825 653 1868 Pariter
684 1823 893 1867 invalida
926 1829 994 1866 est
1031 1819 1328 1876 dispensatiO,
1360 1819 1398 1863 si
1434 1832 1568 1862 causa
1593 1831 1701 1861 vera.
1723 1832 1813 1861 non
1837 1822 1907 1861 est-
1930 1825 2148 1873 tempore,

212 1915 340 1957 ÷quo
386 1901 562 1956 petitur
611 1904 656 1943 et
709 1899 985 1952 conceditur,
1038 1910 1145 1940 vera
1195 1905 1350 1939 autem
1386 1899 1605 1949 tempore,
1657 1907 1744 1948 quo
1789 1892 2153 1953 communicatur

60 2006 87 2045 C
204 1974 213 2029 3⁵
258 1975 559 2032 dispensatio:
611 1988 696 2017 uon
733 1974 848 2016 enim
884 1974 1110 2030 firmatur
1143 1974 1292 2014 fractu
1342 1969 1575 2027 temporis,
1625 1968 1744 2024 qnod
1791 1969 1847 2011 ab
1893 1968 2022 2011 initio
2063 1980 2150 2011 non

202 2031 209 2094 ξ
253 2052 473 2107 subsistit.

405 2128 456 2180 4.
515 2127 573 2180 Si
615 2128 672 2178 in
715 2124 956 2195 petenda
999 2123 1412 2193 dispensatione
1461 2120 1606 2172 mala
1641 2119 1747 2186 fide
1789 2118 2001 2171 falsitas
2058 2136 2149 2169 ex-

257 2218 516 2288 primitur
566 2215 654 2267 vel
696 2216 902 2266 veritas
945 2212 1169 2277 celatur,
1225 2210 1540 2264 invalidum
1583 2217 1664 2262 est
1703 2211 2050 2279 rescriptum,
2093 2214 2147 2259 et

261 2307 487 2378 quidem
529 2305 746 2375 (saltem
789 2323 887 2374 pro
929 2304 1045 2356 foro
1090 2302 1340 2373 externo)
1399 2300 1584 2371 quoad
1626 2318 1817 2351 omnes
1859 2318 1986 2350 suas
2028 2317 2146 2368 par-

258 2406 366 2463 tes3
411 2397 608 2467 quodsi
639 2395 774 2447 bona
802 2395 903 2458 fide
945 2393 1157 2446 falsitas
1200 2392 1533 2462 exprimitur
1560 2389 1648 2441 vel
1680 2390 1884 2441 veritas
1919 2388 2146 2455 celatur,

257 2488 588 2556 rescriptum
644 2485 958 2538 invalidum
1016 2503 1128 2536 non
1179 2491 1276 2549 est,
1334 2482 1440 2533 nisi
1495 2498 1645 2532 error
1687 2487 1940 2531 versatur
2001 2479 2150 2530 circa

261 2595 486 2629 causam
528 2575 865 2643 motivam1).

418 2665 673 2709 Probabilis
707 2669 778 2708 est
811 2661 1059 2716 sententia,
1093 2674 1207 2716 quae
1242 2661 1387 2715 docet,
1420 2673 1500 2715 pro
1534 2661 1632 2703 foro
1665 2659 1847 2703 interno
1879 2656 2154 2712 rescriptum

263 2741 522 2784 invalidum
556 2754 653 2785 esse
687 2740 832 2783 solum
868 2738 1016 2794 quoad
1050 2750 1147 2780 eam
1183 2742 1376 2792 partem,
1427 2735 1475 2779 in
1509 2749 1598 2790 qua
1643 2735 1773 2778 dolus
1814 2732 2024 2787 occurrit,
2063 2745 2154 2776 non

262 2814 376 2858 item
410 2815 558 2869 quoad
592 2819 771 2870 partem
806 2813 862 2857 ab
895 2813 976 2856 illa
1010 2825 1193 2868 prorsus
1229 2809 1548 2860 distineta1n2).
2038 2801 2045 2802 7

410 2892 458 2943 ἵ).
500 2890 624 2942 Non
655 2890 829 2942 solum
860 2891 924 2955 is,
968 2889 1063 2958 qui
1094 2889 1212 2938 sine
1242 2905 1409 2938 causa
1440 2886 1741 2955 dispensat,
1773 2883 1870 2936 sed
1897 2886 2064 2936 etiam
2088 2884 2152 2949 is,

263 2981 357 3050 qui
399 2982 516 3032 sine
560 2998 724 3032 causa
768 2979 1243 3048 dispensationem
1271 2977 1425 3046 petit,
1470 2975 1662 3027 illicite
1704 2976 1837 3043 agit,
1882 2975 2012 3044 quia
2049 2972 2153 3025 dis-

263 3076 590 3139 pensantem
647 3067 866 3119 inducit
922 3066 992 3119 ad
1048 3085 1164 3118 rem
1219 3065 1500 3130 illicitam3
1571 3066 1665 3134 qui
1730 3073 1915 3116 tamen
1977 3064 2152 3114 utitur

266 3160 681 3229 dispensatione
731 3156 937 3222 valida,
995 3157 1089 3209 sed
1134 3155 1328 3209 illicite
1370 3157 1560 3225 petita,
1615 3174 1726 3207 non
1779 3161 2002 3224 peccat:
2056 3153 2152 3222 qui

266 3250 414 3300 enim
444 3247 631 3300 valide
676 3247 1027 3317 dispensatus
1067 3255 1165 3313 est,
1208 3264 1317 3298 non
1361 3254 1579 3297 tenetur
1618 3245 1797 3314 legem
1839 3242 2152 3294 observare.

426 3414 453 3462 ¹>
487 3413 531 3458 O.
567 3412 710 3467 Super
741 3410 914 3455 litteris
947 3411 1016 3454 ⁶20.
1053 3411 1124 3453 De
1158 3410 1399 3466 rescriptis
1431 3410 1483 3465 χΙ.
1517 3410 1574 3465 3).

419 3486 453 3542 ²)
485 3488 551 3531 Cf.
591 3487 814 3542 Sanches,
847 3487 914 3530 De
947 3485 1242 3530 matrimonio
1276 3487 1303 3528 l.
1340 3486 1380 3528 8.
1416 3485 1530 3540 disp.
1567 3484 1637 3526 21.
1671 3498 1716 3526 n.
1753 3482 1822 3528 70.
