2269 3898
287 172 346 215 54
1025 166 1091 208 De
1125 164 1430 208 matrimonio.

295 303 476 346 omnino
511 301 639 354 solvi,
674 303 922 356 provocant
955 299 1013 342 ad
1048 311 1209 353 corpus
1241 297 1369 352 iuriS‚
1403 298 1523 353 quod
1555 298 1624 341 ita
1656 297 1816 341 habet:
1854 299 2084 353 sponsalia
2117 299 2174 343 de

289 380 462 430 futuro,
497 376 635 418 etiam
670 375 839 428 iurata,
873 373 1118 416 solvuntur
1150 385 1229 427 per
1263 372 1498 427 sponsalia
1530 373 1727 415 secunda
1760 373 1814 416 de
1856 372 2174 427 praesentim).

289 453 479 505 Insuper
511 451 627 493 hanc
661 449 887 492 rationem
920 447 1124 490 addunt:
1162 446 1385 502 obligatio
1418 447 1595 490 firmior
1627 447 1912 490 matrimonii
1937 447 2172 502 extinguit

289 524 616 579 obligationem
661 523 812 566 minus
860 523 1042 565 firmam
1089 521 1384 576 sponsalium.
1450 521 1652 565 Tandem
1703 521 1778 576 qui
1827 521 2172 565 matrimonium

290 599 534 653 contrahit,
569 611 647 653 per
681 611 726 641 se
758 596 975 640 inhabilis
1020 595 1230 639 redditur
1276 596 1335 639 ad
1384 595 1634 639 ineundum
1685 595 2029 639 matrimonium
2078 609 2174 651 pro·

290 673 495 726 missum,
529 686 629 715 cum
664 671 888 726 suscipiat
924 674 1100 714 statum
1135 683 1194 712 ex
1226 683 1276 712 se
1307 673 1596 725 perpetuum,
1629 670 1707 725 qui
1740 670 2033 713 matrimonio
2078 683 2173 725 pro-

291 747 428 791 misso
462 751 704 802 repugnat.
773 745 943 799 Quodsi
978 744 1323 788 matrimonium
1360 750 1507 788 morte
1530 745 1777 800 compartis
1801 745 2093 800 dissolvatur,
2126 744 2174 787 id

289 824 346 865 fit
366 835 460 878 per
493 821 702 866 accidens
733 834 815 864 nec
846 820 910 864 rei
943 824 1156 863 naturam
1202 823 1369 862 mutat.
1436 818 1522 872 Qui
1566 833 1670 863 vero
1721 833 1821 862 cum
1863 834 1899 863 s.
1945 820 2179 875 Alpleonso

290 899 349 945 (n.
386 897 489 952 875)
523 897 683 940 docent-
717 895 948 950 sponsalia
981 894 1127 937 solum
1163 893 1395 949 suspendi,
1429 898 1816 948 argumentantur
1847 894 1896 937 in
1935 895 2054 937 hunc
2087 908 2175 937 mo·

291 972 420 1015 dum:
457 971 532 1026 qui
567 971 799 1014 contrahit
832 968 1196 1023 matrimonium,
1228 982 1320 1011 non
1343 969 1554 1012 redditur
1577 969 1784 1012 absolute
1806 967 2040 1022 inhabilis,
2073 981 2174 1010 cum

290 1046 634 1089 matrimonium
656 1048 942 1088 contractum
962 1057 1053 1086 non
1070 1047 1298 1098 repugnet
1315 1043 1609 1086 matrimonio
1624 1043 1845 1098 promisso
1863 1056 1942 1098 pro
1958 1049 2179 1098 tempore,

290 1134 375 1175 quo
409 1120 535 1174 prius
569 1118 914 1162 matrimonium
949 1131 1027 1173 per
1060 1117 1234 1160 obitum
1269 1117 1459 1161 alterius
1493 1117 1639 1172 partis
1674 1118 1874 1160 solutum
1909 1117 2062 1160 fuerit.
2106 1117 2177 1160 In·

290 1208 423 1250 super
455 1194 531 1249 qui
565 1194 688 1237 edito
722 1198 829 1236 voto
863 1192 1096 1236 castitatis
1131 1192 1474 1235 matrimonium
1509 1192 1755 1247 contraxit,
1800 1195 1984 1235 tenetur
2027 1192 2179 1236 soluto

289 1267 581 1312 matrimonio
614 1272 773 1311 votum
807 1267 1019 1321 implere;
1063 1279 1170 1321 ergo
1205 1266 1344 1310 etiam
1391 1266 1468 1321 qui
1510 1265 1643 1310 initis
1688 1265 1976 1321 sponsalibus
2022 1266 2177 1309 matri-

289 1343 492 1386 monium
518 1341 762 1396 contraxit,
786 1345 970 1385 tenetur
993 1341 1142 1384 soluto
1165 1341 1458 1384 matrimonio
1482 1341 1712 1396 sponsalia
1732 1341 1937 1396 implere,
1971 1341 2007 1383 si
2031 1341 2181 1384 altera

289 1432 394 1473 pars
427 1417 555 1460 velit.
622 1417 825 1460 Tandem
858 1416 1031 1459 nemini
1064 1418 1192 1459 fraus
1226 1430 1307 1459 sua
1340 1415 1618 1471 patrocinari
1655 1415 1801 1460 debet.
1836 1441 1891 1446 —-
1911 1416 2022 1459 Cum
2056 1419 2178 1458 utra·

290 1506 376 1547 que
410 1491 641 1536 sententia
674 1504 778 1535 vere
811 1491 1058 1546 probabilis
1092 1491 1168 1546 sit,
1202 1491 1366 1534 merito
1401 1491 1559 1534 scribit
1583 1491 1843 1534 Ballerinz':
1876 1489 2180 1534 confessarius

289 1580 369 1611 nec
401 1567 592 1610 viduum
627 1579 786 1621 cogere
818 1570 971 1621 potest
1004 1566 1061 1608 ad
1094 1566 1340 1621 pristinam
1373 1566 1502 1609 illam
1526 1554 1871 1622 promissionem
1896 1565 2176 1620 implendam

289 1655 370 1685 nec
401 1641 638 1696 impedire,
672 1640 914 1695 quominus
956 1640 1103 1683 altera
1145 1654 1250 1695 pars
1290 1641 1361 1683 ius
1405 1654 1536 1683 suum
1581 1644 1882 1696 prosequatur
1924 1643 1969 1683 et
2012 1643 2179 1694 urgeat

291 1729 439 1759 coram
473 1715 638 1770 iudice,
672 1715 798 1758 cuius
833 1714 1109 1758 sententiam
1145 1715 1393 1758 admittere
1424 1720 1615 1770 uterque
1648 1713 1934 1767 tenebitur2).

441 1836 534 1890 56.
577 1835 809 1889 Electio
854 1837 1049 1889 status
1093 1834 1504 1903 perfectioris.
1589 1837 1637 1887 1.
1694 1834 1986 1904 Sponsalia
2029 1835 2176 1885 enim

293 1943 508 1994 semper
548 1924 689 1976 fiunt
731 1942 857 1976 011111
898 1923 1004 1976 hac
1044 1925 1214 1976 tacita
1255 1924 1612 1976 condicione:
1663 1926 1771 1976 nisi
1804 1923 2181 1994 perfectiorem

289 2023 482 2066 statum
540 2014 814 2085 eZe9e2·03)3
873 2031 1000 2082 ergo
1056 2020 1286 2084 uterque
1343 2033 1577 2084 sponsus
1632 2014 1737 2066 sibi
1793 2023 2040 2065 reservat
2095 2014 2182 2064 ius

289 2103 463 2156 libere
505 2112 558 2155 et
598 2102 746 2155 licite
799 2103 1124 2155 transeundi
1180 2103 1251 2155 ad
1293 2112 1496 2155 statum
1552 2104 1935 2174 perfectiorem
1989 2103 2180 2155 relicto

296 2202 440 2246 statu
482 2192 891 2246 matrimoniali.

444 2282 560 2327 Sunt
592 2283 790 2338 quidem,
824 2283 901 2338 qui
935 2283 1052 2326 hanc
1084 2282 1178 2326 vim
1213 2283 1418 2327 solvendi
1453 2283 1685 2339 sponsalia
1717 2297 1807 2327 non
1829 2283 2039 2327 tribuant
2073 2283 2180 2326 elec·

292 2358 408 2401 110111
442 2358 642 2401 cuiusvis
675 2361 826 2401 status
871 2357 1179 2412 perfectioris;
1224 2359 1301 2401 sed
1343 2359 1489 2401 solum
1532 2358 1740 2402 electioni
1780 2361 1929 2401 status
1972 2358 2185 2414 reliqiosz'

291 2446 368 2476 seu
404 2433 637 2476 voluntati
671 2439 718 2476 et
749 2436 856 2476 voto
890 2433 1136 2488 profitendi
1170 2432 1464 2488 religionem:
1507 2433 1555 2475 hi
1599 2433 1718 2477 enim
1763 2432 1924 2476 dicunt
1964 2432 2178 2475 illicitam

295 2520 389 2551 esse
423 2507 687 2551 electionem
722 2507 913 2551 alterius
947 2512 1099 2551 status
1132 2514 1179 2551 et
1211 2508 1402 2564 proinde
1433 2507 1691 2551 invalidum
1725 2511 1881 2551 votum
1917 2507 2179 2551 assumendi

295 2585 469 2624 statum
503 2581 835 2636 perfectiorem,
869 2581 974 2636 quia
1007 2582 1130 2626 Deus
1161 2596 1253 2626 non
1285 2586 1510 2637 acceptat,
1544 2582 1663 2636 quod
1696 2582 1833 2626 alteri
1865 2581 1957 2625 iam
1993 2581 2180 2637 promis-

295 2669 392 2698 sum
427 2660 510 2699 est.
574 2655 739 2699 Verum
774 2670 874 2699 011111
909 2657 1065 2700 eadem
1100 2657 1219 2700 ratio
1253 2652 1332 2712 pro
1365 2657 1489 2699 omni
1518 2659 1640 2699 statu
1672 2657 1953 2714 pelfectiori
1992 2655 2183 2711 militet,

292 2731 349 2772 ad
384 2743 537 2773 omnes
571 2743 711 2785 aeque
743 2731 1031 2774 extendenda
1064 2735 1146 2774 est.
1211 2731 1350 2774 Ratio
1384 2735 1539 2775 autem
1573 2735 1643 2775 est
1677 2731 1822 2775 tacita
1847 2730 2064 2785 condicio,
2097 2730 2183 2774 sub

292 2817 379 2859 qua
412 2804 641 2859 sponsalia
675 2806 811 2848 fiunt.
874 2805 1126 2849 Solvuntur
1157 2805 1277 2849 enim
1313 2805 1542 2861 sponsalia
1575 2811 1761 2861 propter
1791 2805 2040 2849 notabilem
2088 2819 2179 2849 mu-

291 2879 514 2922 tationem
550 2880 961 2936 supervenient-em‚
1010 2894 1099 2935 qua
1148 2880 1320 2924 scilicet
1355 2881 1564 2936 praevisa
1597 2881 1828 2937 sponsalia
1859 2894 1949 2924 non
1981 2880 2183 2924 fuissent

291 2953 430 3003 inita;
480 2954 555 2997 sed
591 2954 811 2998 eiusmodi
845 2955 1045 2999 mutatio
1093 2960 1163 2999 est
1210 2956 1389 2999 vocatio
1438 2957 1495 2999 ad
1545 2961 1720 3000 statum
1769 2955 2084 3011 perfectiorem
2133 2959 2179 2998 et

291 3027 507 3070 voluntas
541 3041 641 3071 eum
676 3029 994 3085 assumendi4).

448 3160 478 3214 1>
509 3161 555 3207 C.
590 3162 776 3206 Duobus
811 3164 834 3205 1
869 3164 942 3207 De
974 3178 1139 3220 sponsa
1174 3164 1366 3207 duorum
1398 3164 1487 3218 (IV.
1522 3165 1569 3221 4)
1605 3170 1651 3209 et
1683 3166 1730 3209 C.
1764 3165 1809 3208 Si
1851 3165 1973 3208 inter
2016 3165 2072 3207 31
2106 3164 2184 3206 De

291 3235 488 3291 sponsal.
524 3239 568 3279 et
597 3239 732 3279 matr.
767 3237 862 3291 (IV.
900 3238 952 3292 1).
1017 3239 1125 3283 Ideo
1150 3239 1398 3282 Instructio
1426 3253 1520 3295 pro
1553 3239 1736 3284 iudiciis
1769 3240 1868 3284 eccl.
1900 3240 1961 3294 (n.
1996 3239 2041 3293 8)
2077 3238 2180 3281 sim·

292 3309 477 3364 pliciter
509 3311 717 3353 affirmat
750 3312 980 3366 sponsalia
1011 3313 1059 3356 in
1093 3314 1175 3357 hoc
1208 3327 1314 3357 casu
1347 3313 1545 3357 dissolvi.

451 3382 482 3437 2)
520 3385 907 3441 Gzzry-Ballerim'
937 3386 987 3429 II.
1022 3401 1066 3430 n.
1100 3388 1201 3431 733.

446 3456 477 3511 ³)
509 3457 555 3501 S.
590 3459 850 3514 Alplzonsus
882 3474 925 3503 n.
959 3460 1048 3504 870
1082 3475 1137 3505 ss.

444 3532 477 3586 4)
510 3533 576 3575 Cf.
613 3533 1101 3578 Ballerim'-Palmieri
1129 3536 1203 3579 VI.
1238 3551 1280 3580 n.
1318 3537 1417 3581 185.
