2269 3898
256 136 313 180 98
791 132 853 174 ΙΙ.
887 133 953 175 De
984 131 1162 175 actibus
1195 132 1254 175 ad
1286 132 1425 175 finem
1459 131 1598 186 aptis.
1666 102 1675 110 -

253 270 412 321 bonis
454 268 661 320 ordinis
704 265 969 318 naturalis
1014 266 1281 332 consistit,
1337 274 1431 317 aut
1476 265 1547 317 ad
1590 268 1906 337 prae-mium
1951 284 2132 335 super-

257 357 524 425 naturale,
583 357 731 426 quod
781 355 871 406 vel
920 356 1086 407 uniee
1128 354 1217 406 vel
1256 357 1609 425 potissimum
1653 357 1708 406 in
1751 354 1912 406 bonis
1955 373 2138 424 super-

258 446 602 499 naturalibus
632 446 897 497 consistit.
948 444 1266 496 Praemium
1295 443 1545 496 naturale
1571 445 1833 495 convenit
1857 443 2136 515 operibus,

260 555 400 606 quae
442 535 570 587 solis
611 543 842 586 naturae
885 533 1098 585 viribus
1138 534 1533 603 perficiuntur:
1589 552 1714 585 eum
1757 535 1906 585 enim
1948 551 2139 585 omnes

257 627 502 677 actiones
556 624 835 676 moraliter
888 622 1068 674 bonae
1126 624 1325 675 cedant
1380 626 1432 675 in
1489 623 1722 692 gloriam
1765 623 1890 690 Dei,
1935 623 2138 691 dignae

258 724 384 768 sunt
422 714 812 779 retributione3
870 713 966 764 sed
1007 714 1062 763 in
1105 712 1209 765 hoe
1251 714 1446 766 ordine
1490 722 1723 765 naturae
1766 731 1862 781 per
1902 713 2137 782 gratiam

258 806 505 857 elevatae
546 822 656 855 non
699 802 1080 855 consideratur
1120 803 1272 855 aliud
1315 805 1578 854 meritum
1617 812 1668 854 et
1695 803 2004 873 praemium
2031 801 2137 852 nisi

261 894 685 966 supernaturale,
731 892 876 962 quod
906 890 1168 943 convenit
1196 886 1474 956 operibus,
1509 904 1650 955 quae
1680 905 1750 937 ex
1775 886 1954 954 gratia
1981 884 2137 936 fiunt.

409 985 452 1037 b.
502 985 567 1036 In
625 984 880 1034 meritum
936 982 998 1032 de
1053 978 1329 1046 οοηάίφιο,
1389 977 1477 1027 0111
1537 994 1606 1027 ex
1664 976 1876 1027 iustitia
1929 992 2138 1025 merces

260 1074 505 1140 debetur,
551 1075 681 1143 quia
722 1073 839 1123 eius
869 1070 1023 1121 valor
1064 1076 1143 1120 est
1184 1065 1431 1136 aequalis
1474 1067 1740 1134 praemio,
1785 1074 1838 1115 et
1879 1065 2138 1114 meritum

259 1166 322 1217 de
363 1182 605 1234 eonyruo,
650 1163 736 1212 eui
780 1159 955 1211 solum
991 1178 1057 1209 ex
1089 1157 1331 1227 quadam
1363 1156 1617 1207 decentia
1648 1173 1857 1206 merces
1887 1152 2137 1219 debetur,

260 1257 389 1324 quia
420 1256 536 1304 eius
567 1251 722 1303 valor
756 1269 868 1301 non
911 1257 991 1300 est
1032 1245 1280 1317 aequalis
1322 1246 1597 1314 praemi03
1642 1244 1777 1296 illud
1821 1245 1985 1295 etiam
2015 1263 2138 1313 per-

258 1345 448 1406 feetum
490 1342 594 1394 hoe
622 1340 986 1410 imperfectum
1016 1338 1244 1402 dieitur3
1290 1335 1426 1387 illud
1454 1343 1536 1385 est
1563 1336 1818 1386 meritum
1852 1335 2137 1399 iustorum,

259 1433 364 1485 hoe
406 1434 569 1483 etiam
614 1431 998 1500 peecatoribus
1041 1430 1319 1479 convenit.

411 1521 592 1575 Duplex
627 1520 868 1562 discrimen
901 1518 1149 1562 intercedit
1180 1517 1303 1560 inter
1336 1515 1551 1559 meritum
1587 1515 1641 1557 de
1674 1514 1899 1568 condigno
1934 1516 1979 1556 et
2012 1511 2140 1556 meri-

261 1602 360 1640 tum
396 1597 449 1639 de
482 1608 704 1650 eongQruo
742 1609 780 1636 α.
818 1593 966 1649 quoad
997 1593 1195 1636 calorem
1229 1605 1405 1648 opens.-
1441 1604 1567 1645 opus,
1591 1589 1662 1632 0111
1687 1589 1899 1632 convenit
1922 1588 2138 1631 meritum

262 1672 315 1714 de
348 1670 586 1725 eondngno
620 1674 687 1712 est
711 1670 898 1723 aequale
921 1668 1136 1723 praemio,
1170 1680 1260 1710 non
1284 1665 1466 1720 quidem
1493 1662 2139 1728 aequalitatemmathematica

262 1746 338 1789 sed
372 1745 533 1788 morali
568 1758 659 1799 seu,
692 1749 747 1787 ut
775 1744 914 1787 habet
936 1758 971 1786 s.
996 1743 1203 1789 Thomas,
1238 1741 1522 1795 aequalitate
1547 1720 1769 1782 virtutis:
1805 1738 1954 1793 „sieut
1987 1751 2139 1780 semen

261 1819 446 1875 arboriS‚
478 1812 526 1862 in
561 1833 646 1874 quo
680 1824 749 1862 est
781 1818 930 1861 virtus
964 1818 1022 1861 ad
1054 1821 1202 1860 totam
1237 1815 1524 1868 arb01·em“').
1569 1814 1624 1856 In
1657 1813 1820 1857 merito
1854 1813 1907 1855 de
1941 1824 2139 1866 congruo

258 1896 510 1951 praemium
555 1897 739 1949 superat
784 1893 983 1936 valorem
1027 1892 1187 1947 operis
1255 1892 1293 1940 ,3.
1343 1889 1502 1943 Quoad
1544 1889 1616 1931 ins
1660 1887 1721 1930 ad
1761 1900 2043 1943 praemium
2087 1885 2137 1928 in

260 1970 423 2014 merito
459 1971 513 2012 de
545 1968 770 2023 condigno
805 1981 858 2010 ex
900 1971 1032 2022 parte
1075 1965 1294 2009 meientis
1338 1964 1549 2031 habetur
1552 1976 1649 2027 ius
1694 1963 1755 2029 ad
1765 1961 2046 2027 praemium
2092 1964 2139 2004 et

262 2045 464 2088 debitum
498 2044 709 2087 iustitiae
743 2056 796 2086 ex
830 2049 960 2097 parte
994 2041 1317 2097 praemiantis;
1362 2039 1411 2082 in
1435 2022 1615 2082 merito
1651 2024 1704 2081 de
1737 2023 1936 2093 congiuo
1970 2050 2139 2080 merces

260 2125 443 2163 tantum
479 2133 532 2162 ex
566 2119 761 2173 quadam
796 2117 1030 2172 aequitate
1064 2116 1301 2171 tiibuitur,
1335 2118 1379 2159 et
1404 2114 1440 2158 si
1465 2113 1719 2169 praemium
1743 2117 1931 2168 propter
1953 2111 2138 2167 promis-

261 2195 430 2238 sionem
465 2207 519 2237 ex
552 2196 682 2248 parte
715 2192 1018 2248 praemiantis
1043 2191 1247 2234 debitum
1282 2194 1366 2245 est,
1401 2191 1546 2233 solum
1582 2202 1637 2232 ex
1669 2188 1901 2232 fidelitate
1934 2187 2135 2231 debetur.

411 2291 448 2322 0.
503 2268 666 2333 Quod
720 2266 1171 2337 inffallibilitatem
1229 2267 1409 2317 meriti
1468 2267 1680 2328 attinet,
1735 2282 1799 2314 ea
1853 2262 2060 2333 pendet
2107 2281 2138 2313 a

262 2359 622 2428 promissione
654 2358 862 2410 divina.
916 2359 1034 2408 Iam
1069 2375 1198 2408 vero
1243 2375 1405 2407 omne
1449 2356 1705 2406 meritum
1750 2353 1817 2404 de
1860 2352 2136 2419 condigno

261 2457 483 2517 propter
534 2447 855 2498 adiunctam
913 2448 1336 2515 promissionem
1392 2446 1643 2496 divinam
1698 2442 1991 2495 infallibile
2039 2451 2136 2505 est,

262 2540 518 2589 meritum
563 2555 690 2588 vero
742 2537 804 2587 cle
846 2554 1072 2605 congruo
1127 2535 1280 2586 aliud
1331 2532 1646 2605 infallibile,
1697 2532 1848 2585 aliud
1889 2530 2138 2603 fallibile

263 2638 357 2694 est,
414 2635 575 2696 prout
630 2628 678 2678 ei
732 2628 998 2679 adiuneta
1054 2634 1135 2677 est
1176 2625 1265 2676 vel
1318 2644 1425 2676 non
1469 2632 1550 2675 est
1590 2624 1880 2692 promissio
1926 2622 2135 2676 divina.

263 2717 354 2767 Sic
395 2725 652 2785 peeeator
693 2735 793 2785 per
834 2714 1084 2766 ultimam
1118 2715 1538 2783 dispositionem
1577 2712 1648 2764 ad
1674 2714 1911 2780 gratiam
1941 2713 2137 2763 saneti-

263 2807 519 2857 fieantem
564 2805 708 2857 hane
750 2805 817 2856 de
859 2822 1101 2871 congruo
1146 2802 1426 2855 infallibili
1477 2811 1731 2869 meretur,
1786 2821 1897 2854 non
1952 2810 2138 2853 autem

201 2944 205 2947 .
262 2914 360 2964 per
401 2895 817 2963 dispositionem
861 2902 1144 2967 remotam,

413 2984 464 3036 d.
507 2984 742 3035 Ratione
785 2984 932 3052 boni,
987 2983 1135 3053 quod
1177 2985 1233 3034 in
1276 2984 1456 3052 patria
1497 2982 1836 3051 rependitur,
1887 2983 1944 3032 in
1985 2998 2138 3050 prae·

266 3076 437 3126 mium
481 3072 758 3124 essentiale
801 3093 894 3125 seu
939 3073 1319 3140 substantiale,
1364 3073 1511 3142 quod
1567 3074 1812 3124 eontinet
1864 3089 1919 3123 α.
1962 3072 2135 3121 vitam

264 3174 540 3215 aeternam
587 3181 682 3213 seu
725 3165 995 3214 visionem
1041 3163 1356 3215 beatificam
1399 3164 1736 3228 universim,
1782 3163 1832 3233 β.
1875 3178 2132 3229 augmen

263 3261 380 3303 tum
423 3252 629 3320 gloriae
661 3270 754 3302 seu
784 3255 1017 3304 maiores
1045 3253 1250 3321 gradus
1280 3253 1509 3303 visionis
1539 3251 1854 3317 beatificae3
1883 3258 1952 3302 et
1984 3267 2137 3319 prae-

267 3344 435 3392 mium
481 3341 824 3408 aecidentale,
869 3342 1013 3410 quod
1046 3343 1291 3393 eontinet
1321 3343 1505 3393 omnia
1534 3341 1695 3409 bona,
1739 3359 1880 3411 quae
1920 3347 2139 3409 praeter

421 3505 456 3561 ¹)
490 3507 555 3549 Cf.
591 3505 777 3549 Summa
811 3505 846 3548 Ι.
881 3505 941 3548 ΙΙ,
976 3519 1015 3560 q.
1051 3506 1150 3548 114.
1185 3520 1222 3548 a.
1258 3506 1297 3548 3.
1333 3506 1391 3549 ad
1424 3504 1465 3548 3.
