2269 3898
868 132 934 175 De
967 132 1264 187 sponsalibus.
1955 135 2009 176 151

139 279 229 308 non
263 265 415 320 habet,
447 265 536 308 nisi
570 270 623 308 ut
656 279 735 320 pro
769 264 1035 308 educatione
1068 265 1207 321 prolis
1239 267 1358 309 forte
1402 270 1637 321 susceptae
1685 266 1858 319 solvat,
1906 263 2011 320 quia

134 339 298 382 scienti
332 343 377 383 et
417 338 590 382 volenti
622 352 711 381 non
745 339 801 380 fit
834 337 1017 381 iniuria.
1081 383 1085 385 ‚

286 413 335 466 3.
392 412 613 464 Publica
667 413 924 476 honestas,
981 430 1121 481 quae
1176 421 1256 463 est
1302 411 1491 463 relatio
1543 413 2011 486 quasi-'affinitatis

134 509 256 552 orta
298 503 440 552 inter
479 500 796 552 alterutram
839 508 1052 568 partem
1094 518 1419 569 sponsorum
1470 509 1522 552 et
1572 503 2011 569 consanguineos

133 589 362 640 alterius
427 592 599 659 partis
678 596 730 639 et
806 590 1144 640 constituens
1220 589 1681 657 impedimentum
1750 591 2011 642 dirimens

142 678 402 746 publicae
443 678 758 729 honestatis.

296 769 347 819 4.
399 768 830 836 Impedimentum
881 766 1197 836 impediens,
1254 768 1548 835 quominus
1602 770 2012 819 matrimonium

132 857 285 908 licite
327 875 452 907 cum
493 857 653 907 tertia
693 873 926 924 persona
968 857 1094 906 iniri
1138 857 1324 925 possit.

286 1019 377 1073 52.
449 1017 539 1071 Ad
594 1018 738 1084 quid
793 1019 1067 1085 obligent
1131 1020 1435 1086 sponsalia
1496 1023 1604 1074 sub
1665 1022 2016 1077 condicione

141 1110 317 1162 inita.
376 1128 425 1160 α.
469 1107 759 1177 Sponsalia
801 1109 938 1160 inita
980 1108 1070 1160 sub
1110 1110 1411 1161 condicione
1436 1111 1692 1180 possibili
1726 1121 1774 1162 et
1804 1114 2016 1164 honesta

134 1201 203 1261 (e.
231 1216 282 1266 g.
320 1199 365 1248 si
406 1196 509 1248 hoc
550 1215 752 1248 munus
793 1198 1080 1267 accepero)
1123 1198 1371 1267 obligant
1412 1199 1511 1251 sub
1553 1202 1715 1268 gravi
1757 1221 1827 1252 ex
1869 1204 2012 1253 iusti-

139 1288 216 1338 tia
256 1287 327 1338 ad
369 1285 776 1355 expectandum
822 1287 1166 1338 condicionis
1208 1296 1499 1354 eventum3
1555 1289 1782 1358 impleta
1833 1300 2011 1342 autem

136 1375 468 1427 condicione
510 1375 716 1445 absque
759 1375 864 1427 alio
909 1386 1508 1429 consensutranseunt
1559 1379 1615 1430 in
1669 1377 1919 1431 absoluta
1963 1390 2013 1431 et

140 1473 448 1516 ceterorum
477 1465 816 1534 sponsalium
845 1464 1209 1532 obligationes
1238 1468 1477 1535 pariunt,
1505 1467 1801 1519 dummodo
1825 1478 2017 1520 neutra

141 1573 267 1623 pars
312 1571 641 1604 consensum
682 1555 902 1605 interim
943 1557 1304 1606 revocaverit.

291 1641 498 1684 invalida
532 1647 637 1684 sunt
668 1642 911 1697 sponsalia,
945 1656 1058 1697 quae
1081 1647 1188 1686 ante
1214 1643 1489 1687 condicionis
1515 1648 1727 1687 eventum
1755 1659 1854 1688 cum
1880 1646 2018 1688 tertia

140 1729 330 1771 persona
365 1716 712 1771 contrahuntur,
747 1716 853 1770 quia
886 1722 995 1759 sunt
1030 1722 1191 1760 contra
1222 1717 1293 1760 ius
1326 1717 1516 1761 alterius
1549 1719 1718 1773 partis:
1753 1724 1801 1762 at
1834 1720 2023 1775 impedi—

139 1796 348 1833 mentum
382 1790 589 1845 publieae
622 1791 877 1833 honestatis
911 1791 1140 1845 sponsalia
1163 1792 1478 1836 condicionata
1501 1807 1590 1836 non
1609 1794 1878 1848 producunt,
1913 1795 2021 1848 quia

137 1878 229 1908 non
265 1870 372 1907 sunt
406 1867 607 1920 perfecta
642 1864 883 1920 sponsalia.

295 1940 337 1991 b.
397 1938 687 2008 Sponsalia
740 1941 878 1990 inita
930 1939 1021 1990 sub
1064 1941 1367 1991 condicione
1408 1942 1729 2010 impossibili
1776 1951 1901 1995 sunt
1943 1946 2019 1995 in-

145 2027 349 2094 valida,
393 2029 496 2079 nisi
540 2027 804 2098 probetur
847 2027 1231 2080 condicionem
1274 2030 1391 2081 ioco
1434 2033 1742 2100 appositam
1782 2040 1834 2083 et
1862 2051 2017 2102 spon-

144 2117 279 2169 salia
321 2119 458 2168 serio
503 2117 866 2169 inita-fuisse.

295 2227 331 2257 e.
376 2205 663 2275 Sponsalia
705 2196 842 2257 inita
883 2205 974 2257 sub
1017 2207 1323 2258 condicione
1366 2211 1511 2278 turffl'
1558 2217 1685 2261 ante
1738 2210 2019 2280 impletam

147 2295 532 2347 condicionem
576 2294 825 2347 invalida
868 2304 1009 2362 sunt,
1055 2296 1177 2347 ideo
1213 2315 1323 2348 non
1350 2297 1599 2366 obligant
1627 2299 1698 2351 ad
1729 2309 2019 2370 expectan-

141 2385 276 2436 dum
308 2386 652 2436 condicionis
682 2394 976 2451 eventum3
1020 2385 1247 2455 impleta
1282 2395 1466 2438 autem
1495 2388 1823 2440 condicione
1853 2398 2020 2440 trans-

140 2482 277 2525 eunt
330 2475 387 2525 in
440 2473 692 2526 absoluta
746 2483 798 2526 et
850 2476 1074 2544 pariunt
1131 2474 1526 2543 obligationem
1569 2478 1798 2529 ineundi
1841 2481 2022 2530 matri-

147 2564 412 2627 monium,
472 2565 576 2614 nisi
618 2563 873 2615 condicio
918 2563 1242 2616 adversetur
1283 2563 1624 2617 substantiae
1667 2569 2019 2619 matrimonii.

268 2666 503 2721 Sponsalia
537 2667 619 2710 sub
653 2668 915 2712 condicione
949 2668 1068 2711 inita
1100 2668 1279 2725 sipapa
1304 2668 1638 2724 dispensaverit
1655 2684 1708 2714 ex
1732 2685 1867 2725 supra
1891 2671 2028 2725 dictisv

143 2748 188 2783 ³cz.
224 2745 330 2783 sunt
365 2740 519 2784 valida
552 2743 794 2797 sponsalia,
827 2756 881 2786 ex
915 2743 1079 2798 quibus
1111 2743 1257 2786 oritur
1290 2743 1510 2798 obligatio
1555 2745 1825 2799 procurandi
1867 2752 1913 2789 et
1957 2759 2027 2790 ex-

150 2814 362 2870 pectandi
398 2815 782 2870 dispensationem
817 2830 1021 2872 eamque,
1054 2818 1092 2860 si
1126 2817 1400 2873 conceditur,
1434 2819 1712 2874 acceptandi.

302 2891 338 2938 ,3.
374 2889 472 2932 Xon
503 2889 603 2944 ipsa
638 2890 990 2946 dispensatione,
1024 2894 1101 2935 sed
1146 2892 1499 2947 dispensationis
1544 2894 1855 2948 acceptatione
1900 2908 2024 2949 spon-

146 2963 264 3007 salia
299 2963 614 3007 condicionata
656 2966 776 3008 fiunt
819 2965 1052 3020 absoluta3
1095 2966 1374 3021 dispensat-io
1420 2971 1574 3010 autem
1619 2967 1809 3011 simulac
1852 2969 2027 3024 sponsis

148 3038 524 3089 communicatur,
558 3039 697 3082 etiam
732 3040 956 3094 acceptari
999 3045 1222 3095 censet-ur,
1269 3041 1359 3083 nisi
1412 3054 1620 3096 expresse
1666 3042 1900 3086 reiiciatur
1946 3049 2025 3087 aut

151 3125 391 3155 consensus
426 3112 722 3167 sponsalitius
754 3114 941 3157 interim
975 3119 1212 3158 revocatus
1245 3115 1400 3158 fuerit.

301 3202 341 3238 γ.
379 3186 495 3240 Quia
528 3192 682 3231 tamen
716 3188 960 3244 sententia,
994 3189 1040 3232 vi
1074 3190 1200 3232 cuius
1234 3190 1346 3233 haec
1392 3190 1621 3245 sponsalia
1668 3192 1872 3236 invalida
1921 3202 2025 3235 sunt

150 3261 421 3316 nullamque
455 3261 780 3317 obligationem
816 3263 1019 3318 pariunt,
1053 3269 1240 3307 externa
1263 3265 1424 3307 saltem
1449 3265 1773 3319 probabilitate
1795 3280 1883 3310 non
1907 3274 2027 3309 caret

146 3342 198 3377 'et
232 3335 287 3378 ab
319 3335 418 3390 ipso
450 3350 485 3378 s.
521 3336 749 3392 Alphonso
788 3338 848 3390 (n.
881 3338 983 3392 843)
1015 3338 1261 3393 probabilis
1293 3338 1499 3394 habetur,
1532 3353 1621 3384 non
1654 3346 1805 3396 posset
1838 3341 1936 3395 cogi
1970 3341 2026 3384 ad

152 3408 400 3452 ineundum
422 3410 781 3466 matrimonium,
805 3411 880 3466 qui
905 3417 1008 3466 post
1029 3412 1261 3455 obtentam
1283 3412 1665 3468 dispensationem
1685 3414 2025 3458 matrimonium

145 3482 269 3526 inire
301 3488 488 3527 recuset.
