<?xml version="1.0" encoding="UTF-8"?>
<!DOCTYPE html PUBLIC "-//W3C//DTD XHTML 1.0 Transitional//EN"
    "http://www.w3.org/TR/xhtml1/DTD/xhtml1-transitional.dtd">
<html xmlns="http://www.w3.org/1999/xhtml" xml:lang="en" lang="en">
 <head>
  <title>
</title>
<meta http-equiv="Content-Type" content="text/html;charset=utf-8" />
  <meta name='ocr-system' content='tesseract 3.04.00' />
  <meta name='ocr-capabilities' content='ocr_page ocr_carea ocr_par ocr_line ocrx_word'/>
</head>
<body>
  <div class='ocr_page' id='page_1' title='image "./summatheologiaem00nold_0554.png"; bbox 0 0 2269 3898; ppageno 0'>
   <div class='ocr_carea' id='block_1_1' title="bbox 271 113 1409 164">
    <p class='ocr_par' dir='ltr' id='par_1_1' title="bbox 271 113 1409 164">
     <span class='ocr_line' id='line_1_1' title="bbox 271 113 1409 164; baseline -0.006 -2"><span class='ocrx_word' id='word_1_1' title='bbox 271 122 353 164; x_wconf 65' lang='lat'>186</span> <span class='ocrx_word' id='word_1_2' title='bbox 1005 115 1071 158; x_wconf 86' lang='lat' dir='ltr'>De</span> <span class='ocrx_word' id='word_1_3' title='bbox 1103 113 1409 157; x_wconf 86' lang='lat' dir='ltr'>matrimonio.</span> 
     </span>
    </p>
   </div>
   <div class='ocr_carea' id='block_1_2' title="bbox 266 245 2151 1109">
    <p class='ocr_par' dir='ltr' id='par_1_2' title="bbox 266 245 2151 1109">
     <span class='ocr_line' id='line_1_2' title="bbox 271 245 2139 317; baseline -0.003 -12"><span class='ocrx_word' id='word_1_4' title='bbox 271 253 456 305; x_wconf 90' lang='lat' dir='ltr'>cilium</span> <span class='ocrx_word' id='word_1_5' title='bbox 493 252 855 303; x_wconf 87' lang='lat' dir='ltr'>tridentinum</span> <span class='ocrx_word' id='word_1_6' title='bbox 895 259 1084 300; x_wconf 88' lang='lat' dir='ltr'>eontra</span> <span class='ocrx_word' id='word_1_7' title='bbox 1126 246 1502 314; x_wconf 76' lang='lat' dir='ltr'>haereticosl),</span> <span class='ocrx_word' id='word_1_8' title='bbox 1546 248 1640 317; x_wconf 91' lang='lat' dir='ltr'>qui</span> <span class='ocrx_word' id='word_1_9' title='bbox 1681 245 1873 298; x_wconf 81' lang='lat' dir='ltr'><strong>faciles</strong></span> <span class='ocrx_word' id='word_1_10' title='bbox 1915 248 2139 317; x_wconf 87' lang='lat' dir='ltr'>quidem</span> 
     </span>
     <span class='ocr_line' id='line_1_3' title="bbox 270 334 2142 407; baseline -0.004 -13"><span class='ocrx_word' id='word_1_11' title='bbox 270 351 396 394; x_wconf 92' lang='lat' dir='ltr'>sunt</span> <span class='ocrx_word' id='word_1_12' title='bbox 424 343 479 392; x_wconf 92' lang='lat' dir='ltr'>in</span> <span class='ocrx_word' id='word_1_13' title='bbox 508 339 788 392; x_wconf 85' lang='lat' dir='ltr'>solvendis</span> <span class='ocrx_word' id='word_1_14' title='bbox 816 339 1090 407; x_wconf 83' lang='lat' dir='ltr'>coniugiis</span> <span class='ocrx_word' id='word_1_15' title='bbox 1121 336 1302 406; x_wconf 89' lang='lat' dir='ltr'>quoad</span> <span class='ocrx_word' id='word_1_16' title='bbox 1330 335 1636 400; x_wconf 86' lang='lat' dir='ltr'>vinculum,</span> <span class='ocrx_word' id='word_1_17' title='bbox 1677 334 1930 387; x_wconf 86' lang='lat' dir='ltr'>difficiles</span> <span class='ocrx_word' id='word_1_18' title='bbox 1957 342 2142 387; x_wconf 90' lang='lat' dir='ltr'>autem</span> 
     </span>
     <span class='ocr_line' id='line_1_4' title="bbox 270 426 2144 497; baseline -0.004 -15"><span class='ocrx_word' id='word_1_19' title='bbox 270 434 324 482; x_wconf 88' lang='lat' dir='ltr'>in</span> <span class='ocrx_word' id='word_1_20' title='bbox 366 432 432 482; x_wconf 90' lang='lat' dir='ltr'>iis</span> <span class='ocrx_word' id='word_1_21' title='bbox 475 430 755 481; x_wconf 88' lang='lat' dir='ltr'>solvendis</span> <span class='ocrx_word' id='word_1_22' title='bbox 797 427 980 497; x_wconf 89' lang='lat' dir='ltr'>quoad</span> <span class='ocrx_word' id='word_1_23' title='bbox 1023 426 1509 493; x_wconf 78' lang='lat' dir='ltr'>cohabitationem,</span> <span class='ocrx_word' id='word_1_24' title='bbox 1553 427 1759 496; x_wconf 79' lang='lat' dir='ltr'>quippe</span> <span class='ocrx_word' id='word_1_25' title='bbox 1789 426 1882 495; x_wconf 91' lang='lat' dir='ltr'>qui</span> <span class='ocrx_word' id='word_1_26' title='bbox 1919 426 2144 476; x_wconf 89' lang='lat' dir='ltr'>unicam</span> 
     </span>
     <span class='ocr_line' id='line_1_5' title="bbox 268 515 2143 581; baseline -0.002 -10"><span class='ocrx_word' id='word_1_27' title='bbox 268 519 523 571; x_wconf 86' lang='lat' dir='ltr'>adulterii</span> <span class='ocrx_word' id='word_1_28' title='bbox 586 536 810 570; x_wconf 88' lang='lat' dir='ltr'>causam</span> <span class='ocrx_word' id='word_1_29' title='bbox 877 526 937 568; x_wconf 89' lang='lat' dir='ltr'>ut</span> <span class='ocrx_word' id='word_1_30' title='bbox 998 518 1198 568; x_wconf 88' lang='lat' dir='ltr'>iustam</span> <span class='ocrx_word' id='word_1_31' title='bbox 1261 515 1485 567; x_wconf 82' lang='lat' dir='ltr'>divortii</span> <span class='ocrx_word' id='word_1_32' title='bbox 1547 534 1771 581; x_wconf 88' lang='lat' dir='ltr'>causam</span> <span class='ocrx_word' id='word_1_33' title='bbox 1830 515 2143 567; x_wconf 84' lang='lat' dir='ltr'>admittant.</span> 
     </span>
     <span class='ocr_line' id='line_1_6' title="bbox 271 603 2145 677; baseline -0.003 -16"><span class='ocrx_word' id='word_1_34' title='bbox 271 608 590 674; x_wconf 76' lang='lat' dir='ltr'>Causarum,</span> <span class='ocrx_word' id='word_1_35' title='bbox 648 615 870 677; x_wconf 87' lang='lat' dir='ltr'>propter</span> <span class='ocrx_word' id='word_1_36' title='bbox 919 625 1056 676; x_wconf 86' lang='lat' dir='ltr'>quas</span> <span class='ocrx_word' id='word_1_37' title='bbox 1099 606 1401 658; x_wconf 85' lang='lat' dir='ltr'>divortium</span> <span class='ocrx_word' id='word_1_38' title='bbox 1455 606 1572 657; x_wconf 91' lang='lat' dir='ltr'>fieri</span> <span class='ocrx_word' id='word_1_39' title='bbox 1627 613 1821 674; x_wconf 88' lang='lat' dir='ltr'>potest,</span> <span class='ocrx_word' id='word_1_40' title='bbox 1881 603 2021 656; x_wconf 90' lang='lat' dir='ltr'>aliae</span> <span class='ocrx_word' id='word_1_41' title='bbox 2073 603 2145 655; x_wconf 88' lang='lat' dir='ltr'>ad</span> 
     </span>
     <span class='ocr_line' id='line_1_7' title="bbox 268 695 2144 768; baseline -0.002 -19"><span class='ocrx_word' id='word_1_42' title='bbox 268 706 615 768; x_wconf 65' lang='lat' dir='ltr'>perpetuam7</span> <span class='ocrx_word' id='word_1_43' title='bbox 678 696 819 748; x_wconf 84' lang='lat' dir='ltr'>aliae</span> <span class='ocrx_word' id='word_1_44' title='bbox 883 696 1058 748; x_wconf 89' lang='lat' dir='ltr'>solum</span> <span class='ocrx_word' id='word_1_45' title='bbox 1123 696 1194 747; x_wconf 91' lang='lat' dir='ltr'>ad</span> <span class='ocrx_word' id='word_1_46' title='bbox 1259 704 1674 764; x_wconf 78' lang='lat' dir='ltr'>temporaneam</span> <span class='ocrx_word' id='word_1_47' title='bbox 1741 695 2144 764; x_wconf 84' lang='lat' dir='ltr'>separationem</span> 
     </span>
     <span class='ocr_line' id='line_1_8' title="bbox 267 784 2147 856; baseline -0.003 -17"><span class='ocrx_word' id='word_1_48' title='bbox 267 788 564 840; x_wconf 86' lang='lat' dir='ltr'>sufficiunt.</span> <span class='ocrx_word' id='word_1_49' title='bbox 627 786 839 839; x_wconf 84' lang='lat' dir='ltr'>Causae</span> <span class='ocrx_word' id='word_1_50' title='bbox 875 796 1166 856; x_wconf 74' lang='lat' dir='ltr'>perpetuae</span> <span class='ocrx_word' id='word_1_51' title='bbox 1208 785 1575 855; x_wconf 81' lang='lat' dir='ltr'>separationis</span> <span class='ocrx_word' id='word_1_52' title='bbox 1610 792 1764 836; x_wconf 89' lang='lat' dir='ltr'>sunt:</span> <span class='ocrx_word' id='word_1_53' title='bbox 1809 784 2147 847; x_wconf 69' lang='lat' dir='ltr'>adulterium,</span> 
     </span>
     <span class='ocr_line' id='line_1_9' title="bbox 267 878 2145 944; baseline -0.003 -16"><span class='ocrx_word' id='word_1_54' title='bbox 267 878 499 928; x_wconf 71' lang='lat' dir='ltr'>haeresis</span> <span class='ocrx_word' id='word_1_55' title='bbox 541 885 592 928; x_wconf 88' lang='lat' dir='ltr'>et</span> <span class='ocrx_word' id='word_1_56' title='bbox 634 885 838 927; x_wconf 71' lang='lat' dir='ltr'>mutuus</span> <span class='ocrx_word' id='word_1_57' title='bbox 879 894 1194 938; x_wconf 72' lang='lat' dir='ltr'>consensu33</span> <span class='ocrx_word' id='word_1_58' title='bbox 1248 892 1448 926; x_wconf 83' lang='lat' dir='ltr'>causae</span> <span class='ocrx_word' id='word_1_59' title='bbox 1496 885 1883 944; x_wconf 84' lang='lat' dir='ltr'>temporaneae</span> <span class='ocrx_word' id='word_1_60' title='bbox 1933 891 2145 942; x_wconf 88' lang='lat' dir='ltr'>separa-</span> 
     </span>
     <span class='ocr_line' id='line_1_10' title="bbox 266 962 2151 1036; baseline -0.002 -20"><span class='ocrx_word' id='word_1_61' title='bbox 266 967 430 1017; x_wconf 80' lang='lat' dir='ltr'>tionis</span> <span class='ocrx_word' id='word_1_62' title='bbox 472 974 624 1017; x_wconf 90' lang='lat' dir='ltr'>sunt:</span> <span class='ocrx_word' id='word_1_63' title='bbox 659 965 956 1036; x_wconf 65' lang='lat' dir='ltr'>periculum,</span> <span class='ocrx_word' id='word_1_64' title='bbox 987 967 1213 1030; x_wconf 74' lang='lat' dir='ltr'>animae,</span> <span class='ocrx_word' id='word_1_65' title='bbox 1253 962 1548 1034; x_wconf 72' lang='lat' dir='ltr'>periculum</span> <span class='ocrx_word' id='word_1_66' title='bbox 1574 964 1810 1033; x_wconf 74' lang='lat' dir='ltr'>corporis</span> <span class='ocrx_word' id='word_1_67' title='bbox 1847 971 1900 1014; x_wconf 93' lang='lat' dir='ltr'>et</span> <span class='ocrx_word' id='word_1_68' title='bbox 1926 962 2151 1014; x_wconf 74' lang='lat' dir='ltr'>molesta</span> 
     </span>
     <span class='ocr_line' id='line_1_11' title="bbox 267 1045 597 1109; baseline 0.006 -3"><span class='ocrx_word' id='word_1_69' title='bbox 267 1045 597 1109; x_wconf 68' lang='lat' dir='ltr'>cohabitatio.</span> 
     </span>
    </p>
   </div>
   <div class='ocr_carea' id='block_1_3' title="bbox 266 1216 2151 1647">
    <p class='ocr_par' dir='ltr' id='par_1_3' title="bbox 266 1216 2151 1647">
     <span class='ocr_line' id='line_1_12' title="bbox 413 1216 2145 1287; baseline -0.003 -14"><span class='ocrx_word' id='word_1_70' title='bbox 413 1219 543 1273; x_wconf 73' lang='grc'><strong>173.</strong></span> <span class='ocrx_word' id='word_1_71' title='bbox 589 1218 988 1274; x_wconf 67' lang='lat' dir='ltr'>Adulterium</span> <span class='ocrx_word' id='word_1_72' title='bbox 1071 1220 1120 1270; x_wconf 81' lang='lat'>1.</span> <span class='ocrx_word' id='word_1_73' title='bbox 1164 1219 1396 1287; x_wconf 82' lang='lat' dir='ltr'>Propter</span> <span class='ocrx_word' id='word_1_74' title='bbox 1438 1216 1774 1269; x_wconf 83' lang='lat' dir='ltr'>adulterium</span> <span class='ocrx_word' id='word_1_75' title='bbox 1816 1218 1980 1268; x_wconf 88' lang='lat' dir='ltr'>unius</span> <span class='ocrx_word' id='word_1_76' title='bbox 2023 1235 2145 1269; x_wconf 92' lang='lat' dir='ltr'>con·</span> 
     </span>
     <span class='ocr_line' id='line_1_13' title="bbox 268 1306 2148 1379; baseline -0.001 -19"><span class='ocrx_word' id='word_1_77' title='bbox 268 1310 410 1379; x_wconf 75' lang='lat' dir='ltr'>iugis</span> <span class='ocrx_word' id='word_1_78' title='bbox 466 1309 582 1359; x_wconf 86' lang='lat' dir='ltr'>fieri</span> <span class='ocrx_word' id='word_1_79' title='bbox 639 1327 797 1378; x_wconf 91' lang='lat' dir='ltr'>posse</span> <span class='ocrx_word' id='word_1_80' title='bbox 856 1307 1179 1374; x_wconf 75' lang='lat' dir='ltr'>divortium,</span> <span class='ocrx_word' id='word_1_81' title='bbox 1230 1316 1347 1358; x_wconf 87' lang='lat' dir='ltr'>tum</span> <span class='ocrx_word' id='word_1_82' title='bbox 1391 1308 1509 1358; x_wconf 91' lang='lat' dir='ltr'>iure</span> <span class='ocrx_word' id='word_1_83' title='bbox 1553 1306 1815 1374; x_wconf 78' lang='lat' dir='ltr'>divin02)‚</span> <span class='ocrx_word' id='word_1_84' title='bbox 1870 1315 1987 1358; x_wconf 90' lang='lat' dir='ltr'>tum</span> <span class='ocrx_word' id='word_1_85' title='bbox 2029 1308 2148 1359; x_wconf 91' lang='lat' dir='ltr'>iure</span> 
     </span>
     <span class='ocr_line' id='line_1_14' title="bbox 267 1396 2142 1466; baseline -0.001 -16"><span class='ocrx_word' id='word_1_86' title='bbox 267 1399 690 1465; x_wconf 83' lang='lat' dir='ltr'>ecclesiastieo3)</span> <span class='ocrx_word' id='word_1_87' title='bbox 749 1407 959 1449; x_wconf 85' lang='lat' dir='ltr'>certum</span> <span class='ocrx_word' id='word_1_88' title='bbox 1015 1406 1110 1449; x_wconf 85' lang='lat' dir='ltr'>est.</span> <span class='ocrx_word' id='word_1_89' title='bbox 1207 1397 1297 1448; x_wconf 81' lang='lat' dir='ltr'>Ex</span> <span class='ocrx_word' id='word_1_90' title='bbox 1351 1396 1630 1466; x_wconf 86' lang='lat' dir='ltr'>probabili</span> <span class='ocrx_word' id='word_1_91' title='bbox 1687 1397 1974 1449; x_wconf 85' lang='lat' dir='ltr'>doctorum</span> <span class='ocrx_word' id='word_1_92' title='bbox 2031 1415 2142 1448; x_wconf 90' lang='lat' dir='ltr'>sen-</span> 
     </span>
     <span class='ocr_line' id='line_1_15' title="bbox 266 1485 2151 1557; baseline -0.001 -18"><span class='ocrx_word' id='word_1_93' title='bbox 266 1489 438 1540; x_wconf 87' lang='lat' dir='ltr'>tentia</span> <span class='ocrx_word' id='word_1_94' title='bbox 490 1488 561 1539; x_wconf 92' lang='lat' dir='ltr'>ad</span> <span class='ocrx_word' id='word_1_95' title='bbox 604 1489 906 1540; x_wconf 77' lang='lat' dir='ltr'>divortium</span> <span class='ocrx_word' id='word_1_96' title='bbox 966 1487 1372 1539; x_wconf 88' lang='lat' dir='ltr'>instituendum</span> <span class='ocrx_word' id='word_1_97' title='bbox 1416 1487 1620 1539; x_wconf 88' lang='lat' dir='ltr'>suffieit</span> <span class='ocrx_word' id='word_1_98' title='bbox 1661 1485 1894 1557; x_wconf 86' lang='lat' dir='ltr'>quilibet</span> <span class='ocrx_word' id='word_1_99' title='bbox 1933 1486 2151 1539; x_wconf 91' lang='lat' dir='ltr'>alienus</span> 
     </span>
     <span class='ocr_line' id='line_1_16' title="bbox 269 1575 2147 1647; baseline 0.001 -19"><span class='ocrx_word' id='word_1_100' title='bbox 269 1576 596 1629; x_wconf 86' lang='lat' dir='ltr'>concubitus</span> <span class='ocrx_word' id='word_1_101' title='bbox 624 1579 790 1629; x_wconf 80' lang='lat' dir='ltr'>etiam</span> <span class='ocrx_word' id='word_1_102' title='bbox 820 1577 927 1643; x_wconf 76' lang='lat' dir='ltr'>ille,</span> <span class='ocrx_word' id='word_1_103' title='bbox 953 1578 1046 1647; x_wconf 88' lang='lat' dir='ltr'>qui</span> <span class='ocrx_word' id='word_1_104' title='bbox 1073 1578 1133 1628; x_wconf 90' lang='lat' dir='ltr'>fit</span> <span class='ocrx_word' id='word_1_105' title='bbox 1158 1596 1258 1647; x_wconf 91' lang='lat' dir='ltr'>per</span> <span class='ocrx_word' id='word_1_106' title='bbox 1284 1577 1590 1629; x_wconf 88' lang='lat' dir='ltr'>sodomiam</span> <span class='ocrx_word' id='word_1_107' title='bbox 1621 1576 1707 1628; x_wconf 82' lang='lat' dir='ltr'>vel</span> <span class='ocrx_word' id='word_1_108' title='bbox 1737 1575 2147 1629; x_wconf 87' lang='lat' dir='ltr'>bestialitatem.</span> 
     </span>
    </p>
   </div>
   <div class='ocr_carea' id='block_1_4' title="bbox 266 1681 2152 3190">
    <p class='ocr_par' dir='ltr' id='par_1_4' title="bbox 270 1681 2146 1841">
     <span class='ocr_line' id='line_1_17' title="bbox 420 1681 2146 1751; baseline -0.001 -17"><span class='ocrx_word' id='word_1_109' title='bbox 420 1683 469 1734; x_wconf 75' lang='grc'>2.</span> <span class='ocrx_word' id='word_1_110' title='bbox 513 1682 635 1733; x_wconf 90' lang='lat' dir='ltr'>Hae</span> <span class='ocrx_word' id='word_1_111' title='bbox 677 1683 1008 1733; x_wconf 73' lang='lat' dir='ltr'>condiciones</span> <span class='ocrx_word' id='word_1_112' title='bbox 1057 1683 1430 1751; x_wconf 51' lang='lat' dir='ltr'>requiruntmy</span> <span class='ocrx_word' id='word_1_113' title='bbox 1487 1689 1545 1733; x_wconf 89' lang='lat' dir='ltr'>ut</span> <span class='ocrx_word' id='word_1_114' title='bbox 1586 1681 1920 1734; x_wconf 76' lang='lat' dir='ltr'>adulterium</span> <span class='ocrx_word' id='word_1_115' title='bbox 1962 1682 2033 1733; x_wconf 82' lang='lat' dir='ltr'>sit</span> <span class='ocrx_word' id='word_1_116' title='bbox 2072 1700 2146 1733; x_wconf 90' lang='lat' dir='ltr'>se·</span> 
     </span>
     <span class='ocr_line' id='line_1_18' title="bbox 270 1774 991 1841; baseline 0 -17"><span class='ocrx_word' id='word_1_117' title='bbox 270 1774 571 1841; x_wconf 84' lang='lat' dir='ltr'>parationis</span> <span class='ocrx_word' id='word_1_118' title='bbox 614 1790 779 1823; x_wconf 81' lang='lat' dir='ltr'>causa</span> <span class='ocrx_word' id='word_1_119' title='bbox 820 1774 991 1824; x_wconf 82' lang='lat' dir='ltr'>iusta:</span> 
     </span>
    </p>

    <p class='ocr_par' dir='ltr' id='par_1_5' title="bbox 267 1860 2152 2381">
     <span class='ocr_line' id='line_1_19' title="bbox 421 1860 2150 1931; baseline -0.001 -18"><span class='ocrx_word' id='word_1_120' title='bbox 421 1883 468 1916; x_wconf 80' lang='grc' dir='ltr'>α.</span> <span class='ocrx_word' id='word_1_121' title='bbox 519 1862 586 1914; x_wconf 74' lang='lat' dir='ltr'>Ut</span> <span class='ocrx_word' id='word_1_122' title='bbox 629 1864 697 1913; x_wconf 75' lang='lat' dir='ltr'>sit</span> <span class='ocrx_word' id='word_1_123' title='bbox 738 1860 1010 1913; x_wconf 73' lang='lat' dir='ltr'>moraliter</span> <span class='ocrx_word' id='word_1_124' title='bbox 1052 1870 1276 1913; x_wconf 78' lang='lat' dir='ltr'>certum:</span> <span class='ocrx_word' id='word_1_125' title='bbox 1331 1862 1385 1912; x_wconf 89' lang='lat' dir='ltr'>in</span> <span class='ocrx_word' id='word_1_126' title='bbox 1431 1861 1599 1913; x_wconf 88' lang='lat' dir='ltr'>dubio</span> <span class='ocrx_word' id='word_1_127' title='bbox 1645 1862 1791 1912; x_wconf 90' lang='lat' dir='ltr'>enim</span> <span class='ocrx_word' id='word_1_128' title='bbox 1834 1879 1994 1912; x_wconf 89' lang='lat' dir='ltr'>nemo</span> <span class='ocrx_word' id='word_1_129' title='bbox 2042 1862 2150 1931; x_wconf 89' lang='lat' dir='ltr'>pri-</span> 
     </span>
     <span class='ocr_line' id='line_1_20' title="bbox 268 1950 2152 2020; baseline 0.001 -19"><span class='ocrx_word' id='word_1_130' title='bbox 268 1952 486 2004; x_wconf 84' lang='lat' dir='ltr'>vandus</span> <span class='ocrx_word' id='word_1_131' title='bbox 517 1961 597 2003; x_wconf 88' lang='lat' dir='ltr'>est</span> <span class='ocrx_word' id='word_1_132' title='bbox 625 1953 743 2003; x_wconf 90' lang='lat' dir='ltr'>iure</span> <span class='ocrx_word' id='word_1_133' title='bbox 770 1969 900 2016; x_wconf 77' lang='lat' dir='ltr'>suo3</span> <span class='ocrx_word' id='word_1_134' title='bbox 945 1959 1188 2003; x_wconf 86' lang='lat' dir='ltr'>attamen</span> <span class='ocrx_word' id='word_1_135' title='bbox 1218 1969 1329 2003; x_wconf 90' lang='lat' dir='ltr'>non</span> <span class='ocrx_word' id='word_1_136' title='bbox 1358 1951 1672 2020; x_wconf 82' lang='lat' dir='ltr'>requiritur,</span> <span class='ocrx_word' id='word_1_137' title='bbox 1717 1960 1778 2002; x_wconf 89' lang='lat' dir='ltr'>ut</span> <span class='ocrx_word' id='word_1_138' title='bbox 1815 1950 2152 2002; x_wconf 88' lang='lat' dir='ltr'>adulterium</span> 
     </span>
     <span class='ocr_line' id='line_1_21' title="bbox 268 2040 2147 2111; baseline -0.001 -18"><span class='ocrx_word' id='word_1_139' title='bbox 268 2042 501 2094; x_wconf 83' lang='lat' dir='ltr'>iuridice</span> <span class='ocrx_word' id='word_1_140' title='bbox 542 2041 704 2111; x_wconf 90' lang='lat' dir='ltr'>plene</span> <span class='ocrx_word' id='word_1_141' title='bbox 746 2041 1038 2111; x_wconf 84' lang='lat' dir='ltr'>probatum</span> <span class='ocrx_word' id='word_1_142' title='bbox 1083 2042 1168 2108; x_wconf 78' lang='lat' dir='ltr'>sit,</span> <span class='ocrx_word' id='word_1_143' title='bbox 1213 2041 1308 2092; x_wconf 90' lang='lat' dir='ltr'>sed</span> <span class='ocrx_word' id='word_1_144' title='bbox 1352 2040 1571 2093; x_wconf 83' lang='lat' dir='ltr'>sufficit.</span> <span class='ocrx_word' id='word_1_145' title='bbox 1618 2048 1678 2092; x_wconf 91' lang='lat' dir='ltr'>ut</span> <span class='ocrx_word' id='word_1_146' title='bbox 1718 2040 2030 2093; x_wconf 87' lang='lat' dir='ltr'>habeantur</span> <span class='ocrx_word' id='word_1_147' title='bbox 2059 2059 2147 2092; x_wconf 86' lang='lat' dir='ltr'>ve-</span> 
     </span>
     <span class='ocr_line' id='line_1_22' title="bbox 267 2130 2145 2200; baseline -0.001 -18"><span class='ocrx_word' id='word_1_148' title='bbox 267 2130 716 2183; x_wconf 88' lang='lat' dir='ltr'>hementissimae</span> <span class='ocrx_word' id='word_1_149' title='bbox 783 2132 1150 2200; x_wconf 76' lang='lat' dir='ltr'>suspicioneS‚</span> <span class='ocrx_word' id='word_1_150' title='bbox 1220 2149 1362 2200; x_wconf 89' lang='lat' dir='ltr'>quae</span> <span class='ocrx_word' id='word_1_151' title='bbox 1428 2130 1690 2183; x_wconf 89' lang='lat' dir='ltr'>moralem</span> <span class='ocrx_word' id='word_1_152' title='bbox 1758 2130 2145 2182; x_wconf 81' lang='lat' dir='ltr'>certitudinem</span> 
     </span>
     <span class='ocr_line' id='line_1_23' title="bbox 268 2219 2151 2290; baseline -0.002 -17"><span class='ocrx_word' id='word_1_153' title='bbox 268 2221 588 2290; x_wconf 78' lang='lat' dir='ltr'>praebeant,</span> <span class='ocrx_word' id='word_1_154' title='bbox 644 2230 705 2273; x_wconf 88' lang='lat' dir='ltr'>ut</span> <span class='ocrx_word' id='word_1_155' title='bbox 756 2222 800 2273; x_wconf 91' lang='lat' dir='ltr'>si</span> <span class='ocrx_word' id='word_1_156' title='bbox 856 2239 996 2272; x_wconf 82' lang='lat' dir='ltr'>uxor</span> <span class='ocrx_word' id='word_1_157' title='bbox 1047 2220 1182 2273; x_wconf 88' lang='lat' dir='ltr'>alias</span> <span class='ocrx_word' id='word_1_158' title='bbox 1237 2222 1347 2272; x_wconf 89' lang='lat' dir='ltr'>iam</span> <span class='ocrx_word' id='word_1_159' title='bbox 1402 2220 1579 2272; x_wconf 89' lang='lat' dir='ltr'>malae</span> <span class='ocrx_word' id='word_1_160' title='bbox 1629 2220 1811 2273; x_wconf 88' lang='lat' dir='ltr'>famae</span> <span class='ocrx_word' id='word_1_161' title='bbox 1860 2219 1973 2271; x_wconf 90' lang='lat' dir='ltr'>sola</span> <span class='ocrx_word' id='word_1_162' title='bbox 2022 2237 2151 2271; x_wconf 88' lang='lat' dir='ltr'>cum</span> 
     </span>
     <span class='ocr_line' id='line_1_24' title="bbox 267 2310 1675 2381; baseline 0 -19"><span class='ocrx_word' id='word_1_163' title='bbox 267 2310 376 2363; x_wconf 89' lang='lat' dir='ltr'>solo</span> <span class='ocrx_word' id='word_1_164' title='bbox 420 2313 476 2363; x_wconf 93' lang='lat' dir='ltr'>in</span> <span class='ocrx_word' id='word_1_165' title='bbox 516 2311 634 2363; x_wconf 91' lang='lat' dir='ltr'>loco</span> <span class='ocrx_word' id='word_1_166' title='bbox 678 2311 748 2363; x_wconf 90' lang='lat' dir='ltr'>ad</span> <span class='ocrx_word' id='word_1_167' title='bbox 790 2310 1138 2381; x_wconf 90' lang='lat' dir='ltr'>peccandum</span> <span class='ocrx_word' id='word_1_168' title='bbox 1182 2319 1308 2381; x_wconf 90' lang='lat' dir='ltr'>apto</span> <span class='ocrx_word' id='word_1_169' title='bbox 1351 2312 1675 2381; x_wconf 87' lang='lat' dir='ltr'>reperiatur.</span> 
     </span>
    </p>

    <p class='ocr_par' dir='ltr' id='par_1_6' title="bbox 267 2400 2152 2561">
     <span class='ocr_line' id='line_1_25' title="bbox 420 2400 2152 2471; baseline -0.001 -19"><span class='ocrx_word' id='word_1_170' title='bbox 420 2402 462 2454; x_wconf 77' lang='lat'>7).</span> <span class='ocrx_word' id='word_1_171' title='bbox 515 2402 582 2453; x_wconf 70' lang='lat' dir='ltr'>Ut</span> <span class='ocrx_word' id='word_1_172' title='bbox 622 2403 690 2453; x_wconf 72' lang='lat' dir='ltr'>sit</span> <span class='ocrx_word' id='word_1_173' title='bbox 727 2401 1020 2471; x_wconf 72' lang='lat' dir='ltr'>peofectum</span> <span class='ocrx_word' id='word_1_174' title='bbox 1061 2419 1156 2452; x_wconf 89' lang='lat' dir='ltr'>seu</span> <span class='ocrx_word' id='word_1_175' title='bbox 1199 2400 1406 2452; x_wconf 84' lang='lat' dir='ltr'>carnali</span> <span class='ocrx_word' id='word_1_176' title='bbox 1452 2401 1650 2471; x_wconf 91' lang='lat' dir='ltr'>copula</span> <span class='ocrx_word' id='word_1_177' title='bbox 1687 2408 2152 2467; x_wconf 75' lang='lat' dir='ltr'>consummatum,</span> 
     </span>
     <span class='ocr_line' id='line_1_26' title="bbox 267 2491 1277 2561; baseline 0.003 -19"><span class='ocrx_word' id='word_1_178' title='bbox 267 2493 385 2542; x_wconf 85' lang='lat' dir='ltr'>sine</span> <span class='ocrx_word' id='word_1_179' title='bbox 429 2510 537 2561; x_wconf 85' lang='lat' dir='ltr'>qua</span> <span class='ocrx_word' id='word_1_180' title='bbox 579 2510 688 2543; x_wconf 89' lang='lat' dir='ltr'>non</span> <span class='ocrx_word' id='word_1_181' title='bbox 733 2491 792 2543; x_wconf 86' lang='lat' dir='ltr'>fit</span> <span class='ocrx_word' id='word_1_182' title='bbox 834 2493 1015 2544; x_wconf 84' lang='lat' dir='ltr'>earnis</span> <span class='ocrx_word' id='word_1_183' title='bbox 1059 2491 1277 2546; x_wconf 78' lang='lat' dir='ltr'>divisio,</span> 
     </span>
    </p>

    <p class='ocr_par' dir='ltr' id='par_1_7' title="bbox 266 2579 2150 2723">
     <span class='ocr_line' id='line_1_27' title="bbox 416 2579 2150 2651; baseline 0 -20"><span class='ocrx_word' id='word_1_184' title='bbox 416 2601 456 2633; x_wconf 79' lang='lat' dir='ltr'>e.</span> <span class='ocrx_word' id='word_1_185' title='bbox 506 2581 574 2633; x_wconf 71' lang='lat' dir='ltr'>Ut</span> <span class='ocrx_word' id='word_1_186' title='bbox 613 2583 683 2633; x_wconf 77' lang='lat' dir='ltr'>sit</span> <span class='ocrx_word' id='word_1_187' title='bbox 720 2580 1097 2648; x_wconf 71' lang='lat' dir='ltr'>voluntarium,</span> <span class='ocrx_word' id='word_1_188' title='bbox 1155 2600 1265 2633; x_wconf 89' lang='lat' dir='ltr'>non</span> <span class='ocrx_word' id='word_1_189' title='bbox 1307 2583 1362 2632; x_wconf 83' lang='lat' dir='ltr'>vi</span> <span class='ocrx_word' id='word_1_190' title='bbox 1417 2580 1652 2651; x_wconf 88' lang='lat' dir='ltr'>physica</span> <span class='ocrx_word' id='word_1_191' title='bbox 1695 2580 1783 2632; x_wconf 85' lang='lat' dir='ltr'>vel</span> <span class='ocrx_word' id='word_1_192' title='bbox 1825 2579 2015 2632; x_wconf 87' lang='lat' dir='ltr'>morali</span> <span class='ocrx_word' id='word_1_193' title='bbox 2061 2599 2150 2631; x_wconf 80' lang='lat' dir='ltr'>ex—</span> 
     </span>
     <span class='ocr_line' id='line_1_28' title="bbox 266 2678 484 2723; baseline 0.009 -2"><span class='ocrx_word' id='word_1_194' title='bbox 266 2678 484 2723; x_wconf 88' lang='lat' dir='ltr'>tortum.</span> 
     </span>
    </p>

    <p class='ocr_par' dir='ltr' id='par_1_8' title="bbox 267 2760 2151 2918">
     <span class='ocr_line' id='line_1_29' title="bbox 417 2760 2151 2827; baseline 0 -16"><span class='ocrx_word' id='word_1_195' title='bbox 417 2761 470 2813; x_wconf 79' lang='lat' dir='ltr'>cZ.</span> <span class='ocrx_word' id='word_1_196' title='bbox 523 2761 588 2813; x_wconf 77' lang='lat' dir='ltr'>Ut</span> <span class='ocrx_word' id='word_1_197' title='bbox 626 2780 733 2813; x_wconf 46' lang='lat' dir='ltr'>*non</span> <span class='ocrx_word' id='word_1_198' title='bbox 774 2763 843 2813; x_wconf 77' lang='lat' dir='ltr'>sit</span> <span class='ocrx_word' id='word_1_199' title='bbox 885 2771 1129 2827; x_wconf 63' lang='lat' dir='ltr'>mutatum,</span> <span class='ocrx_word' id='word_1_200' title='bbox 1174 2760 1308 2813; x_wconf 87' lang='lat' dir='ltr'>alias</span> <span class='ocrx_word' id='word_1_201' title='bbox 1350 2762 1555 2813; x_wconf 88' lang='lat' dir='ltr'>iniuria</span> <span class='ocrx_word' id='word_1_202' title='bbox 1596 2760 1747 2813; x_wconf 86' lang='lat' dir='ltr'>illata</span> <span class='ocrx_word' id='word_1_203' title='bbox 1784 2764 1974 2813; x_wconf 87' lang='lat' dir='ltr'>mutuo</span> <span class='ocrx_word' id='word_1_204' title='bbox 2006 2763 2151 2812; x_wconf 89' lang='lat' dir='ltr'>com-</span> 
     </span>
     <span class='ocr_line' id='line_1_30' title="bbox 267 2854 1877 2918; baseline 0.001 -18"><span class='ocrx_word' id='word_1_205' title='bbox 267 2859 544 2918; x_wconf 86' lang='lat' dir='ltr'>pensatur.</span> <span class='ocrx_word' id='word_1_206' title='bbox 1874 2854 1877 2855; x_wconf 44' lang='lat'><em>⁷</em></span> 
     </span>
    </p>

    <p class='ocr_par' dir='ltr' id='par_1_9' title="bbox 267 2940 2152 3190">
     <span class='ocr_line' id='line_1_31' title="bbox 417 2940 2152 3010; baseline 0.001 -20"><span class='ocrx_word' id='word_1_207' title='bbox 417 2960 455 2993; x_wconf 81' lang='lat' dir='ltr'>e.</span> <span class='ocrx_word' id='word_1_208' title='bbox 509 2940 574 2992; x_wconf 74' lang='lat' dir='ltr'>Ut</span> <span class='ocrx_word' id='word_1_209' title='bbox 626 2960 731 2992; x_wconf 70' lang='lat' dir='ltr'>ozon</span> <span class='ocrx_word' id='word_1_210' title='bbox 773 2940 954 3010; x_wconf 71' lang='lat' dir='ltr'>fuerit</span> <span class='ocrx_word' id='word_1_211' title='bbox 1008 2941 1269 3010; x_wconf 80' lang='lat' dir='ltr'>explicite</span> <span class='ocrx_word' id='word_1_212' title='bbox 1324 2940 1412 2992; x_wconf 86' lang='lat' dir='ltr'>vel</span> <span class='ocrx_word' id='word_1_213' title='bbox 1462 2940 1728 3010; x_wconf 90' lang='lat' dir='ltr'>implicite</span> <span class='ocrx_word' id='word_1_214' title='bbox 1781 2940 2152 3007; x_wconf 65' lang='lat' dir='ltr'>condonatum,</span> 
     </span>
     <span class='ocr_line' id='line_1_32' title="bbox 267 3030 2150 3099; baseline 0.001 -20"><span class='ocrx_word' id='word_1_215' title='bbox 267 3039 327 3079; x_wconf 87' lang='lat' dir='ltr'>ut</span> <span class='ocrx_word' id='word_1_216' title='bbox 370 3030 414 3080; x_wconf 89' lang='lat' dir='ltr'>si</span> <span class='ocrx_word' id='word_1_217' title='bbox 457 3048 583 3098; x_wconf 88' lang='lat' dir='ltr'>pars</span> <span class='ocrx_word' id='word_1_218' title='bbox 625 3031 891 3082; x_wconf 87' lang='lat' dir='ltr'>innocens</span> <span class='ocrx_word' id='word_1_219' title='bbox 935 3032 1172 3082; x_wconf 84' lang='lat' dir='ltr'>scienter</span> <span class='ocrx_word' id='word_1_220' title='bbox 1223 3031 1381 3099; x_wconf 87' lang='lat' dir='ltr'>signa</span> <span class='ocrx_word' id='word_1_221' title='bbox 1431 3031 1660 3082; x_wconf 84' lang='lat' dir='ltr'>affectus</span> <span class='ocrx_word' id='word_1_222' title='bbox 1713 3030 2019 3099; x_wconf 85' lang='lat' dir='ltr'>coniugalis</span> <span class='ocrx_word' id='word_1_223' title='bbox 2061 3030 2150 3081; x_wconf 88' lang='lat' dir='ltr'>de·</span> 
     </span>
     <span class='ocr_line' id='line_1_33' title="bbox 268 3117 1072 3190; baseline 0.006 -22"><span class='ocrx_word' id='word_1_224' title='bbox 268 3117 436 3169; x_wconf 82' lang='lat' dir='ltr'>disset</span> <span class='ocrx_word' id='word_1_225' title='bbox 478 3137 521 3171; x_wconf 91' lang='lat' dir='ltr'>e.</span> <span class='ocrx_word' id='word_1_226' title='bbox 566 3137 615 3187; x_wconf 85' lang='lat' dir='ltr'>g.</span> <span class='ocrx_word' id='word_1_227' title='bbox 661 3139 758 3189; x_wconf 88' lang='lat' dir='ltr'>per</span> <span class='ocrx_word' id='word_1_228' title='bbox 799 3120 1072 3190; x_wconf 80' lang='lat' dir='ltr'>copulam.</span> 
     </span>
    </p>
   </div>
   <div class='ocr_carea' id='block_1_5' title="bbox 437 3226 621 3229">
    <p class='ocr_par' dir='ltr' id='par_1_10' title="bbox 437 3226 621 3229">
     <span class='ocr_line' id='line_1_34' title="bbox 437 3226 621 3229; baseline 0 0"><span class='ocrx_word' id='word_1_229' title='bbox 437 3226 621 3229; x_wconf 95' lang='lat' dir='ltr'> </span> 
     </span>
    </p>
   </div>
   <div class='ocr_carea' id='block_1_6' title="bbox 266 3268 2154 3543">
    <p class='ocr_par' dir='ltr' id='par_1_11' title="bbox 423 3268 912 3321">
     <span class='ocr_line' id='line_1_35' title="bbox 423 3268 912 3321; baseline 0 -10"><span class='ocrx_word' id='word_1_230' title='bbox 423 3268 452 3321; x_wconf 78' lang='lat'>¹)</span> <span class='ocrx_word' id='word_1_231' title='bbox 488 3268 600 3312; x_wconf 83' lang='lat' dir='ltr'>Sess.</span> <span class='ocrx_word' id='word_1_232' title='bbox 637 3268 706 3311; x_wconf 68' lang='lat'>24.</span> <span class='ocrx_word' id='word_1_233' title='bbox 742 3283 837 3312; x_wconf 81' lang='lat' dir='ltr'>can.</span> <span class='ocrx_word' id='word_1_234' title='bbox 872 3269 912 3311; x_wconf 73' lang='lat'>8.</span> 
     </span>
    </p>

    <p class='ocr_par' dir='ltr' id='par_1_12' title="bbox 422 3341 830 3398">
     <span class='ocr_line' id='line_1_36' title="bbox 422 3341 830 3398; baseline -0.002 -12"><span class='ocrx_word' id='word_1_235' title='bbox 422 3341 452 3397; x_wconf 53' lang='grc' dir='ltr'>Ξ)</span> <span class='ocrx_word' id='word_1_236' title='bbox 483 3343 650 3386; x_wconf 77' lang='lat' dir='ltr'>Matth.</span> <span class='ocrx_word' id='word_1_237' title='bbox 688 3344 757 3398; x_wconf 78' lang='lat'>19,</span> <span class='ocrx_word' id='word_1_238' title='bbox 792 3344 830 3385; x_wconf 75' lang='grc'>9.</span> 
     </span>
    </p>

    <p class='ocr_par' dir='ltr' id='par_1_13' title="bbox 266 3414 2154 3543">
     <span class='ocr_line' id='line_1_37' title="bbox 422 3414 2154 3473; baseline 0 -13"><span class='ocrx_word' id='word_1_239' title='bbox 422 3414 456 3471; x_wconf 77' lang='lat'>3)</span> <span class='ocrx_word' id='word_1_240' title='bbox 487 3417 532 3460; x_wconf 81' lang='lat' dir='ltr'>C.</span> <span class='ocrx_word' id='word_1_241' title='bbox 568 3417 851 3473; x_wconf 75' lang='lat' dir='ltr'>significasti</span> <span class='ocrx_word' id='word_1_242' title='bbox 886 3418 913 3459; x_wconf 64' lang='lat'>4</span> <span class='ocrx_word' id='word_1_243' title='bbox 947 3418 991 3462; x_wconf 88' lang='lat' dir='ltr'>C.</span> <span class='ocrx_word' id='word_1_244' title='bbox 1027 3419 1096 3461; x_wconf 81' lang='lat' dir='ltr'>Ex</span> <span class='ocrx_word' id='word_1_245' title='bbox 1137 3418 1285 3462; x_wconf 88' lang='lat' dir='ltr'>literis</span> <span class='ocrx_word' id='word_1_246' title='bbox 1329 3419 1354 3461; x_wconf 73' lang='grc' dir='ltr'>τ’)</span> <span class='ocrx_word' id='word_1_247' title='bbox 1402 3418 1446 3461; x_wconf 88' lang='lat' dir='ltr'>C.</span> <span class='ocrx_word' id='word_1_248' title='bbox 1482 3418 1743 3461; x_wconf 61' lang='lat' dir='ltr'>&amp;audemus</span> <span class='ocrx_word' id='word_1_249' title='bbox 1776 3418 1804 3460; x_wconf 76' lang='lat'>8</span> <span class='ocrx_word' id='word_1_250' title='bbox 1836 3418 1908 3461; x_wconf 82' lang='lat' dir='ltr'>De</span> <span class='ocrx_word' id='word_1_251' title='bbox 1941 3417 2154 3460; x_wconf 71' lang='lat' dir='ltr'>divortiis</span> 
     </span>
     <span class='ocr_line' id='line_1_38' title="bbox 266 3489 489 3543; baseline 0.009 -12"><span class='ocrx_word' id='word_1_252' title='bbox 266 3489 363 3543; x_wconf 77' lang='lat' dir='ltr'>(IV.</span> <span class='ocrx_word' id='word_1_253' title='bbox 402 3491 489 3543; x_wconf 79' lang='lat'>19).</span> 
     </span>
    </p>
   </div>
  </div>
 </body>
</html>
