2269 3898
269 144 355 187 336
996 142 1073 184 VI.
1107 143 1174 185 De
1206 143 1416 197 peccatis.

271 286 495 348 propter
551 278 697 346 quod
753 276 886 327 illud
943 276 1295 345 permittitur,
1351 275 1690 327 sufficienter
1756 286 2149 348 compensetur

269 374 322 418 et
363 366 602 417 turbatio
645 367 874 417 rationis
916 383 1024 415 non
1068 364 1401 418 intendatur.

419 455 567 498 Simili
601 456 732 497 modo
767 454 1179 509 philosophandum
1211 457 1280 496 est
1315 454 1369 497 de
1400 454 1605 498 liceitate
1639 455 1745 510 opii,
1778 455 1990 511 aetheris,
2029 457 2147 500 chlo·

267 529 472 572 roformii
506 534 552 572 et
586 529 831 571 similium:
866 542 1017 572 eorum
1051 541 1213 582 nempe
1246 530 1436 571 effectus
1467 528 1764 572 immediatus
1796 535 1866 573 est
1899 544 2030 586 sopor
2051 545 2144 574 sen-

266 618 412 658 suum,
447 617 499 646 ex
534 617 619 658 quo
653 604 853 658 privatio
884 617 994 646 usus
1015 603 1209 646 rationis
1243 603 1554 657 consequitur:
1601 617 1732 658 porro
1765 618 1898 659 sopor
1928 605 2018 649 iste
2051 619 2145 657 sen-

265 692 394 721 suum
429 678 555 721 licit-e
587 678 833 721 adducitur
865 679 922 721 ad
956 677 1252 720 obtinendum
1303 679 1517 721 effectum
1567 678 1732 721 bonum
1778 679 1892 722 satis
1940 693 2147 735 gravem,

263 752 348 795 etsi
394 757 575 808 praeter
620 752 924 796 intentionem
973 760 1190 806 sequatur
1237 752 1428 795 effectus
1476 753 1638 807 malus,
1686 753 1890 797 violenta
1938 754 2147 798 turbatio

261 826 468 870 rationis.

325 899 334 935 i
370 934 379 946 f
415 904 460 954 1.
503 848 652 970 {rgo
694 902 905 953 licitum
948 912 1028 953 est
1068 920 1123 952 se
1165 901 1441 952 inebriare
1482 901 1553 953 ad
1608 902 1840 953 morbum
1880 903 2142 974 depellen-

122 985 129 993 ’
188 978 200 1047 >j
260 991 383 1042 dum
424 993 732 1043 secundum
775 992 1065 1043 consilium
1106 991 1471 1053 (medicorum
1529 1010 1573 1045 e.
1617 1009 1666 1059 g.
1712 992 1783 1043 ad
1828 994 2137 1045 curandum

151 1070 166 1079 ’Δ
188 1096 208 1145 5.
260 1080 512 1132 morbum
556 1081 807 1133 cholerae
837 1081 925 1133 vel
952 1081 1021 1133 ad
1052 1081 1435 1132 evacuandam
1464 1083 1578 1132 vim
1608 1083 1840 1133 veneni:
1883 1081 1938 1133 id
1969 1084 2136 1143 enim,

174 1153 200 1180 ⁵'
258 1170 405 1239 quod
447 1172 503 1221 in
546 1170 650 1222 hoc
705 1190 835 1222 casu
890 1171 1196 1222 intenditur
1249 1178 1302 1221 et
1357 1189 1425 1221 ex
1481 1174 1761 1239 potatione
1816 1172 2138 1225 immediate

258 1262 628 1329 consequitur,
673 1269 753 1312 est
793 1270 1151 1329 augmentum
1196 1259 1391 1311 caloris
1434 1261 1490 1311 in
1534 1261 1842 1312 visceribus
1884 1261 1972 1312 Vel
2013 1281 2136 1314 eva·

257 1350 438 1400 cuatio
481 1351 700 1401 Virtutis
743 1350 1019 1419 malignae
1086 1352 1321 1416 veneni3
1380 1350 1542 1401 simul
1596 1369 1720 1402 cum
1777 1351 1881 1403 hoc
1936 1352 2137 1404 effectu

253 1440 597 1506 permittitur
653 1458 815 1509 sopor
883 1458 1144 1513 sensuum
1212 1447 1265 1490 et
1325 1438 1528 1490 exinde
1570 1439 1810 1491 turbatio
1876 1442 2138 1508 rationis;

252 1531 588 1597 temporaria
629 1537 815 1582 autem
870 1530 1110 1581 turbatio
1164 1531 1394 1581 rationis
1435 1549 1467 1581 a
1520 1528 1665 1580 bono
1722 1531 1931 1582 intento
1986 1550 2133 1582 com-

250 1627 529 1687 pensatur.

405 1709 452 1761 2.
495 1708 651 1760 Licet
692 1728 747 1760 se
790 1709 1064 1760 inebriare
1107 1708 1195 1759 vel
1237 1710 1314 1759 uti
1346 1707 1733 1760 chloroformio
1763 1710 1834 1760 ad
1860 1708 2132 1761 leniendos

250 1797 329 1848 vel
370 1817 475 1849 non
516 1799 820 1851 sentiendos
861 1800 1068 1850 dolores
1121 1818 1163 1851 e.
1219 1818 1267 1868 g.
1331 1801 1386 1850 in
1443 1800 1762 1868 operatione
1816 1799 2132 1867 chirurgica

247 1886 333 1937 vel
376 1889 432 1938 in
488 1897 647 1957 partu
718 1889 950 1943 difficili.
1032 1890 1278 1940 Effectus
1332 1889 1704 1955 immediatus,
1763 1891 1857 1958 qui
1911 1890 1968 1940 in
2022 1889 2127 1941 hoc

246 1994 376 2027 casu
420 1979 745 2044 intenditur,
790 1987 869 2031 est
911 1998 1072 2048 sopor
1113 1997 1374 2029 sensuum
1431 1986 1498 2046 et,
1556 1997 1695 2048 quae
1750 1979 1954 2029 exinde
1999 1997 2122 2030 con-

244 2067 509 2135 sequitur,
554 2068 828 2137 mitigatio
872 2069 1103 2132 doloris3
1161 2087 1229 2119 ex
1272 2087 1466 2138 sopore
1508 2086 1769 2120 sensuum
1810 2087 1985 2138 aeque
2029 2069 2124 2119 im-

243 2155 500 2225 mediate,
546 2158 640 2210 sed
683 2160 952 2211 indirecte
994 2161 1242 2229 sequitur
1270 2160 1510 2228 privatio
1537 2177 1668 2210 usus
1696 2159 1942 2225 rationis,
1985 2160 2123 2210 haec

241 2253 426 2297 autem
468 2267 499 2298 a
540 2247 683 2299 bono
726 2250 936 2300 intento
980 2248 1384 2318 compensatur.

397 2336 659 2391 Quaeritur,
694 2352 796 2380 num
832 2340 967 2382 liceat
997 2339 1066 2381 nti
1096 2339 1420 2395 clzloroformio
1454 2337 1514 2380 ad
1549 2338 1826 2393 mitz'qandos
1860 2337 2133 2381 ordinarios
2166 2367 2169 2369 »

230 2413 403 2464 partus
435 2410 628 2457 dolores.
693 2413 893 2456 Dubium
929 2418 1011 2469 est,
1059 2428 1167 2456 num
1202 2414 1312 2456 haec
1344 2427 1480 2456 causa
1529 2413 1763 2456 sufficiens
1796 2411 1873 2470 {sit
1903 2411 2019 2468 {tum
2063 2412 2121 2455 ad

238 2484 597 2539 permittendam
633 2487 942 2531 turbationem
976 2489 1184 2543 rationis,
1218 2492 1318 2531 tum
1360 2487 1652 2542 potissimum
1699 2489 1757 2530 ad
1801 2488 2120 2531 adducendum

238 2560 506 2616 periculum,
542 2562 660 2615 quod
693 2566 790 2605 tam
824 2563 963 2606 matri
998 2577 1132 2618 quam
1166 2562 1282 2618 proli
1318 2575 1373 2605 ex
1394 2575 1480 2605 usu
1503 2561 1807 2605 chloroformii
1838 2561 2067 2605 enascitur
2081 2561 2121 2616 ¹).

388 2651 437 2703 3.
482 2652 643 2703 Licet
684 2672 740 2704 se
782 2655 1055 2705 inebriare
1097 2654 1170 2704 acl
1210 2654 1484 2704 vitandam
1513 2661 1742 2718 mortem,
1786 2671 1952 2721 quam
1995 2652 2121 2721 quis

237 2739 394 2790 alteri
438 2745 697 2809 minatur,
741 2744 847 2794 nisi
891 2762 947 2794 se
989 2742 1241 2806 inebriet,
1298 2751 1528 2811 excepto
1582 2751 1769 2793 tamen
1811 2760 1958 2809 casu,
2010 2759 2119 2810 quo

238 2830 360 2897 quis
402 2830 724 2883 ebrietatem
769 2833 957 2900 exigat
996 2833 1052 2883 in
1097 2841 1476 2902 contemptum
1520 2831 1625 2883 Dei
1681 2830 1769 2882 vel
1826 2832 1882 2882 in
1925 2830 2117 2882 odium

202 2914 492 2985 {virtutisz
536 2939 661 2973 cum
705 2924 851 2973 enim
894 2921 1188 2973 inebriatio
1231 2940 1341 2972 non
1384 2923 1440 2972 in
1484 2940 1540 2973 se
1582 2920 1726 2972 mala
1768 2920 2004 2989 ideoque
2046 2938 2116 2971 ex

199 3011 203 3042 ξ’
236 3010 381 3060 iusta
409 3028 575 3061 causa
599 3010 752 3063 licita
775 3013 858 3075 sit,
891 3030 1021 3063 sane
1043 3011 1195 3063 licita
1219 3019 1301 3063 est
1323 3011 1393 3062 ad
1417 3030 1472 3062 se
1493 3010 1847 3062 liberandum
1870 3029 1902 3061 a
1925 3017 2114 3064 morte.

386 3100 435 3153 4.
510 3100 671 3151 Licet
736 3120 791 3152 se
863 3102 1140 3153 inebriare
1214 3100 1285 3152 ad
1358 3099 1667 3152 molestiam
1730 3101 2116 3151 insomniato-um

233 3188 720 3260 (Schlaflosigkeit)
785 3190 1170 3260 depellendam
1226 3190 1327 3242 sub
1392 3189 1498 3241 hac
1559 3189 1902 3256 condicione,
1965 3188 2118 3258 quod

392 3370 418 3422 ι>
448 3370 516 3412 Cf.
553 3369 861 3429 Capellmann,
893 3370 1120 3414 Medicina
1150 3369 1418 3424 pastoralis9
1448 3367 1758 3424 <Aquisgrani.
1790 3367 1949 3410 Barth.
1974 3365 2117 3418 1893)-

234 3461 275 3501 p.
308 3446 418 3489 40s
425 3481 451 3501 ,
484 3446 559 3500 qui
594 3450 746 3490 censet
776 3446 825 3488 in
859 3445 1086 3489 ordinario
1119 3448 1256 3499 partu
1287 3443 1335 3486 id
1368 3457 1455 3486 non
1499 3443 1654 3496 licere,
1698 3441 1770 3485 cui
1814 3449 1969 3484 tamen
2013 3455 2115 3484 con·

233 3521 420 3563 tradicit
458 3521 613 3578 Olfers
644 3518 1076 3564 Pastoralmedicin²
1104 3518 1354 3573 (Freiburg.
1388 3518 1578 3561 Herder.
1620 3517 1745 3573 1893)
1779 3517 1820 3562 S
1857 3515 1957 3558 103.

153 3609 509 3731 f‘jffif
456 3657 531 3723 [su
547 3668 617 3704 “s‘
651 3678 654 3683 ’
709 3671 825 3691 ν
916 3602 1075 3682 7412..

0 3783 163 3873 {2⁹}ss
151 3789 226 3835 C*
210 3783 263 3828 Ζ
253 3767 302 3825 sl.
327 3811 333 3827 ι,
378 3790 446 3831 s
441 3794 501 3815 s
501 3793 601 3846 ³¹⁶}
621 3807 624 3811 .
623 3733 754 3842 *sl-ilis.-
772 3786 960 3826 'zm‘
1001 3756 1085 3818 *¹15¹*
1110 3798 1115 3801 Ζ
1142 3772 1148 3777 .
1192 3760 1217 3780 N
1288 3771 1303 3780 „

306 3856 321 3860 ,,
351 3855 620 3866 ›W-——o-—mb
771 3847 780 3856 r

621 3860 1331 3875 “mmm—W
