2269 3898
250 167 335 208 110
981 162 1053 205 ΙΙΙ.
1088 163 1156 206 Ι)0
1186 162 1379 217 legibus.

397 299 489 352 94.
534 312 704 368 Quoad
728 311 1075 363 ignorantiam
1101 311 1334 364 decalogi
1357 325 1438 367 pro
1461 312 1591 367 praxi
1613 313 1866 356 notandum
1891 316 1975 368 est,
2009 313 2127 368 quod

248 396 452 432 auctores
486 388 694 430 consulta
727 386 1010 441 experientia
1042 387 1344 431 communiter
1375 387 1550 430 docent.

398 492 436 519 a.
472 476 808 519 Invincibiliter
825 475 1028 531 ignorari
1050 479 1203 530 potest
1221 476 1403 520 malitia
1424 480 1610 520 actuum
1633 476 1932 531 internorum,
1956 477 2129 521 scilicet

248 551 579 607 cogitationum
614 554 660 594 et
695 550 1020 594 desideriorum
1053 565 1313 606 pravorum,
1345 551 1613 607 praesertim
1645 552 1966 595 inefficacium.

399 641 434 683 b.
470 640 805 685 Invincibiliter
836 641 1039 696 ignorari
1071 645 1225 695 potest
1247 640 1387 684 etiam
1411 641 1593 684 malitia
1615 646 1801 685 actuum
1824 645 2130 697 externorum,

248 717 514 771 praesertim
539 730 565 759 a
587 716 740 771 pueris
764 720 810 759 et
832 715 1036 771 rudibus,
1069 716 1208 758 immo
1242 714 1297 757 ab
1331 714 1436 758 aliis
1469 729 1644 770 quoque
1675 716 1724 759 in
1753 716 2130 760 extraordinariis

248 791 494 846 adiunctis,
526 795 579 834 ut
612 791 690 834 ubi
722 792 796 835 lex
829 791 1031 834 humana
1063 791 1246 845 tolerat,
1285 791 1404 845 quod
1437 791 1673 834 moraliter
1704 792 1876 835 malum
1910 797 1994 835 est.
2059 791 2132 835 Sic

249 867 348 909 fieri
381 871 548 922 potest,
581 875 636 910 ut
669 866 769 922 quis
801 866 984 921 ignoret
1017 866 1245 909 malitiam
1280 866 1563 921 pollutionis,
1595 871 1650 909 ut
1682 865 1917 909 existimet
1949 865 2130 909 licitum

249 955 345 985 esse
377 942 563 985 mentiri
596 943 653 985 ad
687 941 916 997 propriam
950 942 1023 984 vel
1057 940 1247 984 alterius
1270 941 1416 984 vitam
1452 942 1737 996 servandam,
1769 940 1914 984 furari
1943 954 1970 984 a
1997 940 2131 984 malis

197 1020 200 1022 ’
251 1016 473 1060 divitibus
497 1017 554 1059 ad
578 1017 929 1060 succurrendum
955 1016 1083 1059 bonis
1106 1015 1398 1071 pauperibus,
1420 1016 1623 1071 peierare
1645 1016 1703 1059 ad
1726 1015 1872 1058 vitam
1896 1016 2130 1059 tuendam.

247 1091 392 1133 Immo
417 1095 538 1145 sunt,
573 1090 648 1145 qui
682 1092 918 1134 affirment
951 1091 1051 1134 fieri
1085 1104 1229 1146 posse,
1261 1094 1315 1133 ut
1339 1091 1479 1134 etiam
1503 1090 1743 1134 christiani
1766 1090 1941 1133 licitam
1966 1093 2134 1145 putent

248 1166 596 1209 fornicationem
632 1165 680 1208 in
712 1166 839 1215 locis,
871 1166 949 1208 ubi
982 1166 1319 1221 permittuntur
1352 1165 1610 1209 meretrices
1643 1166 1900 1221 publicae1).

398 1270 431 1298 e.
483 1256 601 1298 Num
636 1255 818 1299 malitia
850 1260 980 1298 actus
1012 1255 1184 1298 interni
1227 1255 1367 1299 etiam
1411 1260 1510 1298 tum
1554 1255 1890 1299 invincibiliterv
1927 1255 2133 1311 ignorari

250 1330 409 1386 possit,
442 1331 520 1374 ubi
554 1331 736 1374 malitia
768 1336 897 1374 actus
932 1331 1109 1374 externi
1143 1331 1446 1386 cognoscitur,
1494 1344 1603 1373 num
1649 1343 1756 1385 ergo
1799 1329 2134 1374 invincibiliter

251 1406 417 1460 aliquis
450 1411 614 1461 putare
656 1406 801 1460 possit
842 1405 1004 1449 seriam
1038 1406 1327 1449 voluntatem
1375 1404 1591 1460 peccandi
1637 1404 1859 1461 (furandi)
1906 1418 1997 1448 non
2039 1417 2135 1448 esse

251 1485 503 1536 peccatum,
537 1481 573 1523 si
608 1486 736 1524 actus
771 1485 988 1524 externus
1012 1479 1241 1536 (furtum),
1275 1494 1405 1535 quem
1441 1479 1675 1535 cognoscit
1707 1493 1803 1523 esse
1825 1480 2013 1534 malum,
2045 1492 2137 1522 11011

252 1556 395 1599 fuerit
436 1560 632 1610 secutus,
680 1570 769 1598 non
810 1570 902 1599 una
946 1560 1014 1599 est
1054 1562 1292 1599 auctorum
1337 1555 1591 1599 sententia:
1642 1555 1744 1598 aliis
1777 1555 1897 1598 enim
1931 1554 1980 1597 id
2013 1555 2135 1598 affir-

252 1630 500 1686 mantibus,
544 1635 685 1686 11οςοῑ
719 1645 818 1673 011111
853 1631 957 1674 aliis
1000 1645 1036 1673 s.
1070 1631 1330 1687 Alplzousus
1369 1630 1440 1673 his
1480 1630 1647 1674 verbis:
1698 1630 1845 1685 „hanc
1877 1629 2135 1685 opinionem

252 1719 483 1760 nunquam
525 1706 803 1760 probabilem
834 1692 1030 1749 'censere
1073 1705 1290 1761 potuim).
1355 1705 1406 1748 In
1453 1704 1586 1761 praxi
1633 1705 1921 1760 poenitentes
1968 1705 2018 1748 in
2064 1703 2137 1748 his

252 1780 429 1823 casibus
462 1782 709 1836 prudenter
741 1781 1059 1836 interrogandi
1093 1785 1241 1836 erunt,
1284 1795 1393 1824 num
1443 1781 1659 1836 aliquam,
1703 1781 1867 1824 saltem
1901 1782 2136 1824 confusam

252 1855 459 1899 malitiae
491 1856 798 1911 cognitionem
832 1856 1075 1899 habuerint
1109 1869 1352 1910 eorumque
1383 1855 1625 1900 assertioni
1658 1856 1930 1899 credendum
1963 1859 2046 1899 est.

401 2007 497 2058 95.
565 2006 650 2060 De
713 2007 1209 2060 immutabilitate
1265 2006 1422 2073 legis
1482 2007 1805 2061 naturalis.
1908 2005 2136 2076 Duplex

256 2096 616 2164 distinguitur
668 2098 886 2148 mutatio
942 2096 1078 2165 legis
1133 2105 1392 2148 naturae:
1451 2099 1681 2164 interna,
1733 2116 1842 2167 qua
1883 2096 1975 2148 lex
2016 2098 2137 2166 ipsa

253 2185 552 2255 abrogatur
592 2196 688 2238 aut
728 2188 783 2237 in
827 2187 993 2238 aliam
1037 2196 1296 2254 mutatur,
1356 2195 1408 2239 01
1452 2196 1688 2257 coeterna,
1745 2207 1853 2257 qua
1908 2189 1964 2239 in
2016 2185 2136 2256 lege

255 2294 353 2345 per
405 2284 732 2346 potestatem
789 2279 906 2329 sive
961 2277 1264 2329 humanam
1307 2279 1425 2329 sive
1468 2278 1720 2330 divinam
1766 2277 2134 2346 dispensatur.

408 2383 453 2435 1.
499 2381 622 2434 Lex
664 2390 894 2434 naturae
947 2383 1263 2434 intrinsecus
1317 2384 1519 2434 mutari
1577 2401 1686 2433 non
1746 2390 1953 2451 potest:
2011 2399 2136 2432 cum

256 2473 403 2522 enim
446 2470 809 2542 le-{gfflpdaturae
851 2475 907 2523 in
951 2472 1338 2546 essentialibus
1358 2472 2137 2551 1011111111010110111104110-0111110

255 2561 378 2612 ideo
440 2563 495 2613 in
558 2562 691 2631 ipsis
751 2581 934 2614 rerum
995 2564 1249 2626 essentiis
1294 2563 1587 2635 fundetur,
1632 2548 1878 2615 *eatenus
1937 2563 2138 2615 mutari

256 2660 453 2720 posset,
513 2664 785 2721 qnatenus
842 2654 1114 2705 essentiae
1171 2671 1354 2704 rerum
1398 2661 1760 2724 mutarentur,
1816 2653 1912 2704 sed
1954 2670 2138 2704 rerum

258 2743 527 2792 essentiae
569 2742 943 2794 immutabiles
985 2750 1126 2794 sunt.
1684 2727 1688 2730 ⁴

408 2846 454 2896 2.
497 2845 610 2896 Lex
655 2847 923 2899 naturalis
958 2850 1180 2917 proprie
1223 2866 1324 2900 nec
1373 2867 1472 2918 per
1513 2849 1981 2918 dispensationem
2025 2865 2138 2898 mu-
2197 2863 2199 2868 ·

258 2935 361 2986 tari
404 2946 609 3004 potest:
653 2956 781 2988 nam
822 2937 915 2989 lex
957 2938 1223 2989 naturalis
1253 2957 1316 2990 ea
1346 2940 1608 3004 continet,
1652 2957 1793 3008 quae
1828 2938 2137 2990 necessario

258 3026 503 3094 praecipi
537 3025 621 3076 vel
650 3026 933 3095 prohiberi
965 3027 1186 3094 debent,
1230 3047 1299 3079 ne
1341 3028 1473 3080 ordo
1511 3037 1741 3080 naturae
1766 3027 2136 3098 perturbetur.

409 3129 533 3173 Haec
567 3130 691 3173 dicta
723 3135 831 3174 sunt
866 3132 919 3175 de
942 3132 1197 3187 praeceptis
1219 3133 1473 3189 primariis
1503 3133 1621 3189 legis
1643 3137 1861 3177 naturae:
1897 3132 2067 3177 etenim
2100 3131 2139 3175 si

261 3204 383 3247 Deus
416 3204 663 3260 permittit,
709 3219 821 3259 quae
854 3207 1157 3251 adversantur
1189 3208 1444 3263 praeceptis
1485 3208 1776 3253 secundariis
1808 3222 1842 3252 0.
1877 3222 1923 3264 g.
1956 3208 2140 3264 polyga-

415 3399 448 3453 ¹)
483 3399 550 3442 Cf.
585 3399 1048 3456 Sporer-Bierbamn,
1083 3402 1237 3446 Theol.
1273 3416 1382 3446 mor.
1408 3417 1596 3447 sacram.
1631 3403 1975 3459 (Paderbornae.
1996 3403 2139 3458 Typo-

260 3472 454 3527 graphia
487 3473 678 3518 bonifac.
715 3475 849 3527 1901)
890 3475 974 3518 III.
1008 3489 1075 3531 pr.
1108 3477 1186 3521 IV.
1220 3491 1262 3523 n.
1295 3477 1398 3521 572.

414 3546 447 3602 2)
482 3548 548 3593 Cf.
581 3563 617 3592 s.
652 3548 913 3606 Alpleonsus
945 3551 999 3594 de
1032 3565 1174 3594 conso.
1206 3565 1250 3597 n.
1286 3552 1326 3595 9.
1360 3552 1568 3597 Lacroix
1597 3553 1626 3596 l.
1663 3553 1701 3597 1.
1733 3566 1778 3596 11.
1812 3552 1883 3596 35.

1279 3769 1284 3778 .
1339 3762 1341 3765 -
1380 3736 1463 3773 fle
1490 3723 1552 3772 ᾗ)
1583 3746 1607 3766 e«
1700 3750 1707 3763 .-
1732 3723 1969 3771 τῑ-ιὲνψὶνῖώ

1490 3772 1500 3787 Χ
1536 3775 1541 3781 ,
