<?xml version="1.0" encoding="UTF-8"?>
<!DOCTYPE html PUBLIC "-//W3C//DTD XHTML 1.0 Transitional//EN"
    "http://www.w3.org/TR/xhtml1/DTD/xhtml1-transitional.dtd">
<html xmlns="http://www.w3.org/1999/xhtml" xml:lang="en" lang="en">
 <head>
  <title>
</title>
<meta http-equiv="Content-Type" content="text/html;charset=utf-8" />
  <meta name='ocr-system' content='tesseract 3.04.00' />
  <meta name='ocr-capabilities' content='ocr_page ocr_carea ocr_par ocr_line ocrx_word'/>
</head>
<body>
  <div class='ocr_page' id='page_1' title='image "./summatheologiaem00nold_0430.png"; bbox 0 0 2269 3898; ppageno 0'>
   <div class='ocr_carea' id='block_1_1' title="bbox 241 118 1386 167">
    <p class='ocr_par' dir='ltr' id='par_1_1' title="bbox 241 118 1386 167">
     <span class='ocr_line' id='line_1_1' title="bbox 241 118 1386 167; baseline -0.006 0"><span class='ocrx_word' id='word_1_1' title='bbox 241 126 297 167; x_wconf 68' lang='lat'>62</span> <span class='ocrx_word' id='word_1_2' title='bbox 981 121 1046 162; x_wconf 86' lang='lat' dir='ltr'>De</span> <span class='ocrx_word' id='word_1_3' title='bbox 1080 118 1386 161; x_wconf 87' lang='lat' dir='ltr'>matrimonio.</span> 
     </span>
    </p>
   </div>
   <div class='ocr_carea' id='block_1_2' title="bbox 843 445 1526 530">
    <p class='ocr_par' dir='ltr' id='par_1_2' title="bbox 843 445 1526 530">
     <span class='ocr_line' id='line_1_2' title="bbox 843 445 1526 530; baseline 0.001 -20"><span class='ocrx_word' id='word_1_4' title='bbox 843 445 1184 530; x_wconf 74' lang='lat' dir='ltr'><strong>Quaestio</strong></span> <span class='ocrx_word' id='word_1_5' title='bbox 1236 448 1526 527; x_wconf 86' lang='lat' dir='ltr'>quarta.</span> 
     </span>
    </p>
   </div>
   <div class='ocr_carea' id='block_1_3' title="bbox 594 610 1781 675">
    <p class='ocr_par' dir='ltr' id='par_1_3' title="bbox 594 610 1781 675">
     <span class='ocr_line' id='line_1_3' title="bbox 594 610 1781 675; baseline -0.004 -9"><span class='ocrx_word' id='word_1_6' title='bbox 594 615 682 666; x_wconf 86' lang='lat' dir='ltr'>De</span> <span class='ocrx_word' id='word_1_7' title='bbox 727 610 1267 675; x_wconf 63' lang='lat' dir='ltr'>impedimentis</span> <span class='ocrx_word' id='word_1_8' title='bbox 1311 611 1781 664; x_wconf 79' lang='lat' dir='ltr'>matrimonii.</span> 
     </span>
    </p>
   </div>
   <div class='ocr_carea' id='block_1_4' title="bbox 893 785 1467 860">
    <p class='ocr_par' dir='ltr' id='par_1_4' title="bbox 893 785 1467 860">
     <span class='ocr_line' id='line_1_4' title="bbox 893 785 1467 860; baseline -0.002 -16"><span class='ocrx_word' id='word_1_9' title='bbox 893 785 1188 844; x_wconf 77' lang='lat' dir='ltr'>Articulus</span> <span class='ocrx_word' id='word_1_10' title='bbox 1229 785 1467 860; x_wconf 62' lang='lat' dir='ltr'>primus</span> 
     </span>
    </p>
   </div>
   <div class='ocr_carea' id='block_1_5' title="bbox 763 916 1607 966">
    <p class='ocr_par' dir='ltr' id='par_1_5' title="bbox 763 916 1607 966">
     <span class='ocr_line' id='line_1_5' title="bbox 763 916 1607 966; baseline -0.001 -9"><span class='ocrx_word' id='word_1_11' title='bbox 763 919 842 957; x_wconf 87' lang='lat' dir='ltr'>De</span> <span class='ocrx_word' id='word_1_12' title='bbox 875 916 1276 966; x_wconf 75' lang='lat' dir='ltr'>impedimentis</span> <span class='ocrx_word' id='word_1_13' title='bbox 1307 916 1367 955; x_wconf 89' lang='lat' dir='ltr'>in</span> <span class='ocrx_word' id='word_1_14' title='bbox 1400 926 1607 965; x_wconf 82' lang='lat' dir='ltr'>genere.</span> 
     </span>
    </p>
   </div>
   <div class='ocr_carea' id='block_1_6' title="bbox 240 1063 2137 1765">
    <p class='ocr_par' dir='ltr' id='par_1_6' title="bbox 240 1063 2137 1765">
     <span class='ocr_line' id='line_1_6' title="bbox 393 1063 2132 1134; baseline -0.003 -12"><span class='ocrx_word' id='word_1_15' title='bbox 393 1068 483 1122; x_wconf 79' lang='lat'>63.</span> <span class='ocrx_word' id='word_1_16' title='bbox 525 1066 748 1120; x_wconf 76' lang='lat' dir='ltr'>Nat-ura</span> <span class='ocrx_word' id='word_1_17' title='bbox 789 1067 849 1118; x_wconf 78' lang='lat' dir='ltr'>et</span> <span class='ocrx_word' id='word_1_18' title='bbox 889 1064 1132 1118; x_wconf 72' lang='lat' dir='ltr'>divisio.</span> <span class='ocrx_word' id='word_1_19' title='bbox 1225 1066 1270 1117; x_wconf 87' lang='grc'>1.</span> <span class='ocrx_word' id='word_1_20' title='bbox 1315 1063 1750 1134; x_wconf 73' lang='lat' dir='ltr'>Impedimentum</span> <span class='ocrx_word' id='word_1_21' title='bbox 1793 1067 2132 1117; x_wconf 80' lang='lat' dir='ltr'>matrimonii</span> 
     </span>
     <span class='ocr_line' id='line_1_7' title="bbox 241 1153 2135 1226; baseline -0.001 -17"><span class='ocrx_word' id='word_1_22' title='bbox 241 1159 550 1226; x_wconf 80' lang='lat' dir='ltr'>generatim</span> <span class='ocrx_word' id='word_1_23' title='bbox 609 1156 813 1208; x_wconf 88' lang='lat' dir='ltr'>dicitur</span> <span class='ocrx_word' id='word_1_24' title='bbox 863 1155 1298 1220; x_wconf 78' lang='lat' dir='ltr'>circumstantia,</span> <span class='ocrx_word' id='word_1_25' title='bbox 1357 1172 1498 1223; x_wconf 90' lang='lat' dir='ltr'>quae</span> <span class='ocrx_word' id='word_1_26' title='bbox 1553 1153 1834 1205; x_wconf 89' lang='lat' dir='ltr'>hominem</span> <span class='ocrx_word' id='word_1_27' title='bbox 1887 1172 1958 1206; x_wconf 80' lang='lat' dir='ltr'>ex</span> <span class='ocrx_word' id='word_1_28' title='bbox 1999 1156 2135 1207; x_wconf 90' lang='lat' dir='ltr'>iuris</span> 
     </span>
     <span class='ocr_line' id='line_1_8' title="bbox 244 1242 2132 1300; baseline 0 -2"><span class='ocrx_word' id='word_1_29' title='bbox 244 1256 442 1300; x_wconf 86' lang='lat' dir='ltr'>statuto</span> <span class='ocrx_word' id='word_1_30' title='bbox 502 1247 571 1298; x_wconf 86' lang='lat' dir='ltr'>ad</span> <span class='ocrx_word' id='word_1_31' title='bbox 628 1247 1044 1297; x_wconf 84' lang='lat' dir='ltr'>matrimonium</span> <span class='ocrx_word' id='word_1_32' title='bbox 1097 1242 1538 1295; x_wconf 88' lang='lat' dir='ltr'>contrahendum</span> <span class='ocrx_word' id='word_1_33' title='bbox 1581 1243 1766 1296; x_wconf 85' lang='lat' dir='ltr'>reddit</span> <span class='ocrx_word' id='word_1_34' title='bbox 1806 1243 2132 1298; x_wconf 90' lang='lat' dir='ltr'>inhabilem.</span> 
     </span>
     <span class='ocr_line' id='line_1_9' title="bbox 240 1333 2134 1407; baseline -0.002 -18"><span class='ocrx_word' id='word_1_35' title='bbox 240 1337 658 1407; x_wconf 79' lang='lat' dir='ltr'>Impedimenta</span> <span class='ocrx_word' id='word_1_36' title='bbox 702 1336 1040 1387; x_wconf 86' lang='lat' dir='ltr'>matrimonii</span> <span class='ocrx_word' id='word_1_37' title='bbox 1084 1333 1323 1404; x_wconf 89' lang='lat' dir='ltr'>duplicis</span> <span class='ocrx_word' id='word_1_38' title='bbox 1371 1335 1588 1403; x_wconf 84' lang='lat' dir='ltr'>generis</span> <span class='ocrx_word' id='word_1_39' title='bbox 1646 1342 1789 1397; x_wconf 83' lang='lat' dir='ltr'>sunt,</span> <span class='ocrx_word' id='word_1_40' title='bbox 1846 1334 1956 1386; x_wconf 87' lang='lat' dir='ltr'>alia</span> <span class='ocrx_word' id='word_1_41' title='bbox 2006 1335 2134 1387; x_wconf 72' lang='lat' dir='ltr'>diri-</span> 
     </span>
     <span class='ocr_line' id='line_1_10' title="bbox 243 1423 2134 1497; baseline -0.001 -18"><span class='ocrx_word' id='word_1_42' title='bbox 243 1430 455 1492; x_wconf 73' lang='lat' dir='ltr'>mentia,</span> <span class='ocrx_word' id='word_1_43' title='bbox 500 1445 641 1497; x_wconf 89' lang='lat' dir='ltr'>quae</span> <span class='ocrx_word' id='word_1_44' title='bbox 684 1426 950 1492; x_wconf 85' lang='lat' dir='ltr'>efficiunt,</span> <span class='ocrx_word' id='word_1_45' title='bbox 1001 1434 1061 1475; x_wconf 87' lang='lat' dir='ltr'>ut</span> <span class='ocrx_word' id='word_1_46' title='bbox 1102 1425 1520 1476; x_wconf 87' lang='lat' dir='ltr'>matrimonium</span> <span class='ocrx_word' id='word_1_47' title='bbox 1562 1442 1664 1475; x_wconf 91' lang='lat' dir='ltr'>nec</span> <span class='ocrx_word' id='word_1_48' title='bbox 1706 1423 1856 1476; x_wconf 89' lang='lat' dir='ltr'>licite</span> <span class='ocrx_word' id='word_1_49' title='bbox 1899 1443 2002 1476; x_wconf 88' lang='lat' dir='ltr'>nec</span> <span class='ocrx_word' id='word_1_50' title='bbox 2043 1443 2134 1477; x_wconf 87' lang='lat' dir='ltr'>va·</span> 
     </span>
     <span class='ocr_line' id='line_1_11' title="bbox 244 1514 2135 1587; baseline -0.003 -17"><span class='ocrx_word' id='word_1_51' title='bbox 244 1518 355 1570; x_wconf 86' lang='lat' dir='ltr'>lide</span> <span class='ocrx_word' id='word_1_52' title='bbox 398 1519 526 1569; x_wconf 87' lang='lat' dir='ltr'>iniri</span> <span class='ocrx_word' id='word_1_53' title='bbox 568 1518 768 1587; x_wconf 83' lang='lat' dir='ltr'>possit3</span> <span class='ocrx_word' id='word_1_54' title='bbox 813 1516 923 1568; x_wconf 88' lang='lat' dir='ltr'>alia</span> <span class='ocrx_word' id='word_1_55' title='bbox 965 1515 1141 1567; x_wconf 88' lang='lat' dir='ltr'>solum</span> <span class='ocrx_word' id='word_1_56' title='bbox 1183 1515 1550 1585; x_wconf 71' lang='lat' dir='ltr'>impedientia,</span> <span class='ocrx_word' id='word_1_57' title='bbox 1594 1532 1736 1584; x_wconf 89' lang='lat' dir='ltr'>quae</span> <span class='ocrx_word' id='word_1_58' title='bbox 1771 1514 2035 1582; x_wconf 86' lang='lat' dir='ltr'>efficiunt,</span> <span class='ocrx_word' id='word_1_59' title='bbox 2075 1523 2135 1566; x_wconf 91' lang='lat' dir='ltr'>ut</span> 
     </span>
     <span class='ocr_line' id='line_1_12' title="bbox 244 1604 2137 1675; baseline -0.003 -15"><span class='ocrx_word' id='word_1_60' title='bbox 244 1609 657 1660; x_wconf 89' lang='lat' dir='ltr'>matrimonium</span> <span class='ocrx_word' id='word_1_61' title='bbox 702 1606 852 1658; x_wconf 90' lang='lat' dir='ltr'>licite</span> <span class='ocrx_word' id='word_1_62' title='bbox 895 1607 1023 1658; x_wconf 87' lang='lat' dir='ltr'>iniri</span> <span class='ocrx_word' id='word_1_63' title='bbox 1075 1624 1186 1657; x_wconf 91' lang='lat' dir='ltr'>non</span> <span class='ocrx_word' id='word_1_64' title='bbox 1237 1607 1425 1675; x_wconf 83' lang='lat' dir='ltr'>possit.</span> <span class='ocrx_word' id='word_1_65' title='bbox 1505 1604 1917 1674; x_wconf 85' lang='lat' dir='ltr'>Impedimenta</span> <span class='ocrx_word' id='word_1_66' title='bbox 1967 1605 2137 1674; x_wconf 84' lang='lat' dir='ltr'>igitur</span> 
     </span>
     <span class='ocr_line' id='line_1_13' title="bbox 245 1694 2135 1765; baseline -0.002 -16"><span class='ocrx_word' id='word_1_67' title='bbox 245 1698 584 1750; x_wconf 86' lang='lat' dir='ltr'>matrimonii</span> <span class='ocrx_word' id='word_1_68' title='bbox 639 1705 769 1749; x_wconf 87' lang='lat' dir='ltr'>sunt</span> <span class='ocrx_word' id='word_1_69' title='bbox 822 1697 969 1764; x_wconf 81' lang='lat' dir='ltr'>leges</span> <span class='ocrx_word' id='word_1_70' title='bbox 1023 1706 1119 1747; x_wconf 89' lang='lat' dir='ltr'>aut</span> <span class='ocrx_word' id='word_1_71' title='bbox 1175 1694 1351 1747; x_wconf 88' lang='lat' dir='ltr'>solum</span> <span class='ocrx_word' id='word_1_72' title='bbox 1401 1694 1760 1765; x_wconf 85' lang='lat' dir='ltr'>prohibentes</span> <span class='ocrx_word' id='word_1_73' title='bbox 1810 1703 1905 1746; x_wconf 89' lang='lat' dir='ltr'>aut</span> <span class='ocrx_word' id='word_1_74' title='bbox 1955 1694 2135 1764; x_wconf 91' lang='lat' dir='ltr'>prohi-</span> 
     </span>
    </p>
   </div>
   <div class='ocr_carea' id='block_1_7' title="bbox 242 1786 1069 1840">
    <p class='ocr_par' dir='ltr' id='par_1_7' title="bbox 242 1786 1069 1840">
     <span class='ocr_line' id='line_1_14' title="bbox 242 1786 1069 1840; baseline -0.002 0"><span class='ocrx_word' id='word_1_75' title='bbox 242 1788 434 1840; x_wconf 90' lang='lat' dir='ltr'>bentes</span> <span class='ocrx_word' id='word_1_76' title='bbox 476 1796 529 1839; x_wconf 93' lang='lat' dir='ltr'>et</span> <span class='ocrx_word' id='word_1_77' title='bbox 570 1786 732 1839; x_wconf 89' lang='lat' dir='ltr'>simul</span> <span class='ocrx_word' id='word_1_78' title='bbox 775 1788 1069 1838; x_wconf 77' lang='lat' dir='ltr'>irritantes,</span> 
     </span>
    </p>
   </div>
   <div class='ocr_carea' id='block_1_8' title="bbox 243 1874 2135 2007">
    <p class='ocr_par' dir='ltr' id='par_1_8' title="bbox 243 1874 2135 2007">
     <span class='ocr_line' id='line_1_15' title="bbox 393 1874 2135 1930; baseline 0 -12"><span class='ocrx_word' id='word_1_79' title='bbox 393 1877 627 1920; x_wconf 82' lang='lat' dir='ltr'>Vocantur</span> <span class='ocrx_word' id='word_1_80' title='bbox 659 1876 940 1930; x_wconf 74' lang='lat' dir='ltr'>clirz&#39;menii&#39;a,</span> <span class='ocrx_word' id='word_1_81' title='bbox 974 1890 1063 1918; x_wconf 89' lang='lat' dir='ltr'>non</span> <span class='ocrx_word' id='word_1_82' title='bbox 1105 1876 1223 1930; x_wconf 84' lang='lat' dir='ltr'>quod</span> <span class='ocrx_word' id='word_1_83' title='bbox 1267 1874 1613 1918; x_wconf 85' lang='lat' dir='ltr'>matrimonium</span> <span class='ocrx_word' id='word_1_84' title='bbox 1657 1874 1853 1917; x_wconf 69' lang='lat' dir='ltr'>calidum</span> <span class='ocrx_word' id='word_1_85' title='bbox 1898 1874 2135 1930; x_wconf 82' lang='lat' dir='ltr'>dirimant,</span> 
     </span>
     <span class='ocr_line' id='line_1_16' title="bbox 243 1948 2024 2007; baseline -0.002 -12"><span class='ocrx_word' id='word_1_86' title='bbox 243 1952 323 1996; x_wconf 87' lang='lat' dir='ltr'>sed</span> <span class='ocrx_word' id='word_1_87' title='bbox 357 1953 477 2007; x_wconf 83' lang='lat' dir='ltr'>quod</span> <span class='ocrx_word' id='word_1_88' title='bbox 511 1952 709 2006; x_wconf 86' lang='lat' dir='ltr'>obstent,</span> <span class='ocrx_word' id='word_1_89' title='bbox 744 1965 800 1994; x_wconf 90' lang='lat' dir='ltr'>ne</span> <span class='ocrx_word' id='word_1_90' title='bbox 834 1949 1181 1993; x_wconf 85' lang='lat' dir='ltr'>matrimonium</span> <span class='ocrx_word' id='word_1_91' title='bbox 1216 1952 1503 1993; x_wconf 86' lang='lat' dir='ltr'>attentatum</span> <span class='ocrx_word' id='word_1_92' title='bbox 1539 1948 1687 1992; x_wconf 73' lang='lat' dir='ltr'>calicle</span> <span class='ocrx_word' id='word_1_93' title='bbox 1719 1949 1835 1992; x_wconf 77' lang='lat' dir='ltr'>iniri</span> <span class='ocrx_word' id='word_1_94' title='bbox 1865 1949 2024 2004; x_wconf 87' lang='lat' dir='ltr'>possit.</span> 
     </span>
    </p>
   </div>
   <div class='ocr_carea' id='block_1_9' title="bbox 245 2038 2136 2201">
    <p class='ocr_par' dir='ltr' id='par_1_9' title="bbox 245 2038 2136 2201">
     <span class='ocr_line' id='line_1_17' title="bbox 396 2038 2136 2113; baseline -0.001 -20"><span class='ocrx_word' id='word_1_95' title='bbox 396 2043 443 2096; x_wconf 74' lang='lat'>2.</span> <span class='ocrx_word' id='word_1_96' title='bbox 483 2043 868 2113; x_wconf 64' lang='lat' dir='ltr'>[inpedimenta</span> <span class='ocrx_word' id='word_1_97' title='bbox 894 2040 1246 2111; x_wconf 75' lang='lat' dir='ltr'>impedientia</span> <span class='ocrx_word' id='word_1_98' title='bbox 1284 2047 1647 2091; x_wconf 84' lang='lat' dir='ltr'>numerantur</span> <span class='ocrx_word' id='word_1_99' title='bbox 1688 2058 1802 2106; x_wconf 87' lang='lat' dir='ltr'>sex,</span> <span class='ocrx_word' id='word_1_100' title='bbox 1847 2058 1988 2110; x_wconf 89' lang='lat' dir='ltr'>quae</span> <span class='ocrx_word' id='word_1_101' title='bbox 2031 2038 2136 2092; x_wconf 85' lang='lat' dir='ltr'>hoc</span> 
     </span>
     <span class='ocr_line' id='line_1_18' title="bbox 245 2131 1031 2201; baseline -0.001 -18"><span class='ocrx_word' id='word_1_102' title='bbox 245 2151 409 2184; x_wconf 83' lang='lat' dir='ltr'>versu</span> <span class='ocrx_word' id='word_1_103' title='bbox 452 2131 1031 2201; x_wconf 84' lang='lat' dir='ltr'>comprehenduntur:</span> 
     </span>
    </p>
   </div>
   <div class='ocr_carea' id='block_1_10' title="bbox 243 2228 2140 3565">
    <p class='ocr_par' dir='ltr' id='par_1_10' title="bbox 395 2228 1562 2285">
     <span class='ocr_line' id='line_1_19' title="bbox 395 2228 1562 2285; baseline -0.003 -13"><span class='ocrx_word' id='word_1_104' title='bbox 395 2229 631 2272; x_wconf 75' lang='lat' dir='ltr'>Ecclesiae</span> <span class='ocrx_word' id='word_1_105' title='bbox 665 2230 862 2282; x_wconf 63' lang='lat' dir='ltr'>vetitum,</span> <span class='ocrx_word' id='word_1_106' title='bbox 894 2232 1083 2285; x_wconf 76' lang='lat' dir='ltr'>tempus,</span> <span class='ocrx_word' id='word_1_107' title='bbox 1116 2228 1366 2284; x_wconf 65' lang='lat' dir='ltr'>sponsalia,</span> <span class='ocrx_word' id='word_1_108' title='bbox 1402 2230 1562 2276; x_wconf 63' lang='lat' dir='ltr'>votnm,</span> 
     </span>
    </p>

    <p class='ocr_par' dir='ltr' id='par_1_11' title="bbox 394 2302 1410 2360">
     <span class='ocr_line' id='line_1_20' title="bbox 394 2302 1410 2360; baseline -0.002 -14"><span class='ocrx_word' id='word_1_109' title='bbox 394 2304 633 2360; x_wconf 68' lang='lat' dir='ltr'>Mixtaque</span> <span class='ocrx_word' id='word_1_110' title='bbox 665 2305 845 2359; x_wconf 76' lang='lat' dir='ltr'>reliqio,</span> <span class='ocrx_word' id='word_1_111' title='bbox 877 2305 921 2347; x_wconf 82' lang='lat' dir='ltr'>si</span> <span class='ocrx_word' id='word_1_112' title='bbox 942 2303 1246 2360; x_wconf 76' lang='lat' dir='ltr'>proclamatio</span> <span class='ocrx_word' id='word_1_113' title='bbox 1280 2302 1410 2345; x_wconf 75' lang='lat' dir='ltr'>des-if.</span> 
     </span>
    </p>

    <p class='ocr_par' dir='ltr' id='par_1_12' title="bbox 243 2378 2137 2660">
     <span class='ocr_line' id='line_1_21' title="bbox 396 2378 2135 2435; baseline 0.001 -15"><span class='ocrx_word' id='word_1_114' title='bbox 396 2393 436 2421; x_wconf 83' lang='lat' dir='ltr'>a.</span> <span class='ocrx_word' id='word_1_115' title='bbox 471 2378 811 2435; x_wconf 87' lang='lat' dir='ltr'>Impedimenta</span> <span class='ocrx_word' id='word_1_116' title='bbox 843 2378 1146 2434; x_wconf 85' lang='lat' dir='ltr'>impedientia</span> <span class='ocrx_word' id='word_1_117' title='bbox 1180 2378 1273 2421; x_wconf 90' lang='lat' dir='ltr'>alia</span> <span class='ocrx_word' id='word_1_118' title='bbox 1307 2383 1415 2421; x_wconf 91' lang='lat' dir='ltr'>sunt</span> <span class='ocrx_word' id='word_1_119' title='bbox 1449 2379 1697 2435; x_wconf 72' lang='lat' dir='ltr'>improprie</span> <span class='ocrx_word' id='word_1_120' title='bbox 1731 2378 1868 2431; x_wconf 78' lang='lat' dir='ltr'>dicta,</span> <span class='ocrx_word' id='word_1_121' title='bbox 1911 2391 2025 2433; x_wconf 90' lang='lat' dir='ltr'>quae</span> <span class='ocrx_word' id='word_1_122' title='bbox 2067 2378 2135 2421; x_wconf 88' lang='lat' dir='ltr'>ob-</span> 
     </span>
     <span class='ocr_line' id='line_1_22' title="bbox 243 2454 2135 2511; baseline -0.001 -13"><span class='ocrx_word' id='word_1_123' title='bbox 243 2459 375 2498; x_wconf 81' lang='lat' dir='ltr'>stant</span> <span class='ocrx_word' id='word_1_124' title='bbox 410 2454 704 2497; x_wconf 87' lang='lat' dir='ltr'>matrimonio</span> <span class='ocrx_word' id='word_1_125' title='bbox 739 2459 966 2509; x_wconf 88' lang='lat' dir='ltr'>quatenus</span> <span class='ocrx_word' id='word_1_126' title='bbox 1000 2458 1336 2497; x_wconf 83' lang='lat' dir='ltr'>sacramentum</span> <span class='ocrx_word' id='word_1_127' title='bbox 1374 2459 1443 2497; x_wconf 87' lang='lat' dir='ltr'>est</span> <span class='ocrx_word' id='word_1_128' title='bbox 1475 2458 1527 2496; x_wconf 91' lang='lat' dir='ltr'>ut</span> <span class='ocrx_word' id='word_1_129' title='bbox 1573 2458 1809 2509; x_wconf 89' lang='lat' dir='ltr'>peccatum</span> <span class='ocrx_word' id='word_1_130' title='bbox 1855 2454 2050 2497; x_wconf 87' lang='lat' dir='ltr'>mortale</span> <span class='ocrx_word' id='word_1_131' title='bbox 2087 2459 2135 2511; x_wconf 14' lang='lat' dir='ltr'>*et</span> 
     </span>
     <span class='ocr_line' id='line_1_23' title="bbox 247 2527 2137 2586; baseline 0 -14"><span class='ocrx_word' id='word_1_132' title='bbox 247 2530 677 2580; x_wconf 80' lang='lat' dir='ltr'>excommunicatio;</span> <span class='ocrx_word' id='word_1_133' title='bbox 715 2531 807 2573; x_wconf 87' lang='lat' dir='ltr'>alia</span> <span class='ocrx_word' id='word_1_134' title='bbox 840 2536 947 2573; x_wconf 88' lang='lat' dir='ltr'>sunt</span> <span class='ocrx_word' id='word_1_135' title='bbox 971 2529 1168 2586; x_wconf 72' lang='lat' dir='ltr'>proprie</span> <span class='ocrx_word' id='word_1_136' title='bbox 1200 2529 1337 2580; x_wconf 75' lang='lat' dir='ltr'>dicta,</span> <span class='ocrx_word' id='word_1_137' title='bbox 1370 2542 1484 2583; x_wconf 87' lang='lat' dir='ltr'>quae</span> <span class='ocrx_word' id='word_1_138' title='bbox 1518 2528 1706 2571; x_wconf 87' lang='lat' dir='ltr'>obstant</span> <span class='ocrx_word' id='word_1_139' title='bbox 1748 2527 2043 2571; x_wconf 90' lang='lat' dir='ltr'>matrimonio</span> <span class='ocrx_word' id='word_1_140' title='bbox 2084 2533 2137 2572; x_wconf 91' lang='lat' dir='ltr'>ut-</span> 
     </span>
     <span class='ocr_line' id='line_1_24' title="bbox 244 2605 1522 2660; baseline 0.002 -13"><span class='ocrx_word' id='word_1_141' title='bbox 244 2609 509 2648; x_wconf 84' lang='lat' dir='ltr'>contractus</span> <span class='ocrx_word' id='word_1_142' title='bbox 542 2610 624 2648; x_wconf 87' lang='lat' dir='ltr'>est.</span> <span class='ocrx_word' id='word_1_143' title='bbox 692 2606 758 2648; x_wconf 90' lang='lat' dir='ltr'>De</span> <span class='ocrx_word' id='word_1_144' title='bbox 791 2605 1119 2660; x_wconf 86' lang='lat' dir='ltr'>posterioribus</span> <span class='ocrx_word' id='word_1_145' title='bbox 1152 2607 1226 2650; x_wconf 92' lang='lat' dir='ltr'>hic</span> <span class='ocrx_word' id='word_1_146' title='bbox 1258 2612 1329 2651; x_wconf 91' lang='lat' dir='ltr'>est</span> <span class='ocrx_word' id='word_1_147' title='bbox 1362 2621 1522 2651; x_wconf 78' lang='lat' dir='ltr'>serino.</span> 
     </span>
    </p>

    <p class='ocr_par' dir='ltr' id='par_1_13' title="bbox 244 2680 2140 2951">
     <span class='ocr_line' id='line_1_25' title="bbox 399 2680 2140 2738; baseline 0.002 -16"><span class='ocrx_word' id='word_1_148' title='bbox 399 2680 436 2722; x_wconf 81' lang='lat' dir='ltr'>h.</span> <span class='ocrx_word' id='word_1_149' title='bbox 499 2680 673 2723; x_wconf 89' lang='lat' dir='ltr'>Horum</span> <span class='ocrx_word' id='word_1_150' title='bbox 727 2680 1162 2735; x_wconf 84' lang='lat' dir='ltr'>impedimentorum</span> <span class='ocrx_word' id='word_1_151' title='bbox 1225 2682 1331 2737; x_wconf 86' lang='lat' dir='ltr'>tria,</span> <span class='ocrx_word' id='word_1_152' title='bbox 1393 2695 1555 2737; x_wconf 87' lang='lat' dir='ltr'>nempe</span> <span class='ocrx_word' id='word_1_153' title='bbox 1614 2682 1827 2726; x_wconf 85' lang='lat' dir='ltr'>ecclesiae</span> <span class='ocrx_word' id='word_1_154' title='bbox 1876 2682 2140 2738; x_wconf 79' lang='lat' dir='ltr'>prohibitio,</span> 
     </span>
     <span class='ocr_line' id='line_1_26' title="bbox 249 2755 2137 2813; baseline 0.002 -16"><span class='ocrx_word' id='word_1_155' title='bbox 249 2760 429 2810; x_wconf 86' lang='lat' dir='ltr'>tempus</span> <span class='ocrx_word' id='word_1_156' title='bbox 462 2755 743 2810; x_wconf 87' lang='lat' dir='ltr'>prohibitum</span> <span class='ocrx_word' id='word_1_157' title='bbox 769 2759 814 2798; x_wconf 87' lang='lat' dir='ltr'>et</span> <span class='ocrx_word' id='word_1_158' title='bbox 840 2756 1044 2800; x_wconf 74' lang='lat' dir='ltr'>defectus</span> <span class='ocrx_word' id='word_1_159' title='bbox 1068 2757 1480 2812; x_wconf 85' lang='lat' dir='ltr'>proclamationum</span> <span class='ocrx_word' id='word_1_160' title='bbox 1505 2757 1852 2801; x_wconf 86' lang='lat' dir='ltr'>matrimonium</span> <span class='ocrx_word' id='word_1_161' title='bbox 1876 2757 2137 2813; x_wconf 87' lang='lat' dir='ltr'>impediunt</span> 
     </span>
     <span class='ocr_line' id='line_1_27' title="bbox 244 2830 2137 2889; baseline 0.002 -17"><span class='ocrx_word' id='word_1_162' title='bbox 244 2830 339 2873; x_wconf 86' lang='lat' dir='ltr'>solo</span> <span class='ocrx_word' id='word_1_163' title='bbox 372 2830 469 2873; x_wconf 88' lang='lat' dir='ltr'>iure</span> <span class='ocrx_word' id='word_1_164' title='bbox 503 2830 827 2884; x_wconf 86' lang='lat' dir='ltr'>ecclesiastico;</span> <span class='ocrx_word' id='word_1_165' title='bbox 876 2832 1119 2887; x_wconf 86' lang='lat' dir='ltr'>sponsalia,</span> <span class='ocrx_word' id='word_1_166' title='bbox 1153 2837 1312 2876; x_wconf 86' lang='lat' dir='ltr'>votum</span> <span class='ocrx_word' id='word_1_167' title='bbox 1359 2839 1405 2876; x_wconf 90' lang='lat' dir='ltr'>et</span> <span class='ocrx_word' id='word_1_168' title='bbox 1449 2832 1598 2876; x_wconf 81' lang='lat' dir='ltr'>mixta</span> <span class='ocrx_word' id='word_1_169' title='bbox 1640 2833 1802 2888; x_wconf 82' lang='lat' dir='ltr'>religio</span> <span class='ocrx_word' id='word_1_170' title='bbox 1843 2833 1961 2876; x_wconf 89' lang='lat' dir='ltr'>illud</span> <span class='ocrx_word' id='word_1_171' title='bbox 2000 2833 2137 2889; x_wconf 87' lang='lat' dir='ltr'>impe-</span> 
     </span>
     <span class='ocr_line' id='line_1_28' title="bbox 249 2905 1471 2951; baseline 0.002 -4"><span class='ocrx_word' id='word_1_172' title='bbox 249 2905 384 2948; x_wconf 89' lang='lat' dir='ltr'>diunt</span> <span class='ocrx_word' id='word_1_173' title='bbox 416 2905 514 2948; x_wconf 89' lang='lat' dir='ltr'>iure</span> <span class='ocrx_word' id='word_1_174' title='bbox 546 2911 739 2950; x_wconf 88' lang='lat' dir='ltr'>naturae</span> <span class='ocrx_word' id='word_1_175' title='bbox 772 2912 819 2950; x_wconf 89' lang='lat' dir='ltr'>et</span> <span class='ocrx_word' id='word_1_176' title='bbox 852 2906 988 2950; x_wconf 91' lang='lat' dir='ltr'>simul</span> <span class='ocrx_word' id='word_1_177' title='bbox 1022 2907 1120 2951; x_wconf 92' lang='lat' dir='ltr'>iure</span> <span class='ocrx_word' id='word_1_178' title='bbox 1154 2907 1471 2951; x_wconf 86' lang='lat' dir='ltr'>ecclesiastico.</span> 
     </span>
    </p>

    <p class='ocr_par' dir='ltr' id='par_1_14' title="bbox 249 2980 2139 3565">
     <span class='ocr_line' id='line_1_29' title="bbox 400 2980 2138 3038; baseline 0.002 -15"><span class='ocrx_word' id='word_1_179' title='bbox 400 2995 432 3026; x_wconf 73' lang='lat' dir='ltr'>e.</span> <span class='ocrx_word' id='word_1_180' title='bbox 466 2980 738 3035; x_wconf 88' lang='lat' dir='ltr'>Antiquitus</span> <span class='ocrx_word' id='word_1_181' title='bbox 770 2982 1134 3025; x_wconf 85' lang='lat' dir='ltr'>numerabantur</span> <span class='ocrx_word' id='word_1_182' title='bbox 1167 2983 1254 3026; x_wconf 84' lang='lat' dir='ltr'>duo</span> <span class='ocrx_word' id='word_1_183' title='bbox 1288 2983 1380 3026; x_wconf 88' lang='lat' dir='ltr'>alia</span> <span class='ocrx_word' id='word_1_184' title='bbox 1420 2983 1753 3038; x_wconf 84' lang='lat' dir='ltr'>impedimenta</span> <span class='ocrx_word' id='word_1_185' title='bbox 1791 2983 2138 3027; x_wconf 89' lang='lat' dir='ltr'>matrimonium</span> 
     </span>
     <span class='ocr_line' id='line_1_30' title="bbox 250 3055 2138 3113; baseline 0.003 -16"><span class='ocrx_word' id='word_1_186' title='bbox 250 3055 565 3110; x_wconf 84' lang='lat' dir='ltr'>impedientia,</span> <span class='ocrx_word' id='word_1_187' title='bbox 611 3056 783 3099; x_wconf 88' lang='lat' dir='ltr'>scilicet</span> <span class='ocrx_word' id='word_1_188' title='bbox 827 3057 1209 3113; x_wconf 84' lang='lat' dir='ltr'>impedimentum</span> <span class='ocrx_word' id='word_1_189' title='bbox 1260 3058 1524 3101; x_wconf 77' lang='lat' dir='ltr'>catechismi</span> <span class='ocrx_word' id='word_1_190' title='bbox 1566 3063 1613 3101; x_wconf 86' lang='lat' dir='ltr'>et</span> <span class='ocrx_word' id='word_1_191' title='bbox 1652 3058 1871 3102; x_wconf 74' lang='lat' dir='ltr'>criminis.</span> <span class='ocrx_word' id='word_1_192' title='bbox 1947 3058 2138 3102; x_wconf 87' lang='lat' dir='ltr'>Nomine</span> 
     </span>
     <span class='ocr_line' id='line_1_31' title="bbox 249 3129 2139 3189; baseline 0.003 -17"><span class='ocrx_word' id='word_1_193' title='bbox 249 3129 513 3173; x_wconf 82' lang='lat' dir='ltr'>catechismi</span> <span class='ocrx_word' id='word_1_194' title='bbox 546 3130 829 3186; x_wconf 82' lang='lat' dir='ltr'>intelligitur</span> <span class='ocrx_word' id='word_1_195' title='bbox 874 3133 1094 3188; x_wconf 69' lang='lat' dir='ltr'>professio</span> <span class='ocrx_word' id='word_1_196' title='bbox 1138 3134 1263 3188; x_wconf 85' lang='lat' dir='ltr'>fidei,</span> <span class='ocrx_word' id='word_1_197' title='bbox 1308 3147 1442 3188; x_wconf 90' lang='lat' dir='ltr'>quam</span> <span class='ocrx_word' id='word_1_198' title='bbox 1484 3133 1790 3189; x_wconf 87' lang='lat' dir='ltr'>baptizandus</span> <span class='ocrx_word' id='word_1_199' title='bbox 1831 3147 1910 3189; x_wconf 89' lang='lat' dir='ltr'>per</span> <span class='ocrx_word' id='word_1_200' title='bbox 1951 3134 2139 3178; x_wconf 89' lang='lat' dir='ltr'>interro-</span> 
     </span>
     <span class='ocr_line' id='line_1_32' title="bbox 251 3204 2139 3263; baseline 0.003 -17"><span class='ocrx_word' id='word_1_201' title='bbox 251 3204 459 3259; x_wconf 82' lang='lat' dir='ltr'>gationes</span> <span class='ocrx_word' id='word_1_202' title='bbox 493 3208 538 3247; x_wconf 90' lang='lat' dir='ltr'>et</span> <span class='ocrx_word' id='word_1_203' title='bbox 570 3206 883 3260; x_wconf 86' lang='lat' dir='ltr'>responsiones</span> <span class='ocrx_word' id='word_1_204' title='bbox 916 3212 1024 3251; x_wconf 89' lang='lat' dir='ltr'>ante</span> <span class='ocrx_word' id='word_1_205' title='bbox 1046 3209 1166 3251; x_wconf 71' lang='lat' dir='ltr'>fores</span> <span class='ocrx_word' id='word_1_206' title='bbox 1192 3208 1405 3252; x_wconf 85' lang='lat' dir='ltr'>ecclesiae</span> <span class='ocrx_word' id='word_1_207' title='bbox 1427 3209 1688 3263; x_wconf 87' lang='lat' dir='ltr'>antiquitus</span> <span class='ocrx_word' id='word_1_208' title='bbox 1712 3209 1923 3253; x_wconf 86' lang='lat' dir='ltr'>emittere</span> <span class='ocrx_word' id='word_1_209' title='bbox 1946 3208 2139 3253; x_wconf 88' lang='lat' dir='ltr'>debebat</span> 
     </span>
     <span class='ocr_line' id='line_1_33' title="bbox 252 3279 2138 3341; baseline 0.004 -20"><span class='ocrx_word' id='word_1_210' title='bbox 252 3287 298 3322; x_wconf 92' lang='lat' dir='ltr'>et</span> <span class='ocrx_word' id='word_1_211' title='bbox 333 3279 502 3335; x_wconf 88' lang='lat' dir='ltr'>partim</span> <span class='ocrx_word' id='word_1_212' title='bbox 537 3280 685 3324; x_wconf 84' lang='lat' dir='ltr'>adhuc</span> <span class='ocrx_word' id='word_1_213' title='bbox 719 3282 910 3336; x_wconf 80' lang='lat' dir='ltr'>emittit,</span> <span class='ocrx_word' id='word_1_214' title='bbox 946 3283 1126 3337; x_wconf 89' lang='lat' dir='ltr'>quando</span> <span class='ocrx_word' id='word_1_215' title='bbox 1158 3283 1490 3338; x_wconf 82' lang='lat' dir='ltr'>interrogatur,</span> <span class='ocrx_word' id='word_1_216' title='bbox 1521 3298 1631 3327; x_wconf 90' lang='lat' dir='ltr'>num</span> <span class='ocrx_word' id='word_1_217' title='bbox 1665 3285 1900 3328; x_wconf 88' lang='lat' dir='ltr'>renuntiet-</span> <span class='ocrx_word' id='word_1_218' title='bbox 1933 3288 2138 3341; x_wconf 85' lang='lat' dir='ltr'>satanae,</span> 
     </span>
     <span class='ocr_line' id='line_1_34' title="bbox 250 3356 2138 3413; baseline 0.004 -17"><span class='ocrx_word' id='word_1_219' title='bbox 250 3368 358 3397; x_wconf 90' lang='lat' dir='ltr'>num</span> <span class='ocrx_word' id='word_1_220' title='bbox 387 3356 543 3398; x_wconf 87' lang='lat' dir='ltr'>credat</span> <span class='ocrx_word' id='word_1_221' title='bbox 565 3359 649 3398; x_wconf 90' lang='lat' dir='ltr'>etc.</span> <span class='ocrx_word' id='word_1_222' title='bbox 693 3356 789 3399; x_wconf 87' lang='lat' dir='ltr'>Iam</span> <span class='ocrx_word' id='word_1_223' title='bbox 813 3371 919 3400; x_wconf 85' lang='lat' dir='ltr'>vero</span> <span class='ocrx_word' id='word_1_224' title='bbox 943 3357 998 3410; x_wconf 78' lang='lat' dir='ltr'>is,</span> <span class='ocrx_word' id='word_1_225' title='bbox 1031 3358 1108 3412; x_wconf 91' lang='lat' dir='ltr'>qui</span> <span class='ocrx_word' id='word_1_226' title='bbox 1132 3357 1462 3413; x_wconf 87' lang='lat' dir='ltr'>baptizandum</span> <span class='ocrx_word' id='word_1_227' title='bbox 1489 3359 1536 3402; x_wconf 91' lang='lat' dir='ltr'>in</span> <span class='ocrx_word' id='word_1_228' title='bbox 1568 3360 1841 3403; x_wconf 81' lang='lat' dir='ltr'>catechismo</span> <span class='ocrx_word' id='word_1_229' title='bbox 1873 3358 2060 3403; x_wconf 85' lang='lat' dir='ltr'>tenebat</span> <span class='ocrx_word' id='word_1_230' title='bbox 2092 3364 2138 3404; x_wconf 91' lang='lat' dir='ltr'>et</span> 
     </span>
     <span class='ocr_line' id='line_1_35' title="bbox 253 3430 2138 3490; baseline 0.004 -19"><span class='ocrx_word' id='word_1_231' title='bbox 253 3442 332 3483; x_wconf 85' lang='lat' dir='ltr'>pro</span> <span class='ocrx_word' id='word_1_232' title='bbox 366 3443 415 3472; x_wconf 90' lang='lat' dir='ltr'>eo</span> <span class='ocrx_word' id='word_1_233' title='bbox 448 3430 750 3485; x_wconf 87' lang='lat' dir='ltr'>respondebat</span> <span class='ocrx_word' id='word_1_234' title='bbox 780 3432 1058 3487; x_wconf 75' lang='lat' dir='ltr'>(antiquitus</span> <span class='ocrx_word' id='word_1_235' title='bbox 1092 3447 1118 3476; x_wconf 85' lang='lat' dir='ltr'>a</span> <span class='ocrx_word' id='word_1_236' title='bbox 1150 3433 1333 3488; x_wconf 83' lang='lat' dir='ltr'>patrino</span> <span class='ocrx_word' id='word_1_237' title='bbox 1368 3434 1586 3489; x_wconf 86' lang='lat' dir='ltr'>baptismi</span> <span class='ocrx_word' id='word_1_238' title='bbox 1607 3434 1813 3478; x_wconf 74' lang='lat' dir='ltr'>diversus</span> <span class='ocrx_word' id='word_1_239' title='bbox 1837 3437 1969 3490; x_wconf 87' lang='lat' dir='ltr'>erat),</span> <span class='ocrx_word' id='word_1_240' title='bbox 2003 3447 2138 3490; x_wconf 88' lang='lat' dir='ltr'>quan·</span> 
     </span>
     <span class='ocr_line' id='line_1_36' title="bbox 253 3503 2138 3565; baseline 0.004 -20"><span class='ocrx_word' id='word_1_241' title='bbox 253 3503 356 3546; x_wconf 85' lang='lat' dir='ltr'>dam</span> <span class='ocrx_word' id='word_1_242' title='bbox 391 3505 707 3559; x_wconf 79' lang='lat' dir='ltr'>cognationem</span> <span class='ocrx_word' id='word_1_243' title='bbox 751 3506 1036 3561; x_wconf 86' lang='lat' dir='ltr'>spiritualem</span> <span class='ocrx_word' id='word_1_244' title='bbox 1081 3507 1396 3562; x_wconf 73' lang='lat' dir='ltr'>imperfectam</span> <span class='ocrx_word' id='word_1_245' title='bbox 1438 3509 1751 3563; x_wconf 82' lang='lat' dir='ltr'>contrahebat,</span> <span class='ocrx_word' id='word_1_246' title='bbox 1797 3523 1910 3565; x_wconf 84' lang='lat' dir='ltr'>quae</span> <span class='ocrx_word' id='word_1_247' title='bbox 1955 3509 2138 3553; x_wconf 89' lang='lat' dir='ltr'>nomine</span> 
     </span>
    </p>
   </div>
  </div>
 </body>
</html>
