2269 3898
641 1020 1239 1118 Appendix
1316 1023 1365 1102 I.

673 1332 1008 1415 Quaestio
1058 1333 1325 1415 prima.

480 1498 578 1548 De
634 1496 1199 1549 matrimonio
1255 1497 1529 1549 civili.

230 1669 359 1723 182.
399 1669 703 1723 Definitio.
778 1669 1193 1722 Matrimonium
1236 1672 1400 1724 civile
1443 1671 1645 1724 dicitur
1686 1672 1938 1725 voluntas

67 1757 302 1810 ineundi
345 1759 681 1809 matrimonii
723 1775 905 1809 coram
948 1761 1271 1826 magistratu
1314 1758 1466 1810 civili
1508 1778 1569 1811 eo
1613 1760 1721 1812 fine
1763 1761 1935 1814 decla-

68 1856 206 1912 rata⁷
266 1855 323 1897 ut
381 1847 792 1897 matrimonium
848 1848 904 1897 in
957 1847 1070 1899 foro
1126 1846 1278 1898 civili
1328 1857 1608 1917 tamquam
1651 1869 1842 1902 verum
1887 1861 1937 1902 et

69 1935 377 2004 legitimum
419 1942 761 2003 agnoscatur.

221 2053 261 2080 a.
310 2038 519 2081 Voluntas
551 2038 738 2080 ineundi
774 2039 1066 2081 matrimonii.
1130 2040 1392 2082 Auctoritas
1436 2040 1584 2084 civilis
1628 2042 1807 2097 exigere
1848 2058 1937 2087 non

69 2118 236 2168 potest,
289 2118 343 2155 ut
395 2112 592 2155 civiliter
645 2113 962 2156 contrahentes
1004 2113 1304 2156 intentionem
1349 2114 1545 2158 habeant
1589 2129 1742 2159 verum
1785 2118 1937 2160 matri—

72 2187 276 2229 monium
310 2186 512 2240 ineundi,
547 2186 624 2229 sed
656 2186 703 2229 id
738 2188 881 2230 solum
916 2187 1096 2242 exigere
1128 2192 1295 2242 potest,
1328 2193 1379 2230 ut
1411 2188 1551 2231 ritum
1585 2188 1642 2232 ab
1663 2191 1938 2235 auctoritate

75 2260 199 2303 civili
234 2260 564 2315 praescriptum
598 2273 647 2303 e0
681 2262 771 2304 fine
803 2267 1043 2316 peragant,
1076 2264 1128 2303 ut
1167 2261 1366 2316 ipsorum
1400 2263 1740 2306 matrimonium
1782 2278 1936 2308 verum

72 2340 119 2378 et
151 2335 411 2390 legitimum
454 2334 687 2378 habeatur.
752 2335 955 2378 Primum
990 2348 1164 2391 semper
1194 2335 1410 2378 illicitum
1459 2341 1542 2391 est,
1590 2338 1785 2381 alterum
1835 2353 1938 2382 vero

72 2409 122 2452 in
156 2422 201 2452 se
232 2408 448 2452 illicitum
481 2422 571 2451 uon
604 2413 687 2463 est,
721 2409 851 2452 modo
884 2422 1039 2452 verum
1085 2414 1130 2453 et
1169 2410 1430 2464 legitimum
1475 2410 1815 2456 matrimonium
1857 2419 1936 2456 aut

74 2483 167 2526 iam
201 2483 369 2526 initum
404 2487 485 2525 aut
518 2496 621 2525 mox
653 2482 900 2525 ineundum
934 2483 1016 2525 sit:
1067 2483 1114 2525 in
1147 2497 1192 2526 se
1225 2484 1343 2526 enim
1392 2484 1670 2539 prohibitum
1718 2500 1807 2530 non
1855 2495 1938 2541 est,

68 2557 312 2611 quominus
366 2557 684 2612 nupturientes
735 2570 881 2600 coram
932 2557 1210 2612 magistratu
1253 2557 1377 2601 civili
1418 2564 1706 2613 compareant
1749 2573 1938 2616 eumque

68 2631 155 2674 vsub
209 2635 329 2675 certo
383 2631 477 2674 ritu
531 2631 583 2674 de
636 2630 926 2674 matrimonio
979 2635 1210 2674 contracto
1262 2631 1334 2674 vel
1368 2633 1671 2676 contrahendo
1704 2634 1935 2677 certiorem

70 2706 281 2760 reddant,
313 2711 366 2748 ut
399 2719 550 2749 eorum
584 2705 926 2749 matrimonium
960 2707 1148 2748 effectus
1180 2705 1380 2760 legitimi
1402 2706 1681 2749 matrimonii
1705 2707 1937 2751 sortiatur.

224 2795 261 2836 b.
305 2795 360 2837 L't
390 2796 616 2849 tamquam
651 2808 801 2837 rernm
845 2797 1132 2849 afflzoscatnr.
1195 2794 1466 2849 Antiquitus
1510 2795 1690 2850 quidem
1735 2800 1937 2850 potesta-s

67 2868 224 2912 *civilis
256 2868 338 2911 illa
370 2868 677 2922 matrimonia,
714 2881 826 2922 quae
858 2868 905 2911 in
939 2870 1034 2911 foro
1068 2868 1278 2912 ecclesiae
1310 2869 1464 2912 valida
1497 2868 1806 2924 censebantur,
1839 2869 1939 2925 ipsa

75 2955 154 2997 pro
186 2942 353 2985 validis
386 2942 660 2997 agnoscebat
693 2942 844 2997 eisque
877 2944 1065 2986 effectus
1099 2942 1253 2986 civiles
1287 2942 1538 2993 tribuebat;
1584 2942 1752 2986 recenti
1784 2947 1937 2986 autem

67 3020 277 3071 tempore
324 3016 394 3059 ius
443 3015 528 3059 sibi
575 3021 762 3071 arrogat
805 3016 1054 3071 statuendi,
1102 3020 1155 3059 ut
1203 3015 1544 3059 matrimonium
1594 3016 1733 3060 etiam
1790 3030 1935 3060 coram

74 3090 354 3145 magistratu
386 3090 509 3133 civili
557 3090 664 3133 iniri
712 3090 857 3145 possit
896 3095 978 3134 aut
1026 3090 1200 3143 debeat,
1249 3094 1294 3134 et
1341 3091 1423 3134 hoc
1470 3091 1811 3134 matrimonium
1860 3105 1938 3145 pro

75 3164 227 3207 valido
261 3170 307 3208 et
339 3164 466 3207 licito
499 3164 649 3219 habet,
694 3164 780 3207 etsi
828 3165 875 3207 in
927 3166 1023 3208 foro
1072 3164 1282 3208 ecclesiae
1329 3168 1514 3220 propter
1559 3164 1936 3220 impedimentum

77 3238 293 3282 dirimens
326 3243 407 3281 aut
439 3238 691 3293 impediens
723 3238 978 3281 invalidum
1012 3243 1094 3282 aut
1124 3238 1339 3282 illicitum
1373 3239 1448 3282 sit.

226 3339 259 3368 c.
293 3325 506 3369 Graviter
537 3331 723 3381 peccant
756 3327 914 3370 fideles
946 3327 1287 3371 matrimonium
1320 3327 1454 3371 civile
1487 3327 1817 3381 contrahentes,
1862 3327 1937 3381 qui

76 3413 231 3443 verum
265 3399 606 3443 matrimonium
631 3414 788 3444 vcoram
822 3401 1100 3456 magistratu
1133 3401 1256 3444 civili
1305 3401 1420 3444 inire
1466 3401 1733 3444 intendunt:
1783 3413 1939 3443 verum

67 3473 194 3517 ¹enim
230 3473 569 3517 matrimonium
605 3488 760 3530 per-se
791 3475 935 3519 solum
969 3475 1016 3518 in
1047 3477 1144 3518 foro
1177 3475 1387 3519 ecclesiae
1419 3474 1543 3519 licite
1575 3474 1681 3518 iniri
1714 3478 1880 3530 potest..

1677 3548 1758 3589 13*
