2269 3898
690 1122 972 1192 Index
1021 1140 1349 1192 rerum.

384 1271 605 1314 Numerus
640 1271 845 1314 arabicus
878 1285 1115 1315 numerum
1151 1271 1449 1326 marginalem
1483 1272 1671 1315 indicat.

983 1629 1071 1670 A.

80 1717 225 1762 Arrha
258 1718 301 1760 in
336 1718 622 1773 sponsalibus
641 1731 655 1760 .·
688 1731 794 1760 num
830 1717 957 1760 licita
991 1718 1051 1760 sit
1086 1717 1156 1760 45.

975 1898 1063 1938 B.

84 2002 238 2045 Banna
270 2014 311 2042 v.
349 2000 604 2044 Matrimonii
639 2000 943 2054 proclamatio.

84 2075 334 2120 Benedictio
369 2075 615 2130 nuptialis:
650 2075 757 2130 quid
790 2075 850 2118 sit
876 2076 985 2124 157;
1021 2088 1129 2118 num
1165 2075 1316 2130 sponsi
1351 2087 1448 2118 eam
1483 2074 1680 2130 recipere
1713 2078 1960 2119 teneantur

205 2150 313 2192 15?
350 2149 512 2203 quibus
547 2150 829 2193 concedenda
864 2150 923 2192 sit
961 2150 1060 2192 160.

81 2223 301 2279 Biqamia:
336 2224 465 2267 licita
499 2229 567 2267 est
601 2224 670 2265 Ξῖ.

979 2372 1060 2413 C.

84 2447 389 2502 componenda
422 2461 462 2488 v.
497 2447 634 2490 Taxa.

81 2520 333 2566 Consensus
380 2521 735 2564 matrimonialis
753 2537 764 2561 .·
812 2520 907 2563 eius
956 2520 1203 2574 qualitates
1252 2521 1300 2568 ὃς
1357 2522 1493 2564 fietus
1543 2521 1594 2568 5;
1656 2521 1958 2564 simultaneus

200 2596 247 2648 7;
313 2608 390 2650 per
447 2595 653 2649 litteras,
713 2608 792 2650 per
849 2602 1185 2650 procuratorem
1245 2608 1482 2650 expressus
1531 2596 1580 2645 9,·
1642 2609 1750 2638 1111111
1805 2596 1957 2638 valeat

199 2669 541 2713 condicionatus
586 2671 662 2720 10;
719 2669 801 2712 sub
842 2669 1103 2713 condicione
1150 2671 1429 2725 repugnanti
1474 2670 1760 2714 substantiae
1804 2670 1956 2714 matri-

198 2744 337 2787 monii
374 2745 451 2785 11:
487 2744 568 2786 sub
602 2744 863 2787 condicione
896 2744 1106 2788 servandi
1141 2744 1461 2799 virginitatem
1499 2745 1567 2787 11.

974 2908 1062 2949 D.

80 2997 333 3042 neclan-atio
367 2996 646 3039 benedictina
662 3010 677 3038 .·
711 2997 820 3051 quid
854 2996 916 3040 sit
949 3001 995 3039 et
1027 2996 1104 3039 ubi
1137 2996 1295 3052 vigeat
1328 2997 1397 3040 98.

82 3071 305 3126 Delegatio
338 3071 399 3113 ad
431 3071 741 3114 assistentiam
774 3071 1155 3114 matrimonialem
1170 3085 1186 3114 .·
1230 3071 1330 3126 quis
1365 3072 1587 3126 delegare,
1620 3071 1720 3126 quis
1755 3071 1954 3126 delegari

258 3145 403 3200 possit
438 3145 548 3191 155:
581 3158 690 3188 num
715 3145 921 3189 sufficiat
945 3145 1173 3200 delegatio
1197 3145 1424 3200 generalis
1448 3145 1535 3188 155
1556 3163 1564 3197 ;
1600 3159 1709 3189 num
1732 3145 1953 3200 capellani

261 3219 505 3274 indigeant
539 3219 826 3274 delegatione
861 3220 967 3270 155;
1003 3234 1111 3263 1111111
1146 3220 1323 3275 expiret
1365 3224 1511 3263 morte
1553 3219 1809 3274 delegantis
1855 3219 1953 3261 155.

83 3293 359 3348 Dispensatio
396 3293 778 3336 matrimonialis:
811 3307 924 3348 quae
956 3294 1018 3337 sit
1052 3298 1255 3349 potestas
1289 3293 1486 3349 episcopi
1520 3295 1606 3337 130
1640 3308 1720 3344 ss.‚·
1767 3306 1881 3348 quae
1920 3306 1954 3336 s,

201 3367 432 3423 pontificis
467 3369 573 3421 1353
609 3367 875 3422 tribunalia,
908 3381 986 3422 per
1019 3381 1133 3422 quae
1167 3368 1406 3423 dispensat
1441 3369 1550 3419 136;
1595 3367 1691 3411 sine
1724 3380 1859 3410 causa
1891 3366 1954 3409 in-

196 3442 352 3485 valida
384 3446 454 3485 est
488 3442 593 3492 137;
641 3454 754 3495 quae
787 3455 947 3485 causae
994 3443 1236 3486 canonicae
1287 3443 1395 3489 13&
1446 3454 1559 3496 quae
1606 3440 1954 3484 non-canonicae

200 3516 306 3567 1393
342 3516 562 3571 quomodo
595 3517 792 3571 petenda
827 3517 935 3569 140;
985 3516 1033 3560 in
1075 3518 1225 3560 forma
1273 3516 1517 3570 ordinaria,
1565 3514 1801 3568 nobilium,
1849 3528 1955 3569 pau·
