2269 3898
306 141 393 183 218
990 139 1068 181 IV.
1101 137 1168 183 De
1201 139 1490 184 conscientia.

457 275 506 326 3.
561 273 772 338 Quodsi
815 274 1153 325 conscientia
1195 272 1364 324 dubia
1406 292 1584 343 neque
1625 273 1831 325 directe
1883 293 2060 344 neque
2101 276 2181 326 in-

310 362 516 414 directe
559 361 761 430 deponi
789 363 975 430 possit,
1017 363 1160 413 actio
1205 362 1510 414 differenda
1539 362 1640 429 vel,
1679 364 1724 414 si
1753 371 1946 431 urgeat
1976 363 2177 431 agendi

308 452 617 512 necessitas,
700 450 1276 520 a⁹⁴8Qi921ssii9922ssla
1302 460 1422 515 ieet:
1463 452 1569 503 nisi
1611 454 1758 503 enim
1801 454 1856 504 in
1898 452 2003 503 hoc
2044 470 2175 503 casu

308 559 433 609 pars
475 540 642 591 tutior
683 539 990 607 eligeretur,
1035 539 1187 591 fieret
1227 541 1370 591 actio
1415 558 1539 591 cum
1571 543 1909 593 conscientia
1936 542 2176 610 practice

311 627 496 692 dubia,
551 628 698 698 quod
747 649 963 700 semper
1016 639 1307 701 peccatum
1351 639 1457 697 est3
1524 631 1617 700 qui
1659 649 1788 681 vero
1831 630 2186 699 amplectitur

309 724 520 786 partem
580 720 854 785 tutiorem,
909 727 1054 771 certo
1094 719 1272 787 legem
1315 719 1586 781 observat,
1642 721 1742 771 etsi
1783 719 1921 771 forte
1961 737 2071 771 non
2110 726 2180 770 te-

309 815 546 861 neretur.

457 897 568 940 Pars
615 897 762 940 tutior
813 911 864 941 ea
916 902 999 953 est,
1050 911 1162 952 quae
1210 901 1306 941 stat
1353 911 1433 953 pro
1481 898 1795 942 observatione
1840 897 1956 953 legis
1989 900 2036 940 et
2068 909 2188 951 quae·

310 975 550 1026 propterea
584 971 786 1014 excludit
810 984 941 1015 omne
964 971 1214 1026 periculum
1239 985 1290 1015 ea
1312 971 1490 1016 actione
1512 972 1740 1027 peccandi.
1784 972 1838 1015 111
1865 971 2000 1014 dubio
2022 970 2190 1026 igitur,

309 1058 418 1088 num
451 1045 588 1089 liceat
621 1045 845 1089 actionem
879 1059 1058 1101 ponere,
1092 1060 1206 1100 quae
1237 1046 1365 1090 licite
1398 1047 1553 1090 omitti
1586 1051 1752 1102 potest,
1786 1046 1905 1089 actio
1929 1045 2186 1089 omittenda

309 1123 356 1162 et
387 1118 435 1161 in
470 1118 619 1174 dubio,
668 1133 777 1162 num
810 1119 948 1163 liceat
992 1120 1218 1173 actionem
1261 1120 1488 1176 omittere,
1537 1135 1651 1175 quae
1697 1120 1824 1164 licite
1870 1120 1978 1176 poni
2019 1122 2194 1175 potest,

310 1193 429 1236 actio
464 1193 672 1248 ponenda
705 1197 787 1236 est.

958 1430 1252 1488 Articulus
1297 1431 1549 1505 quintus

908 1569 987 1612 De
1021 1568 1272 1618 opinione
1304 1568 1590 1617 probabili.

462 1715 595 1768 199.
651 1715 1014 1769 Declaratio.
1087 1717 1134 1769 1.
1191 1715 1407 1767 Nomen
1458 1716 1725 1785 opinion-is
1776 1715 2083 1768 subiective
2134 1725 2191 1768 et

315 1802 591 1855 obiective
648 1806 903 1874 usurpari
961 1812 1154 1873 potest.
1238 1803 1441 1874 Opinio
1505 1805 1782 1856 subieciivc
1842 1806 2194 1857 considerata

316 1901 395 1944 est
449 1894 649 1944 mentis
704 1912 973 1962 assenSUS,
1030 1913 1136 1964 quo
1191 1893 1328 1945 haec
1378 1901 1600 1963 propter
1649 1896 1858 1946 motiva
1900 1895 2194 1947 suadentia.

311 1984 671 2052 propositioni
724 1982 1003 2048 adhaeret,
1064 1992 1120 2035 at
1174 2001 1299 2035 cum
1354 1984 1648 2035 formidine
1703 1984 1769 2036 de
1812 1986 2092 2054 opposit03
2136 1993 2191 2036 et

315 2072 500 2140 opinio
543 2071 790 2124 obiectivc
831 2072 1180 2124 considerata
1222 2081 1300 2124 est
1341 2074 1460 2143 ipsa
1500 2092 1588 2126 res
1617 2092 1711 2125 seu
1741 2075 2057 2144 propositiO,
2098 2075 2188 2125 cui

315 2179 470 2212 mens
510 2169 733 2230 propter
763 2163 972 2213 motiva
998 2161 1290 2214 suadentia
1332 2180 1457 2214 cum
1499 2162 1794 2214 formidine
1837 2163 1904 2215 de
1940 2165 2194 2234 opposito

315 2250 592 2304 adhaeret.
674 2251 797 2302 Hoc
853 2270 1014 2303 sensu
1068 2251 1343 2303 obiectivo
1396 2270 1598 2304 nomen
1655 2254 1931 2322 opinionis
1987 2254 2044 2304 in
2085 2255 2191 2306 hoc

314 2346 552 2391 tractatu
592 2342 879 2410 accipitur.

466 2445 535 2487 Ex
567 2444 639 2487 his
674 2445 1019 2489 definitionibus
1052 2450 1204 2501 patet:
1242 2459 1282 2488 α.
1309 2444 1565 2500 opinionem
1590 2445 1839 2489 subiective
1861 2445 2192 2489 consideratam

316 2524 363 2563 et
395 2520 713 2563 conscientiam
734 2521 1019 2576 probabilem
1053 2521 1205 2575 reipsa
1237 2533 1327 2563 non
1362 2519 1565 2562 differre:
1599 2519 1876 2563 conscientia
1898 2519 2018 2563 enim
2041 2519 2196 2575 proba-

317 2595 422 2638 bilis
455 2596 635 2650 proprie
678 2600 748 2639 est
787 2595 1024 2650 iudicium,
1070 2608 1155 2650 quo
1201 2607 1328 2637 mens
1371 2594 1548 2637 iudicat
1592 2594 1792 2648 aliquam
1837 2594 2060 2638 actionem
2102 2607 2201 2638 esse

316 2671 492 2714 licitam
527 2671 599 2714 vel
630 2670 845 2714 illicitam
879 2670 955 2713 sed
991 2683 1092 2713 cum
1125 2668 1372 2712 formidine
1405 2655 1610 2723 errandi3
1653 2669 1689 2711 b.
1735 2669 1917 2712 dubium
1949 2668 2193 2725 positivum

317 2745 412 2787 lato
446 2757 579 2788 sensu
612 2748 847 2800 acceptum
881 2748 928 2788 et
960 2744 1209 2800 opinionem
1245 2743 1494 2787 subiective
1537 2743 1867 2787 consideratam
1901 2743 2075 2799 pariter
2105 2756 2195 2786 non

321 2818 523 2862 differre:
559 2819 750 2873 quodvis
784 2819 904 2864 enim
939 2818 1127 2862 dubium
1161 2817 1412 2874 positivum
1447 2823 1517 2862 est
1551 2817 1720 2873 opinio.

469 2909 518 2960 2.
575 2908 936 2961 Probabiliias
976 2908 1210 2960 alicuius
1252 2909 1528 2977 opinionis
1577 2909 1926 2976 (sententiae)
1981 2913 2061 2958 est
2100 2905 2195 2958 illa

321 2998 568 3050 eiusdem
611 3000 933 3068 proprietas,
989 3016 1096 3067 qua
1149 3006 1370 3067 propter
1420 2984 1645 3065 motiva,
1705 2998 1906 3067 quibus
1947 2995 2187 3062 fulcitur,

321 3090 428 3139 viri
469 3087 757 3157 prudentis
800 3105 1082 3139 assensum
1125 3096 1381 3167 meretur,
1436 3088 1537 3138 etsi
1592 3105 1717 3138 cum
1770 3085 2065 3137 formidine
2126 3083 2194 3135 de

323 3179 589 3247 opposito.
668 3177 814 3246 Ergo
858 3179 1163 3230 sententiae
1205 3176 1438 3228 alicuius
1478 3175 1927 3246 probabilitatem
1955 3175 2196 3226 rationes

324 3269 681 3329 constituunt,
730 3266 931 3336 quibus
974 3286 1037 3318 ea
1079 3265 1298 3318 suaderi
1340 3274 1393 3316 et
1433 3265 1656 3335 probari
1697 3272 1890 3334 potest.

473 3356 686 3412 Opinioni
733 3360 901 3399 natura
949 3369 1030 3399 sua
1077 3355 1290 3399 convenit
1336 3355 1481 3398 maior
1528 3355 1732 3398 minorve
1774 3352 2072 3409 probabilitas
2114 3364 2196 3406 pro

326 3433 595 3476 diversitate
628 3431 873 3486 rationum,
918 3430 1079 3485 quibus
1123 3443 1175 3473 ea
1206 3429 1406 3472 inititur.
1470 3429 1573 3472 Ideo
1621 3427 1900 3483 multiplices
1947 3425 2192 3470 divisiones
2232 3434 2241 3438 '

325 3506 665 3562 probabilitatis
709 3518 848 3560 aeque
890 3505 944 3548 de
977 3504 1188 3560 opinione
1221 3517 1373 3547 omnes
1408 3503 1647 3546 dicuntur:
1700 3502 1928 3557 loquimur
1975 3500 2095 3544 enim
2144 3500 2199 3543 de
