2301 3962
326 153 355 194 4
1106 145 1404 190 Introductio.

472 282 532 328 In
566 280 892 338 compluribus
925 285 1094 324 tamen
1129 277 1294 323 ethica
1328 282 1378 323 et
1411 276 1664 334 theologia
1699 277 1900 322 moralis
1935 276 2191 323 differunt:

475 371 515 399 α.
548 355 762 401 Ratione
786 353 925 396 medii
940 352 1233 408 coquitioms:
1269 351 1465 396 ethicae
1486 350 1614 395 enim
1633 350 1846 395 medium
1867 350 2195 407 cognoscendi

329 437 405 478 est
436 429 565 476 ratio
598 427 855 479 naturalis,
889 425 1169 483 theologiae
1202 424 1405 470 moralis
1441 430 1605 470 autem
1629 424 1842 470 medium
1868 424 2195 482 cognoscendi

326 503 613 564 primarium
638 501 832 558 quidem
857 505 933 546 est
954 499 1204 546 revelatio
1228 498 1410 556 divina,
1446 498 1790 544 secundarium
1813 511 1931 543 vero
1967 502 2043 543 est
2064 498 2194 543 ratio

327 579 422 625 fide
456 579 723 623 illustrata.

476 652 513 701 ¹3.
547 649 763 695 Ratione
788 649 966 692 obiecti:
1002 648 1065 693 ad
1082 648 1328 694 veritates
1354 647 1481 693 enim
1507 647 1698 694 ethicas
1719 647 1977 705 ¹theologia
1995 647 2195 693 moralis

329 726 601 783 complures
638 723 779 768 addit
810 722 1054 769 veritates
1101 736 1160 767 ex
1202 721 1513 768 revelatione
1560 721 1729 767 divina
1764 721 2061 779 depromtas,
2113 734 2197 766 eas

327 798 640 858 praesertim,
674 811 795 856 quae
833 797 895 841 ad
917 796 1073 843 vitam
1099 795 1530 854 supernaturalem
1553 796 1863 853 virtutesque
1888 795 2197 852 theologicas

327 872 630 919 referuntur.

475 962 515 999 γ.
548 945 765 991 Ratione
780 945 894 1002 finis
911 958 927 989 ,·
953 944 1120 990 ethica
1146 944 1274 989 enim
1298 943 1541 989 hominem
1562 943 1736 1001 dirigit
1760 943 1823 989 ad
1840 942 2199 1002 perfectionem

330 1029 379 1067 et
411 1021 556 1066 finem
589 1019 891 1073 naturalem;
936 1018 1188 1076 theologia
1223 1018 1423 1064 moralis
1459 1022 1624 1063 autem
1659 1018 1722 1063 ad
1753 1015 2114 1076 perfectionem
2148 1022 2199 1063 et

329 1096 473 1141 finem
507 1093 952 1151 supernaturalem.

477 1169 514 1210 ὃ.
547 1167 764 1212 Ratione
798 1167 1046 1209 mediorum
1063 1180 1077 1208 .·
1110 1166 1361 1223 theologia
1398 1166 1525 1212 enim
1561 1165 1761 1211 moralis
1788 1166 1932 1211 docet
1957 1165 2201 1211 hominem

330 1243 491 1289 media
511 1240 927 1299 supernaturalia,
960 1240 1262 1298 praesertim
1288 1254 1406 1285 vero
1426 1245 1742 1285 sacramenta
1768 1253 1795 1284 a
1818 1239 1929 1285 Deo
1953 1239 2200 1295 instituta,

328 1324 383 1363 ut
414 1318 552 1362 homo
588 1329 751 1360 eorum
787 1314 968 1360 auxilio
1015 1314 1076 1359 ad
1110 1314 1255 1359 finem
1288 1314 1425 1359 vitae
1462 1320 1700 1359 aeternae
1734 1315 1998 1372 pervenire
2031 1314 2201 1373 possit.

480 1407 515 1451 b.
550 1405 635 1450 Ad
669 1404 978 1457 doymaticam.

479 1495 519 1524 α.
543 1479 758 1526 Veteres
782 1477 1002 1534 theologi
1021 1478 1322 1535 theologiam
1352 1477 1682 1535 dogmaticam
1703 1491 1731 1522 a
1749 1477 1999 1534 theologia
2024 1476 2201 1522 morali

331 1569 424 1601 non
458 1553 792 1599 distinxerunt
825 1551 911 1596 sed
947 1565 1111 1597 omnes
1136 1552 1381 1598 veritates
1415 1552 1669 1598 revelatas
1700 1553 1893 1598 nomine
1919 1552 2201 1610 theologiae

331 1627 669 1688 speculativae
706 1626 768 1672 ad
800 1640 945 1671 unum
981 1626 1235 1672 doctrinae
1272 1640 1446 1684 corpus
1480 1626 1798 1683 redegerunt.

481 1705 518 1753 β.
551 1702 737 1748 Postea
770 1714 887 1746 vero
921 1700 1218 1758 theologiam
1257 1701 1493 1745 moralem
1529 1714 1557 1745 a
1592 1700 1873 1758 dogmatica
1901 1704 2201 1758 separarunt

332 1784 381 1824 et
418 1781 704 1835 separatam
735 1780 1127 1833 pertractarunt,
1171 1774 1242 1819 ita
1276 1780 1330 1820 ut
1361 1775 1622 1830 veritates,
1658 1788 1781 1832 quae
1818 1774 1881 1819 ad
1916 1773 2201 1830 dirigendos

332 1865 489 1897 mores
537 1855 781 1908 spectant,
823 1849 1104 1906 theologiae
1152 1849 1341 1906 morali,
1393 1863 1477 1894 eas
1511 1863 1642 1905 vero,
1694 1863 1818 1908 quae
1868 1849 2088 1906 proxime
2139 1848 2202 1894 ad

332 1939 490 1972 mores
523 1939 617 1970 non
649 1923 949 1969 referuntur.
995 1923 1303 1980 dogmaticae
1351 1924 1647 1970 tribuerent.
1711 1923 1858 1969 Hanc
1903 1922 2203 1980 theologiam

331 1999 668 2054 theoreticam,
702 1998 841 2043 illam
874 1998 1150 2055 practicam
1185 1998 1516 2056 appellarunt.

478 2088 547 2130 Ex
581 2086 650 2129 his
683 2090 814 2141 patet
845 2087 1015 2129 multas
1047 2087 1267 2130 veritates
1317 2088 1508 2130 morales
1557 2101 1583 2130 a
1633 2087 1790 2130 divina
1822 2086 2101 2130 revelatione
2135 2087 2202 2129 de-

334 2166 537 2217 promtas
572 2174 665 2204 esse
699 2165 744 2204 et
767 2165 1002 2215 tamquam
1038 2162 1256 2216 dogmata
1288 2162 1346 2204 ad
1370 2161 1595 2205 obiectum
1629 2161 1738 2204 fidei
1762 2161 2003 2216 pertinere.
2057 2161 2203 2203 Immo

331 2235 582 2290 complures
623 2239 739 2277 'sunt
773 2234 1007 2290 veritates,
1057 2236 1109 2278 de
1159 2235 1321 2289 quibus
1370 2236 1549 2290 aequali
1581 2235 1679 2278 iure
1726 2239 1826 2278 tum
1873 2235 1922 2278 in
1971 2235 2205 2290 theologia

333 2309 596 2365 dogmatica
627 2314 727 2352 tum
761 2308 810 2352 in
843 2309 1004 2352 morali
1040 2323 1183 2352 sermo
1216 2310 1403 2353 institui
1437 2314 1604 2365 potest,
1636 2316 1689 2353 ut
1723 2309 1943 2353 veritates
1978 2309 2031 2352 de
2063 2321 2204 2351 sacra-

331 2384 512 2439 mentis,
548 2385 600 2427 de
633 2384 976 2438 iustificatione,
1012 2385 1065 2427 de
1097 2384 1274 2439 merito,
1310 2385 1362 2428 de
1395 2386 1486 2428 fine
1519 2384 1729 2439 hominis,
1764 2384 1817 2427 de
1849 2382 2117 2437 virtutibus,
2151 2382 2205 2425 de

330 2457 526 2513 peccatis
560 2462 642 2501 etc.

480 2562 520 2599 γ.
554 2546 827 2605 Theologia
853 2548 1135 2605 dogmatica
1159 2548 1318 2605 quoad
1340 2548 1602 2601 veritateS,
1637 2560 1761 2604 quae
1783 2546 1846 2591 ad
1870 2546 2023 2592 solam
2042 2544 2204 2602 fidem,

333 2635 427 2666 non
478 2621 539 2666 ad
584 2635 743 2666 mores
793 2622 1061 2679 pertinent,
1100 2621 1381 2678 theologiae
1432 2621 1634 2667 moralis
1682 2619 2058 2666 fundamentum
2114 2624 2204 2671 est,

334 2696 455 2742 adeo
488 2702 543 2741 ut
577 2697 740 2742 altera
774 2697 985 2742 alteram
1017 2693 1197 2741 fulcire
1246 2702 1393 2754 atque
1427 2696 1686 2741 illustrare
1723 2695 1916 2740 debeat.
1980 2693 2050 2740 Et
2086 2707 2204 2739 sane

332 2770 471 2827 ipsae
520 2769 727 2815 hominis
775 2771 994 2816 actiones
1049 2770 1263 2816 morales
1314 2784 1374 2816 ex
1426 2770 1728 2817 veritatibus
1784 2768 2078 2826 dogmaticis
2144 2767 2203 2813 de

334 2843 528 2889 iustitia
562 2848 611 2889 et
643 2849 847 2900 peccato
883 2844 1128 2902 originali,
1175 2845 1234 2890 de
1282 2844 1589 2890 redemtione
1626 2849 1675 2890 et
1707 2843 1876 2902 gratia
1908 2842 2204 2889 redemtoris

336 2917 617 2963 accuratius
667 2922 718 2962 et
762 2916 1034 2976 perfectius
1083 2919 1453 2975 intelliguntur3
1509 2924 1559 2964 et·
1603 2919 1875 2977 complures
1925 2917 2058 2964 aliae
2093 2920 2206 2962 sunt

334 2991 575 3037 veritates
626 2992 960 3049 dogmaticae,
1012 2990 1135 3050 quae
1177 2993 1381 3039 multum
1427 2993 1551 3038 lucis
1597 2992 1856 3039 affundunt
1902 2991 2204 3039 veritatibus

334 3065 614 3111 moralibus.

486 3214 540 3267 ὃ.
583 3214 917 3270 Methodus.
959 3215 1252 3267 Methodus
1294 3216 1601 3284 theologiae
1643 3214 1864 3267 moralis
1899 3224 1980 3267 est
2009 3211 2209 3266 modus

337 3310 390 3354 et
447 3302 640 3366 forma,
703 3321 842 3372 quae
899 3304 956 3354 in
1012 3304 1301 3356 tractanda
1356 3304 1631 3373 theologia
1688 3304 1878 3356 morali
1935 3310 2201 3357 servatur.

336 3390 564 3460 Triplex
630 3391 986 3460 distinguitur
1051 3392 1368 3444 methodus:
1446 3395 1698 3462 positiva,
1765 3392 2090 3445 scholastica
2152 3399 2205 3442 et

339 3481 646 3533 casuistica.
