2269 3898
415 241 481 282 De
518 237 797 292 obligatione
829 237 1045 280 tendendi
1079 238 1125 279 in
1158 239 1292 279 finem
1328 236 1557 278 ultimum.
1863 235 1917 276 ‘27

205 373 300 416 Hoc
333 375 652 426 argumentum
684 369 753 412 ita
785 369 984 413 exhiberi
1018 373 1194 423 potest:
1248 369 1368 411 Deus
1412 370 1547 411 finem
1583 368 1798 410 ultimum
1844 368 1919 410 ho-

58 447 194 490 minis
227 459 273 489 se
305 445 570 495 constituit;
606 445 683 487 sed
712 457 760 487 eo
784 443 894 497 ipse,
928 443 1045 497 quod
1079 444 1215 484 finem
1248 442 1463 484 ultimum
1499 455 1543 485 se
1568 441 1824 495 constituit,
1848 441 1919 483 ho-

58 520 170 563 mini
202 519 421 574 imposuit
454 518 779 573 obligationem
813 517 860 559 in
893 518 1029 560 finem
1063 516 1278 559 ultimum
1312 516 1545 558 tendendi.

207 609 255 662 3.
295 608 506 659 Eadem
549 607 810 674 obligatio
853 607 1126 675 expressis
1166 604 1351 656 verbis
1405 624 1443 658 s.
1489 606 1789 673 scripturae
1830 603 1918 655 ho-

59 699 196 748 mini
257 698 589 765 iniungitur:
670 716 781 747 cum
846 703 980 746 metu
1040 703 1087 745 ez}
1144 702 1362 744 tremore
1426 703 1646 744 cestram
1706 692 1922 743 salutem

61 787 356 856 operamini
367 787 419 851 ¹).

209 948 300 1002 25.
345 948 492 1020 Quid
534 946 818 1000 involvat.
890 947 935 999 1.
974 947 1252 1014 Imprimis
1293 953 1509 995 tenetur
1549 944 1711 995 homo
1756 943 1920 993 finem

61 1037 312 1088 ultimum
369 1054 695 1103 cognoscere
756 1043 808 1086 et
862 1035 970 1086 fide
1029 1033 1445 1104 apprehendere
1508 1050 1742 1101 eumque
1803 1050 1922 1082 con-

61 1129 282 1178 stituere
323 1126 487 1178 finem
531 1127 678 1177 vitae
719 1143 849 1176 suae
891 1123 1125 1177 moralis.

212 1231 258 1283 2.
288 1230 530 1281 Tenetur
556 1247 775 1280 servare
805 1235 1112 1297 praecepta.
1166 1226 1219 1279 Si
1262 1228 1407 1277 enim
1451 1227 1756 1294 prosecutio
1800 1224 1924 1274 finis

63 1321 411 1388 praecipitur,
456 1319 617 1371 simul
659 1318 994 1387 praecipitur
1036 1334 1195 1367 omne
1236 1315 1311 1380 id,
1355 1315 1499 1383 quod
1543 1314 1612 1364 ad
1639 1315 1804 1364 finem
1835 1312 1924 1362 ob-

63 1408 354 1460 tinendum
381 1409 749 1459 necessarium
781 1415 885 1471 est3
931 1406 1024 1456 sed
1061 1405 1131 1456 ad
1161 1405 1325 1455 finem
1356 1403 1717 1455 obtinendum
1747 1419 1925 1452 neces-

67 1499 210 1548 saria
237 1505 317 1548 est
345 1496 654 1548 observatio
684 1504 1103 1564 praeceptorum
1134 1502 1187 1545 et
1214 1512 1344 1544 usus
1371 1493 1677 1544 mediorum
1721 1490 1925 1552 salutis,

65 1594 333 1656 quatenus
375 1584 511 1635 haec
553 1586 651 1637 sub
695 1585 851 1653 gravi
896 1591 1187 1652 praecepta
1228 1590 1383 1648 sunt3
1442 1583 1490 1633 si
1538 1582 1614 1632 vis
1656 1580 1727 1630 ad
1765 1579 1927 1630 vitam

64 1675 286 1745 inqredi,
328 1693 478 1725 serva
518 1672 839 1735 ›mandata‘ss'ffi
925 1670 1029 1730 Qua·
1054 1672 1202 1741 facit
1244 1670 1559 1722 voluntatem
1596 1671 1772 1738 patris
1814 1669 1926 1731 mei,

64 1766 153 1834 (μα’
191 1765 249 1815 in
289 1763 445 1815 coelis
486 1771 575 1828 est,
616 1763 728 1831 ipse
770 1761 992 1812 intrabit
1030 1762 1087 1812 in
1126 1779 1336 1830 refluum
1378 1758 1699 1824 coelorum3).

215 1868 264 1919 3.
305 1867 547 1918 Tenetur
587 1883 683 1934 per
718 1865 1112 1934 poenitentiam
1144 1866 1448 1915 instaurare
1477 1871 1676 1913 statum
1703 1861 1927 1928 gratiae,

67 1959 110 2009 si
164 1976 262 2026 per
316 1963 603 2025 peccatum
659 1953 887 2006 mortale
929 1956 1162 2005 amissus
1202 1954 1380 2005 fuerit.
1462 1951 1741 2002 Existenti
1785 1950 1929 1999 enim

68 2047 124 2097 in
178 2053 321 2098 statu
375 2045 588 2114 peccati
645 2042 907 2109 mortalis,
962 2045 1167 2112 quippe
1221 2043 1376 2092 cuius
1430 2040 1684 2091 voluntas
1739 2058 1769 2089 a
1811 2038 1928 2088 Deo

68 2153 262 2186 aversa
314 2134 578 2185 adhaeret
631 2132 795 2184 rebus
844 2133 1090 2197 terrenis,
1146 2139 1368 2200 propter
1410 2130 1683 2181 defectum
1726 2129 1928 2178 virium

72 2225 234 2275 nimis
275 2223 510 2275 arduum
553 2230 633 2273 est
673 2239 930 2290 superare
974 2220 1345 2285 difficultates,
1390 2237 1529 2288 quae
1556 2219 1611 2268 in
1640 2216 1930 2268 observan-

70 2314 154 2365 dis
183 2332 280 2383 per
304 2311 530 2379 longum
559 2319 774 2379 tempus
798 2311 1109 2379 praeceptis
1132 2307 1547 2360 occurrentibus
1569 2306 1931 2374 reperiuntur,

70 2404 176 2453 nisi
216 2400 558 2453 voluntatem
599 2419 631 2451 a
671 2400 912 2468 peccatis
940 2407 1196 2450 retractet
1225 2399 1518 2466 Deumque
1546 2395 1710 2446 rebus
1740 2395 1933 2444 creatis

70 2491 365 2542 efficaciter
405 2488 772 2558 anteponat4).

217 2594 283 2635 De
316 2592 608 2647 difficultate,
642 2606 754 2647 quae
785 2591 1010 2646 reperitur
1042 2589 1089 2633 in
1121 2589 1396 2644 assignando
1420 2598 1636 2642 tempore,
1670 2587 1793 2630 intra
1819 2584 1935 2640 quod

70 2669 179 2712 haec
211 2665 431 2721 obligatio
463 2666 695 2721 implenda
728 2666 804 2719 sit,
837 2665 946 2709 alibi
981 2678 1123 2707 sermo
1156 2662 1401 2714 recurrit5).

225 2829 260 2883 ¹)
293 2829 409 2872 Phil.
444 2829 484 2883 2,
519 2829 589 2871 12.
1017 2826 1049 2882 ²)
1081 2827 1249 2870 Matth.
1286 2826 1356 2880 19,
1393 2826 1460 2868 17.

224 2904 256 2960 ³)
289 2904 454 2947 Matth.
491 2904 529 2958 7,
562 2904 631 2946 21.

222 2978 256 3033 ⁴)
288 2979 354 3021 Cf.
400 2978 446 3021 S.
485 2978 678 3022 Thomas
718 2977 755 3021 I.
788 2977 847 3020 Π.
882 2991 921 3032 q.
958 2977 1055 3019 109.
1091 2990 1129 3019 a.
1164 2976 1203 3018 8.
1237 2975 1296 3016 Π.
1331 2974 1389 3016 Π.
1425 2987 1464 3027 q.
1501 2974 1568 3016 14.
1604 2987 1641 3016 a.
1679 2972 1717 3015 2.
1792 2972 1937 3026 LngsO,

72 3053 140 3096 De
171 3052 454 3108 poenitentia
487 3053 600 3108 disp.
636 3053 675 3095 7.
707 3066 751 3096 n.
785 3052 872 3095 234
904 3065 957 3094 ss.

226 3127 260 3182 ⁵)
293 3127 360 3170 Cf.
394 3128 465 3169 De
497 3127 799 3170 sacrcmzentis
829 3140 874 3169 n.
907 3125 1007 3168 215.
