2269 3898
700 162 765 204 De
797 160 1047 204 virtutibus
1080 161 1397 204 cardinalibus.
1893 163 1978 206 263

268 294 315 345 2.
372 294 496 345 Non
549 312 736 345 omnes
790 296 1019 345 virtutes
1070 293 1300 345 morales
1350 295 1594 346 eiusdem
1637 304 1762 346 sunt
1804 295 1976 364 digni-

117 383 244 433 tatis
284 390 336 433 et
374 382 727 451 perfectionis
769 381 1089 447 essentialis,
1144 383 1238 433 sed
1283 382 1577 452 prudentia
1634 383 1755 434 aliis
1808 385 1974 435 virtu-

117 470 265 522 tibus
331 469 731 535 cardinalibus,
798 471 1006 521 iustitia
1069 471 1376 522 fortitudini
1445 480 1497 522 et
1561 474 1973 541 temperantiae,

104 561 373 630 fortitudo
415 561 811 628 temperantiae
852 568 1108 628 praestat.

264 647 400 691 Ratio
422 648 571 703 primi
600 651 668 691 est
701 651 800 690 tum
834 647 940 702 quia
988 647 1232 702 prudentia
1278 647 1326 690 in
1374 648 1593 691 nobiliore
1641 648 1841 692 subiecto
1890 653 1973 704 est,

116 728 215 766 tum
239 722 344 776 quia
366 722 480 765 alias
502 722 699 765 virtutes
723 722 915 765 morales
940 722 1115 776 dirigit.
1180 722 1317 765 Ratio
1343 722 1529 765 secundi
1549 727 1632 775 est,
1665 723 1770 777 quia
1791 723 1974 766 iustitia

116 800 214 839 tum
248 796 501 839 subiectum
534 800 632 839 tum
667 795 890 839 obiectum
923 796 1118 839 nobilius
1150 796 1301 851 habet,
1342 809 1475 851 quam
1518 796 1729 850 virtutes,
1775 809 1886 851 quae
1928 797 1976 839 in

113 870 325 925 appetitu
372 869 590 913 sensitivo
625 874 732 913 sunt
764 875 810 913 et
844 870 959 913 circa
989 870 1217 925 passiones
1242 875 1497 913 versantur.
1558 870 1694 913 Ratio
1728 871 1857 912 tertii
1890 876 1973 924 est,

114 944 219 998 quia
250 945 476 988 fortitudo
509 945 768 1002 appetitum
803 944 986 987 subiicit
1017 944 1185 987 rationi
1219 945 1266 987 in
1308 944 1393 998 his,
1438 958 1550 998 quae
1593 944 1650 987 ad
1696 948 1884 986 mortem
1930 952 1975 985 et

112 1018 258 1061 vitam
292 1018 537 1072 pertinent.

261 1152 386 1206 235.
428 1153 640 1205 Partes
681 1167 951 1205 annexae
993 1153 1287 1206 virtutum
1329 1152 1744 1205 cardinalium.
1808 1152 1972 1201 iuxta

112 1261 151 1295 s.
180 1243 426 1293 leomam
448 1242 518 1293 ad
536 1260 982 1311 unamquamque
1007 1243 1266 1294 virtutem
1287 1241 1622 1293 cardinalem
1646 1250 1751 1292 tres
1777 1240 1975 1291 classes

112 1333 379 1382 virtutum
402 1330 692 1382 moralium
715 1332 1006 1400 pertinent,
1033 1350 1170 1400 quae
1193 1331 1336 1382 illius
1360 1340 1486 1382 sunt
1505 1339 1692 1400 partes
1718 1348 1973 1391 cmncoeae,

112 1422 253 1471 sicut
292 1428 464 1471 totum
507 1419 674 1472 habet
714 1428 895 1489 partes
924 1439 1196 1471 annexas:
1241 1420 1380 1471 aliae
1408 1421 1556 1471 enim
1586 1420 1815 1469 virtutes
1850 1425 1975 1468 sunt

111 1508 477 1561 cardinalium
534 1517 715 1577 partes
770 1508 1135 1575 subiectivae,
1191 1508 1330 1560 aliae
1384 1516 1567 1577 partes
1619 1508 1971 1574 integrantes,

109 1598 250 1650 aliae
292 1605 473 1666 partes
514 1597 855 1666 potentiales

259 1707 306 1740 α.
350 1687 540 1737 Partes
582 1686 892 1738 subiectivae
934 1687 1152 1738 virtutis
1201 1686 1325 1738 illae
1382 1688 1654 1750 dicuntur,
1712 1704 1849 1755 quae
1904 1685 1973 1736 ad
2013 1757 2025 1761 ,-

109 1794 229 1827 eam
272 1775 584 1827 referuntur
625 1784 684 1826 ut
725 1778 935 1845 species
977 1776 1047 1827 ad
1090 1795 1288 1846 genus;
2032 1836 2038 1852 ἶ

260 1865 303 1918 b.
348 1874 529 1934 partes
569 1866 891 1935 inteyrcmtes
927 1865 1050 1916 illae
1093 1874 1377 1927 Vocantur,
1421 1883 1561 1934 quae
1602 1866 1970 1934 requiruntur,
2017 1851 2134 1923 siff*

108 1962 170 2003 ut
223 1955 397 2005 virtus
449 1955 518 2004 sit
570 1955 784 2022 integra
835 1973 928 2005 seu
971 1962 1031 2005 ut
1071 1954 1286 2005 facilius
1328 1962 1380 2005 et
1420 1953 1715 2023 perfectius
1757 1954 1971 2022 operari
1990 1923 2078 1967 ιζ’

1496 2026 1648 2035 Ἣ--
1655 2022 1882 2037 ,μ-Ἁ,,-Ι-.«-ψ“

2138 1724 2162 1789 (⁷⁴

108 2043 306 2110 possit3

258 2151 294 2183 c.
338 2139 517 2200 partes
548 2131 870 2200 potentiales
912 2132 1036 2183 illae
1065 2132 1339 2198 dicuntur,
1384 2150 1523 2202 quae
1565 2132 1756 2182 Virtuti
1799 2130 1970 2182 cardi-

33 2240 38 2243 ’
108 2219 220 2270 nali
251 2220 473 2289 quidem
503 2221 696 2272 affines
724 2229 864 2287 sunt,
909 2223 964 2272 in
1007 2221 1188 2291 aliquo
1231 2240 1360 2273 vero
1403 2241 1434 2273 a
1474 2222 1719 2293 perfecta
1760 2221 1970 2271 ratione

108 2308 253 2359 illius
295 2309 514 2360 virtutis
557 2309 835 2363 deficiunt.
892 2310 1171 2362 Dicuntur
1209 2318 1394 2379 partes
1436 2309 1778 2379 potentiales,
1814 2309 1969 2378 quasi

106 2415 217 2448 non
261 2397 525 2448 habentes
565 2405 735 2449 totam
778 2400 1079 2467 potentiam
1121 2399 1445 2468 principalis
1487 2400 1721 2451 virtutis.

671 2931 1006 3014 Quaestio
1057 2931 1403 2997 secunda.

500 3080 587 3132 De
629 3080 1031 3133 virtutibus
1075 3079 1572 3135 cardinalibus.

255 3223 381 3277 236.
424 3224 668 3275 Virtutes
699 3223 1004 3277 cardinales
1030 3226 1234 3295 triplici
1273 3227 1431 3278 modo
1471 3226 1804 3278 considerari
1847 3244 1965 3295 pos-

104 3319 256 3363 sunt:
302 3332 350 3365 α.
390 3312 455 3364 Ut
480 3313 696 3363 virtutes
725 3314 978 3383 speciales
1014 3316 1154 3365 inter
1190 3333 1244 3366 se
1287 3323 1339 3366 et
1378 3314 1448 3366 ab
1490 3314 1611 3366 aliis
1653 3314 1962 3375 distinctae,

105 3407 375 3469 quatenus
427 3401 687 3453 nimirum
729 3420 916 3454 earum
959 3403 1234 3456 obiectum
1278 3403 1348 3455 ad
1391 3403 1811 3455 determinatam
1853 3421 1961 3454 ma-

104 3489 298 3540 teriam
341 3490 701 3556 restringitur,
746 3492 802 3542 in
845 3510 952 3560 qua
993 3491 1246 3560 specialis
1287 3491 1542 3543 honestas
1583 3491 1803 3545 relucet.
