2269 3898
290 43 377 87 160
1028 41 1100 84 III.
1134 43 1201 84 De
1232 41 1425 97 legibus.

287 190 414 220 sac-ro
450 177 671 220 interesse
705 190 795 219 non
828 189 972 230 posse,
1005 189 1095 218 non
1129 175 1275 218 solum
1310 179 1469 219 eontra
1508 177 1880 232 temperantiam,
1923 178 2002 221 sed
2034 177 2174 221 etiam

287 258 447 295 eontra
479 255 772 306 praeceptum
808 250 1027 293 audiendi
1061 249 1177 293 sacri
1213 249 1454 304 delinquit.

435 342 485 392 5.
547 340 669 390 Lex
723 340 948 391 tandem
1003 338 1212 408 obligat
1264 340 1336 391 ad
1378 339 1673 391 vitandum
1722 339 2023 410 periculum
2053 360 2174 410 pec·

285 431 447 481 candi
488 437 678 480 contra
717 428 926 497 legem:
983 427 1078 481 lex
1119 430 1283 495 6111111,
1340 447 1481 498 quae
1523 430 1794 499 praecipit
1834 430 2013 481 vitare
2054 448 2173 499 pec-

287 526 486 584 catum,
531 536 592 569 eo
622 519 740 588 ipso
783 519 1056 587 praecipit
1084 520 1249 570 etiam
1280 519 1459 570 vitare
1488 518 1561 586 id,
1606 519 1755 588 quod
1792 537 1918 571 611111
1948 527 2176 589 peccato

285 607 564 659 moraliter
605 609 964 660 coniunctum
1008 616 1106 673 est,
1150 607 1360 659 scilicet
1400 607 1709 677 periculum
1752 609 2041 678 peccandi.

436 713 522 767 Qui
556 727 662 769 ergo
697 713 794 757 sine
825 713 951 758 iusta
998 727 1133 757 eausa
1166 727 1211 756 se
1255 713 1443 769 exponit
1492 713 1692 769 periculo
1736 713 1968 769 peccandi,
2019 717 2181 757 contra

284 788 407 831 idem
441 794 738 844 praeceptum
773 792 945 844 peccat,
980 789 1108 832 cuius
1141 788 1346 832 violandi
1379 788 1632 844 periculum
1667 789 1868 843 quaerit:
1918 803 2024 833 nam
2059 789 2182 832 velle

284 863 537 918 periculum
571 863 787 918 peccandi
820 863 942 907 idem
977 867 1047 907 est
1080 877 1132 906 ac
1163 863 1282 906 velle
1313 863 1465 919 ipsum
1499 868 1754 919 peccatum,
1790 864 1909 919 quod
1945 877 1994 907 eo
2028 863 2182 907 maius

284 941 370 993 est,
404 952 490 993 quo
525 938 673 982 maius
705 942 775 982 est
808 937 1075 993 periculum.

903 1175 1200 1233 Articulus
1244 1175 1545 1233 secundus

719 1314 798 1354 De
832 1312 1159 1363 obligatione
1191 1313 1372 1362 legum
1405 1313 1738 1362 specialium.

860 1477 892 1532 59
928 1479 976 1521 1.
1041 1479 1127 1521 De
1159 1480 1274 1532 1696
1300 1475 1592 1532 ροεηαῑὶι).

435 1626 565 1681 139.
611 1625 764 1699 Quid
808 1627 909 1680 sit.
969 1627 1015 1680 1.
1060 1626 1173 1678 Leoe
1205 1625 1458 1696 poenalis
1500 1645 1564 1679 ea
1608 1635 1703 1693 631,
1747 1645 1890 1697 quae
1931 1644 2043 1679 non
2085 1626 2178 1679 ob·

280 1716 418 1785 ligat
458 1718 516 1768 in
560 1716 901 1768 conscientia
943 1715 1014 1767 ad
1056 1715 1270 1786 aliquid
1311 1715 1635 1768 faciendum
1665 1715 1755 1768 vel
1786 1716 2181 1783 omittendum,

249 1807 379 1859 ‘sed
436 1805 613 1858 solum
670 1806 742 1858 ad
788 1805 1139 1858 subeundam
1194 1823 1450 1874 poenam,
1510 1807 1554 1857 si
1599 1807 1656 1858 in
1700 1824 1832 1858 casu
1873 1814 2177 1875 transgres-

283 1898 453 1950 sionis
503 1896 671 1948 fuerit
727 1895 958 1950 inflicta.
1038 1895 1112 1947 Et
1158 1894 1297 1947 haec
1352 1896 1577 1966 quidem
1629 1896 1835 1949 dicitur
1886 1896 1979 1949 lex
2040 1916 2179 1949 mere

283 1986 549 2058 poenalis,
603 1994 664 2038 ut
706 1986 1082 2055 distinguatur
1122 2004 1154 2038 a
1194 1985 1315 2054 lege
1368 1987 1552 2056 mima,
1612 2005 1754 2056 quae
1796 1994 1876 2038 est
1918 2005 2177 2058 praecep-

282 2079 399 2129 tiva
441 2084 494 2129 et
534 2076 699 2129 simul
739 2075 988 2146 poenalis
1029 2078 1106 2143 (n.
1152 2076 1238 2130 90.
1280 2077 1354 2143 3).

432 2167 575 2222 Leges
608 2166 756 2222 igitur
789 2166 1001 2222 poenales
1032 2179 1123 2209 non
1157 2165 1368 2221 obligant
1412 2166 1573 2210 stricte
1616 2166 1675 2210 ad
1707 2166 1970 2210 faciendum
2005 2168 2079 2211 vel
2112 2166 2180 2210 vi·

283 2243 492 2298 tandum,
515 2242 635 2297 quod
658 2255 737 2297 per
758 2242 908 2297 legem
933 2240 1176 2295 statuitur,
1200 2241 1278 2284 sed
1302 2241 1449 2284 solum
1473 2241 1530 2284 ad
1554 2241 1883 2297 acceptandam
1907 2254 2100 2297 poenam
2122 2246 2186 2285 utv

282 2318 469 2372 iustam,
505 2317 543 2360 si
576 2316 697 2361 actio
731 2316 803 2359 vel
837 2315 1021 2359 omissio
1045 2329 1072 2358 a
1094 2316 1197 2371 lege
1219 2317 1404 2360 intenta
1425 2316 1574 2360 locum
1598 2330 1689 2360 non
1712 2316 1890 2360 habuit.
1934 2316 2028 2360 Lex
2051 2330 2178 2360 mere

282 2392 486 2448 poenalis
518 2405 609 2435 non
643 2395 713 2435 est
734 2391 822 2444 lex,
857 2403 972 2445 quae
993 2391 1120 2434 nullo
1144 2391 1278 2435 modo
1302 2390 1481 2446 obligat
1502 2390 1552 2434 in
1575 2390 1869 2447 conscientia,
1897 2392 1975 2435 sed
1999 2398 2070 2436 est
2087 2391 2183 2447 lexy

283 2481 397 2523 quae
429 2466 569 2511 aliam
604 2465 934 2522 obligationem
967 2465 1272 2510 conscientiae
1304 2480 1396 2509 non
1427 2465 1609 2510 inducit
1653 2465 1745 2509 nisi
1789 2466 1848 2510 ad
1894 2465 2177 2510 subeundam

284 2555 489 2598 poenam.

433 2633 482 2685 2.
549 2631 946 2702 Legislatorem
1002 2650 1162 2702 posse
1220 2631 1458 2684 condere
1511 2631 1661 2700 leges
1718 2649 1870 2684 mere
1913 2630 2183 2702 poenales-

283 2741 395 2775 non
437 2730 518 2774 est
559 2722 822 2774 dubium:
880 2740 1011 2774 nam
1065 2721 1158 2774 lex
1201 2740 1348 2774 mere
1396 2721 1649 2792 poenalis
1690 2722 1964 2774 rationem
2007 2739 2176 2773 verae

282 2813 419 2883 legis
479 2812 663 2878 habet,
718 2831 895 2883 aeque
949 2831 1014 2864 ac
1065 2811 1158 2864 lex
1213 2814 1603 2882 praeceptiva3
1673 2812 1769 2864 sed
1810 2830 1843 2863 a
1885 2810 2182 2878 thate

282 2901 609 2982 legislatoris
654 2902 946 2972 dependet,
991 2902 1212 2973 qualem
1244 2902 1423 2972 legem
1455 2902 1692 2955 condere
1723 2901 1874 2955 velit.
1937 2902 2182 2971 Insuper·

284 2975 493 3045 loo-num
535 3010 829 3044 commune
871 2992 1206 3062 quandoque
1247 2991 1414 3045 aliam
1455 2991 1635 3062 legem
1677 3008 1844 3062 quam
1879 2989 2171 3060 poenalem
2229 2995 2234 3000 ’

284 3101 396 3136 11011
449 3082 639 3151 exigit,
706 3100 767 3133 eo
823 3082 970 3152 quod
1027 3081 1238 3135 subditi
1304 3100 1374 3133 ex
1425 3081 1536 3134 solo
1579 3083 1776 3134 timore
1830 3098 2044 3151 poenae
2101 3078 2175 3132 ad

284 3171 693 3226 observandam
733 3170 911 3241 legem
954 3172 1292 3224 sufficienter
1332 3170 1708 3242 impellantur.

443 3353 471 3407 l)
506 3351 688 3396 Suara&
719 3352 748 3395 l.
783 3366 818 3398 6.
857 3353 886 3395 1.
922 3352 963 3395 5.
1006 3366 1041 3395 6.
1075 3351 1102 3395 3
1146 3365 1203 3396 ss.
1267 3351 1565 3405 Bc'ederlaclc,
1614 3351 1701 3395 Die
1747 3350 1892 3395 Lehre
1944 3361 2034 3393 von
2083 3348 2174 3392 den

285 3427 645 3483 Ponalgesetzen
679 3426 966 3484 (Zeitsehrift
997 3428 1073 3470 fiir
1104 3428 1147 3470 k.
1184 3426 1339 3471 Theol.
1375 3427 1504 3470 1899.
1569 3427 1611 3471 S.
1647 3426 1732 3470 155
1765 3423 1853 3482 ff).
