2301 3962
759 1010 1243 1091 Introduc-tio

538 1182 599 1225 in
643 1180 1027 1239 theologiam
1069 1183 1373 1229 moralem
1391 1177 1440 1246 Γ).

666 1337 1008 1429 Quaestio
1057 1338 1323 1420 prima.

405 1490 496 1542 De
538 1490 807 1541 natura
849 1488 1233 1553 theologiae
1276 1490 1579 1542 moralis.

202 1650 255 1701 1.
315 1647 620 1702 Definitio.
711 1651 757 1702 1.
834 1648 1116 1717 Theoloyia
1175 1649 1392 1701 moralis
1448 1650 1665 1702 definiri
1720 1662 1923 1722 potest:

53 1739 283 1788 seientia
349 1740 629 1789 actionum
697 1737 939 1788 hominis
1005 1737 1311 1802 moralium,
1393 1749 1554 1808 prout
1627 1742 1697 1793 ad
1761 1744 1924 1795 finem

53 1825 304 1877 ultimum
348 1826 819 1895 supernaturalem
865 1826 1193 1894 diriguntur.

202 1929 242 1957 α.
283 1915 505 1959 Obiectmn
539 1916 781 1958 materiale
815 1915 1073 1970 theologiae
1117 1916 1303 1959 moralis
1347 1927 1453 1960 sunt
1498 1917 1694 1961 hominis
1728 1920 1926 1964 actiones

51 1991 274 2034 morales:
307 1991 388 2034 has
422 1991 542 2034 enim
586 1991 687 2046 ipsa
734 1990 782 2033 in
816 1991 953 2033 finem
990 1990 1251 2045 dirigendas
1301 1991 1504 2046 suscipit.
1569 1992 1759 2047 Propria
1790 1995 1924 2050 ratiO,

52 2079 185 2119 quam
219 2065 268 2109 in
300 2066 364 2109 eis
398 2066 668 2120 considerat,
703 2078 781 2108 seu
813 2065 1025 2108 obiectam
1040 2065 1247 2121 formale
1280 2074 1347 2108 est
1372 2079 1525 2108 earum
1550 2067 1800 2121 moralitas,
1832 2068 1862 2110 i.
1888 2081 1923 2110 e.

52 2153 205 2183 earnm
238 2140 400 2184 relatio
450 2141 507 2183 ad
556 2142 694 2183 finem
728 2140 969 2189 ultimuun
1022 2153 1096 2182 eas
1143 2153 1305 2194 nempe
1337 2140 1607 2193 considerat,
1657 2149 1793 2195 prout¹
1840 2143 1923 2185 fini

50 2214 216 2257 ultimo
241 2215 515 2258 conveniunt
549 2220 630 2257 ant
662 2227 751 2256 non
777 2213 1051 2256 conveniunt
1085 2220 1131 2256 et
1154 2213 1341 2268 proinde
1374 2214 1432 2256 ad
1464 2213 1595 2257 illum
1623 2214 1920 2259 obtinendum

51 2297 186 2342 aptae
219 2289 291 2331 vel
324 2288 507 2343 ineptae
541 2296 661 2331 sunt.

201 2363 237 2406 b.
271 2363 483 2406 Actiones
505 2363 705 2404 morales
738 2362 953 2405 dicuntur
984 2360 1184 2404 actiones
1217 2375 1243 2404 a
1277 2361 1526 2405 deliberata
1551 2362 1747 2405 hominis
1769 2364 1923 2406 volun-

52 2444 150 2479 tate
172 2437 482 2491 procedentes,
516 2443 738 2490 quatenns
772 2437 830 2479 ad
852 2437 989 2479 finem
1013 2435 1229 2478 ultimum
1252 2437 1539 2478 referuntur:
1576 2437 1768 2480 morales
1803 2437 1921 2480 enim

53 2511 268 2554 dicuntur
299 2511 406 2554 illae
439 2511 655 2565 actiones,
690 2524 803 2565 quae
838 2511 1057 2554 humanos
1091 2523 1236 2553 mores
1270 2509 1502 2553 efficiunt:
1538 2510 1667 2564 atqui
1700 2511 1922 2554 humanos

50 2599 195 2629 mores
237 2585 345 2628 illae
387 2590 571 2629 tantum
619 2586 820 2629 actiones
853 2585 1077 2639 efficiunt,
1126 2597 1239 2639 quae
1286 2598 1313 2627 a
1359 2584 1502 2627 libera
1532 2585 1772 2627 voluntate
1821 2585 1922 2628 diri-

50 2665 187 2715 gente
233 2661 411 2704 ratione
452 2661 717 2715 procedunt.
780 2661 1015 2703 Hnmanos
1048 2673 1193 2702 mores
1241 2664 1395 2702 autem
1439 2658 1556 2701 istae
1599 2658 1799 2702 actiones
1831 2673 1922 2702 non

49 2740 281 2789 utcunque
315 2735 625 2778 consideratae
648 2735 952 2789 constituunt,
986 2734 1063 2777 sed
1097 2737 1231 2788 prout
1255 2733 1397 2776 bonae
1419 2732 1491 2775 vel
1516 2733 1663 2775 malae
1688 2739 1810 2788 sunt,
1844 2746 1921 2776 seu

49 2814 185 2864 prout-
221 2810 278 2852 ad
309 2810 448 2852 finem
481 2809 698 2852 ultimum
731 2810 1017 2852 referuntur:
1066 2808 1175 2851 illae
1208 2808 1328 2851 enim
1363 2807 1503 2850 bonae
1535 2812 1772 2861 vocantur,
1805 2821 1919 2862 qnae

49 2884 106 2926 ad
139 2884 276 2927 finem
309 2893 445 2938 aptae
477 2890 599 2939 sunt,
633 2896 746 2938 qnae
768 2896 872 2926 vero
905 2883 962 2926 ad
997 2884 1135 2925 finem
1157 2882 1341 2936 ineptae
1365 2890 1487 2935 sunt,
1520 2882 1667 2924 malae
1690 2881 1918 2925 dicuntur.

201 3031 236 3085 1)
269 3032 561 3087 Bouqm'llon,
594 3031 844 3085 Theologia
865 3031 1051 3074 moralis
1082 3028 1469 3073 fundamentalis²
1490 3029 1688 3084 (Brugis.
1711 3030 1918 3083 Beyaert.

50 3106 194 3159 1890).
227 3105 500 3159 ᾹΘΙΠηᾹἸιΙιΙ,
533 3105 783 3160 Theologia
809 3105 1040 3148 moralis¹⁰
1069 3104 1314 3159 (Friburgi.
1346 3104 1521 3147 Herder
1546 3104 1691 3148 1902‘1.
1733 3104 1921 3157 Miller„

49 3179 299 3234 Theologia
328 3179 535 3223 Ποῖα-1137
584 3180 905 3235 (Vindobonae.
939 3179 1106 3233 Maxer.
1153 3179 1297 3233 1894).
1361 3177 1594 3230 Salmone,
1635 3178 1921 3233 AJIgemeine

47 3254 428 3309 Moraltheologie
457 3254 710 3310 (Freiburg.
743 3255 930 3305 Herder.
967 3252 1117 3309 1885).
1171 3251 1346 3305 Simar,
1378 3251 1617 3295 Lehrbuch
1652 3252 1729 3295 der
1759 3253 1919 3295 Moral-

47 3329 277 3384 theologie
311 3328 561 3384 (Freiburg.
595 3330 782 3373 Herder.
817 3328 960 3382 1893).
1024 3328 1227 3379 Praner.
1273 3326 1650 3381 Moraltheologie
1683 3325 1917 3382 (Kirchen-

47 3402 281 3458 lexikon²j.
319 3404 526 3460 Gbps'ert,
557 3401 956 3456 Moralt-heologiess
986 3401 1274 3456 (Paderborn.
1308 3400 1582 3455 Schoningh.
1617 3400 1763 3454 1901).
1796 3401 1916 3443 Kra-

47 3478 240 3533 ιτηΐελῃ,
270 3477 729 3532 Moraltheologische
762 3474 1058 3531 Einleitnng²
1089 3475 1309 3529 (Breslau.
1342 3474 1581 3518 Aderholz.
1623 3473 1767 3530 1898).

138 3568 331 3600 Noldin
347 3593 355 3608 ,
380 3569 439 3598 De
462 3569 673 3608 principiis.
1716 3551 1736 3591 Ῑ
