2269 3898
290 264 353 306 ρο
879 260 913 302 Ι.
948 261 1014 303 De
1046 261 1136 303 fine
1168 260 1365 303 hominis
1397 261 1574 307 ultimo.

449 396 496 446 2.
542 395 676 445 Tres
736 402 862 444 sunt
914 395 1145 444 virtutes
1197 394 1552 463 theologicae,
1608 415 1805 464 nempe
1843 397 2003 464 fides,
2046 417 2165 468 spes

299 493 352 536 et
392 485 606 534 carita-5.

448 586 488 614 a.
524 571 565 614 S.
599 571 765 614 Paulus
802 571 855 613 de
887 571 1140 614 virtutibus
1173 572 1442 627 theologicis
1476 573 1690 616 scribens:
1736 588 1852 617 nnnc
1893 577 2040 617 antem
2073 589 2166 617 ma-

297 652 403 690 nent
426 646 561 703 fides,
601 659 719 701 spes,
758 646 946 697 caritas,
979 646 1071 688 tria
1103 646 1247 700 ἢπερ,-
1279 647 1428 689 maior
1460 650 1608 690 autem
1640 648 1800 690 horum
1844 652 1913 691 est
1953 649 2168 701 caritas¹)

299 721 501 775 loquitur
535 721 588 763 de
636 733 798 775 genere
845 720 1072 763 virtutum
1122 720 1178 763 ab
1228 721 1435 764 omnibus
1483 722 1587 764 aliis
1634 722 1886 765 virtutibus
1935 722 2166 766 distincto.

296 797 402 839 Ideo
437 796 675 838 concilium
709 795 1012 839 tridentinum
1049 797 1271 839 declarat:
1306 796 1355 839 in
1387 797 1488 851 ipsa
1519 797 1849 841 iustificatione
1883 811 1982 840 cum
2015 797 2166 840 remis-

300 871 423 914 sione
455 876 741 925 peccatorum
775 871 883 913 haec
932 871 1083 914 omnia
1131 871 1267 913 simul
1314 871 1469 914 infusa
1515 872 1682 926 accipit
1728 873 1861 915 homo
1909 885 1988 927 per
2019 873 2169 916 Iesum

297 944 548 999 Christum,
581 945 652 987 cui
685 944 917 1000 inseritur,
946 945 1099 1001 fidem,
1131 959 1253 1000 spem
1287 945 1577 1001 caritatemff).

447 1020 483 1062 b.
519 1019 629 1062 Cum
663 1021 719 1062 ad
752 1021 890 1063 finem
925 1021 1315 1074 supernaturalem
1363 1021 1583 1063 destinati
1632 1021 1787 1075 simus,
1821 1021 1941 1064 Deus
1988 1035 2069 1064 nos
2105 1035 2171 1064 ca-

300 1107 431 1149 paces
463 1094 649 1137 reddere
681 1095 840 1137 voluit.
877 1095 951 1148 qui
984 1095 1041 1137 ad
1075 1108 1175 1138 eum
1211 1095 1386 1137 actibus
1420 1095 1794 1150 proportionatis,
1826 1108 1988 1150 nempe
2009 1095 2170 1138 intrin-

297 1182 423 1212 secus
448 1169 885 1224 supernaturalibus,
904 1169 1262 1212 connaturaliter
1284 1170 1593 1220 tenderemus;
1630 1170 1687 1212 ad
1709 1170 1792 1212 hoc
1814 1176 1967 1213 autem
1994 1182 2171 1212 necesse

296 1243 404 1297 fuit,
438 1248 489 1286 ut
523 1243 707 1286 habitus
739 1243 966 1286 virtutum
1002 1243 1361 1298 theologicarum
1395 1244 1524 1287 nohis
1556 1245 1922 1287 intunderentur.
1985 1245 2099 1287 Nam
2118 1249 2171 1287 ut

297 1318 345 1360 in
378 1319 522 1360 Deum
557 1318 690 1360 finem
729 1318 1120 1372 supernaturalem
1154 1318 1340 1360 tendere
1372 1317 1611 1373 possimus,
1644 1332 1823 1362 necesse
1855 1324 1939 1373 est,
1971 1323 2024 1361 ut
2070 1331 2171 1362 eum

298 1392 710 1447 supernaturaliter
727 1405 1063 1446 cognoscamus,
1086 1396 1139 1434 ut
1163 1392 1500 1446 supernaturali
1522 1392 1742 1435 desiderio
1766 1392 1814 1436 in
1838 1406 1939 1436 eum
1957 1395 2171 1444 feramur,

297 1467 485 1510 tandem
520 1471 571 1509 ut
605 1466 1016 1521 supernaturaliter
1063 1465 1103 1508 ei
1154 1467 1509 1517 conformemur3
1562 1466 1690 1520 atqui
1736 1467 1933 1521 primum
1983 1467 2175 1510 habetur

300 1554 380 1596 per
411 1542 564 1595 fidem,
598 1541 793 1584 alterum
827 1554 906 1595 per
938 1554 1078 1595 spem,
1112 1540 1300 1583 tertium
1335 1553 1414 1595 per
1446 1540 1687 1583 caritatem
1731 1541 2052 1597 theologicam,
2095 1555 2175 1597 per

298 1615 483 1659 habitus
516 1616 663 1670 igitur
695 1615 869 1658 infusos
902 1615 1129 1657 virtutum
1163 1615 1537 1669 theologicarum.

449 1691 497 1743 3.
562 1691 804 1741 Virtutes
864 1689 1202 1757 theologicas
1263 1709 1293 1740 a
1355 1691 1472 1741 Deo
1537 1691 1696 1741 nobis
1752 1691 1975 1760 infundi
2034 1710 2174 1742 com-

300 1780 484 1849 plures
539 1780 605 1831 de
662 1779 771 1830 fide
826 1788 1034 1829 certum
1090 1778 1283 1830 dicunt
1338 1798 1406 1830 ex
1448 1779 1567 1830 loco
1612 1781 1776 1831 citato
1821 1780 2041 1831 concilii
2085 1782 2175 1831 tri·

300 1869 531 1923 dentini.
591 1868 973 1920 Infunduntur
1014 1878 1199 1919 autem
1242 1887 1433 1921 omnes
1476 1869 1636 1920 simul
1681 1888 1790 1920 una
1832 1888 1957 1920 cum
1997 1871 2176 1938 gratia

303 1959 700 2023 sanctificante,
743 1967 799 2009 at
839 1977 948 2009 non
992 1977 1182 2009 omnes
1224 1958 1386 2009 simul
1429 1961 1773 2011 amittuntur.

452 2049 501 2100 4.
550 2048 778 2113 Quoties
817 2050 995 2116 gratia
1038 2049 1390 2100 sanctificans
1433 2058 1664 2119 (παρείην,
1720 2048 1881 2100 simul
1935 2067 2060 2099 cum
2114 2067 2178 2099 ea

304 2139 469 2188 etiam
499 2138 729 2188 virtutes
764 2136 1106 2205 theologicae
1136 2157 1259 2189 cum
1289 2137 1514 2207 reliquis
1545 2138 1845 2189 virtutibus
1871 2146 2175 2206 augentur:

304 2236 456 2278 tanta
497 2229 644 2278 enim
686 2235 764 2278 est
806 2229 1075 2279 connexio
1119 2229 1260 2279 inter
1302 2229 1534 2298 gratiam
1576 2237 1628 2279 et
1658 2230 1903 2289 virtutes,
1947 2235 2007 2278 ut
2048 2245 2172 2278 cum

305 2315 397 2367 illa
454 2317 835 2383 infundantur,
893 2326 1289 2369 conserventur
1345 2327 1397 2369 et
1452 2326 1788 2385 augeantur3
1847 2317 1940 2368 sed
1997 2318 2177 2385 gratia

308 2407 660 2457 sanctificans
704 2409 1053 2476 susceptione
1097 2418 1566 2458 sacramentorum
1621 2417 1673 2457 et
1714 2405 1874 2457 bonis
1917 2406 2178 2475 operibus

305 2496 602 2564 augetur3).

453 2586 502 2638 ἶ).
561 2585 836 2649 Quamvis
891 2588 1122 2637 virtutes
1177 2585 1519 2653 theologicae
1573 2603 1698 2635 cum
1751 2587 1928 2653 gratia
1983 2586 2178 2635 sancti-

305 2677 506 2726 ficante
562 2694 750 2726 omnes
806 2675 968 2727 simul
1022 2675 1389 2726 infundantur
1442 2683 1607 2743 atque
1657 2693 1725 2724 ex
1768 2693 1831 2725 ea
1874 2674 2178 2739 dimanent,

306 2782 416 2815 non
471 2774 656 2816 tamen
713 2784 900 2817 omnes
959 2783 1084 2816 cum
1143 2784 1206 2816 ea
1262 2766 1591 2827 amittuntur,
1649 2763 1743 2815 sed
1797 2773 2030 2832 pereunt
2083 2782 2180 2832 per

307 2862 462 2904 actus
504 2855 635 2921 ipsis
678 2858 969 2924 oppositos
1007 2858 1019 2883 s

460 2943 642 2985 Caritas
675 2958 774 2986 cum
809 2944 961 2999 gratia
994 2943 1312 2987 sanctificante
1345 2956 1423 2998 per
1471 2943 1661 2997 quodvis
1709 2947 1944 2998 peccatum
1989 2942 2182 2985 mortale

309 3017 558 3071 amittitur,
591 3018 704 3060 fides
738 3024 892 3061 autem
926 3022 970 3062 et
1005 3031 1102 3072 spes
1136 3018 1280 3060 solum
1314 3031 1394 3072 per
1426 3026 1660 3072 peccatum
1694 3018 1886 3060 mortale
1928 3016 2000 3059 his
2039 3017 2181 3059 Virtu-

308 3091 432 3134 tibus
467 3091 635 3135 directe
668 3093 926 3147 oppositum
961 3092 1264 3135 amittuntur:
1309 3093 1423 3135 fides
1456 3092 1574 3134 enim
1610 3097 1656 3134 et
1704 3105 1804 3146 spes
1847 3098 2014 3134 natura
2058 3103 2181 3145 prae·

309 3167 474 3209 cedunt
523 3166 777 3221 caritatem,
830 3168 887 3210 ad
941 3181 1039 3210 eam
1095 3167 1343 3222 disponunt
1395 3172 1533 3220 atque
1580 3167 1852 3221 conducunt,
1907 3169 2182 3220 quapropter

308 3240 476 3283 amissa
519 3241 711 3284 caritate
759 3255 847 3284 non
895 3241 1178 3284 amittuntur
1225 3242 1320 3285 eius
1369 3241 1579 3296 praeviae
1623 3240 1945 3296 dispositiones
1992 3240 2070 3284 sed
2117 3252 2179 3282 re-

310 3319 496 3358 manent
529 3315 575 3358 in
619 3320 865 3370 peccatore,
914 3322 968 3358 ut
1017 3330 1118 3359 eum
1167 3316 1214 3358 in
1263 3316 1569 3370 recuperanda
1619 3315 1811 3359 caritate
1859 3315 2032 3358 iuvent.
2095 3313 2182 3356 Per

465 3480 499 3529 ¹)
535 3481 572 3521 1.
607 3480 702 3522 Cor.
739 3480 807 3533 13,
844 3480 910 3522 13.

461 3553 491 3593 ²,
525 3554 653 3596 Cone.
687 3553 794 3596 trid.
829 3567 934 3596 sess.
969 3554 1006 3595 6.
1044 3567 1077 3595 c.
1114 3554 1152 3595 7.

464 3629 495 3677 τί>
532 3628 696 3673 Concil.
734 3628 839 3670 trid.
874 3640 977 3670 sess.
1013 3628 1052 3670 6.
1088 3641 1182 3671 can.
1218 3627 1287 3668 94.
