2269 3898
933 1122 1502 1217 Xndex-

963 1486 1033 1541 De
1077 1486 1435 1540 matrimonio.

282 1623 499 1677 Quaestio
538 1624 577 1664 1.
612 1622 679 1664 De
710 1625 878 1663 natura
911 1619 1193 1662 matrimonii
1251 1652 2014 1661 ...........

401 1698 501 1740 Art.
537 1698 574 1738 1.
610 1696 677 1738 De
710 1693 1003 1737 matrimonio
1037 1698 1090 1736 ut
1123 1698 1385 1736 contractus
1419 1701 1486 1736 est
1554 1727 2012 1735 .......

402 1774 501 1815 Art.
536 1771 575 1812 9.
611 1771 677 1812 De
710 1769 1002 1812 matrimonio
1036 1775 1090 1811 ut
1123 1773 1458 1812 sacramentum
1493 1774 1560 1812 est
1629 1802 2011 1811 ......

401 1848 502 1889 Art.
535 1846 576 1888 3.
611 1845 677 1887 De
711 1843 994 1886 matrimonii
1029 1843 1331 1887 divisionibus
1405 1877 2012 1885 .........

402 1922 500 1964 Art.
536 1921 576 1962 4.
610 1919 677 1962 De
709 1921 941 1974 potestate
974 1918 1187 1961 ecclesiae
1219 1917 1267 1960 in
1301 1917 1646 1961 matrimonium
1705 1951 2013 1960 .....

404 1997 504 2038 Art.
539 1995 580 2037 5.
615 1994 682 2036 De
716 1998 947 2048 potestate
981 1992 1275 2036 auctoritatis
1310 1992 1460 2035 civilis
1494 1992 1541 2035 in
1575 1991 1921 2035 matrimonium

287 2084 505 2139 Quaestio
545 2084 584 2126 2.
620 2083 687 2126 De
719 2081 1080 2138 proprietatibus
1114 2082 1412 2125 matrimonii.

402 2160 502 2202 Art.
537 2160 578 2200 1.
612 2158 679 2201 De
711 2157 896 2200 unitate
928 2155 1213 2199 matrimonii
1258 2189 2018 2199 ...........

401 2235 500 2276 Art.

284 2473 501 2528 Quaestio
542 2474 582 2517 3.
618 2473 685 2516 De
718 2471 1017 2527 sponsalibus.

536 2233 577 2274 ἱ).
611 2232 678 2275 De
711 2231 1125 2275 indissolubilitate
1158 2231 1443 2274 matrimonii
1480 2265 2014 2274 ........

475 2308 503 2363 ξ
538 2309 575 2350 l.
611 2308 677 2350 De
711 2307 1003 2350 matrimonio
1036 2312 1138 2349 rato
1171 2306 1377 2350 fidelium
1405 2340 2019 2350 .........

535 2383 575 2425 Ξ.
611 2382 676 2425 De
710 2381 1003 2425 matrimonio
1037 2387 1350 2424 consummato
1384 2381 1643 2424 infidelium
1710 2416 2018 2423 .....

400 2549 500 2591 Art.
537 2549 575 2589 1.
611 2548 677 2590 De
710 2551 879 2590 natura
911 2545 1193 2600 sponsalium
1252 2579 2018 2588 ...........

401 2624 500 2665 Art.
536 2622 575 2664 2.
610 2622 677 2665 De
711 2620 949 2664 effectibus
983 2620 1265 2675 sponsalium
1331 2654 2016 2663 ..........

402 2699 502 2740 Art.
537 2698 578 2740 3.
611 2698 679 2740 De
713 2695 1013 2739 dissolutione
1046 2695 1340 2750 sponsalium.

478 2772 505 2826 ξ
538 2773 578 2814 1.
614 2772 800 2826 Causae,
836 2770 890 2814 ob
924 2784 1034 2825 quas
1067 2769 1298 2826 sponsalia
1330 2770 1428 2825 ipso
1461 2769 1558 2813 iure
1592 2771 1867 2813 solvuntur.
1935 2802 1943 2810 .
2010 2803 2018 2810 .

477 2846 505 2901 ξ
539 2846 579 2888 2.
615 2845 802 2900 Causae,
836 2844 890 2888 ob
924 2858 1035 2900 quas
1069 2844 1299 2900 sponsalia
1332 2844 1584 2888 rescindere
1616 2844 1722 2888 licet
1785 2878 1793 2886 .
1861 2878 1867 2885 .

281 2936 500 2991 Quaestio
540 2936 580 2978 4.
615 2937 683 2979 De
715 2934 1060 2990 impedimentis
1093 2934 1391 2977 matrimonii.

404 3012 502 3054 Art.
540 3013 579 3053 1.
613 3011 679 3053 De
712 3009 1056 3065 impedimentis
1088 3009 1137 3052 in
1171 3022 1335 3064 genere
1405 3041 2016 3051 .........

403 3087 503 3128 Art.
538 3085 578 3128 2.
612 3085 679 3128 De
711 3084 1054 3139 impedimentis
1086 3082 1446 3138 impedientibus
1478 3083 1527 3126 in
1561 3082 1720 3137 specie.

478 3160 506 3214 ξ
538 3161 578 3202 1.
614 3159 841 3202 Ecclesiae
875 3160 1071 3203 vetitum
1108 3191 2016 3201 .............

478 3233 506 3289 ἓ
539 3234 581 3276 2).
616 3234 814 3288 Tempus
881 3270 886 3275 .
955 3268 962 3275 .
1032 3270 1035 3274 .

477 3308 504 3363 ξ
539 3309 581 3351 3.
616 3308 886 3363 Sponsalia.
955 3343 962 3350 .
1031 3345 1036 3349 .

477 3383 505 3437 ξ
537 3382 579 3425 4.
611 3382 780 3425 Votum
876 3416 885 3425 .
953 3418 960 3426 .
1028 3417 1035 3424 .

482 3457 510 3511 ξ
545 3457 585 3500 5.
619 3456 767 3500 Mixta
799 3456 965 3512 religio

1106 3339 2017 3350 .............

1102 3489 2018 3501 -------------

2072 1519 2163 1556 Pag.

2110 1770 2165 1812 14

2113 1844 2164 1886 19

2109 1919 2167 1947 <20

2111 1950 2165 1961 —u

2115 1993 2171 2035 24

2115 2157 2170 2200 28

2114 2308 2171 2350 30

2113 2382 2169 2423 32

2113 2546 2169 2589 39

2111 2620 2169 2663 49

2111 3006 2169 3049 62

2112 3156 2168 3199 67

2112 3230 2169 3274 68

2112 3304 2169 3348 68

2112 3379 2168 3423 69

2114 3454 2170 3497 7⁶2
