2301 3962
585 239 651 281 De
682 237 887 281 fontibus
919 238 1176 293 theologiae
1208 239 1402 282 moralis.
1908 252 1919 283 c

66 369 288 424 gationes,
337 383 447 424 quas
479 371 610 413 homo
644 383 697 413 ex
730 371 969 413 voluntate
1002 370 1084 413 Dei
1116 371 1318 426 implere,
1366 375 1465 415 tum
1502 373 1664 426 media,
1713 386 1825 426 quae
1857 375 1928 416 ad-

67 442 219 486 hibere
253 442 399 497 debet,
431 446 485 485 ut
516 443 662 485 vitam
697 447 927 486 aeternam
952 448 1263 497 consequatur.
1319 445 1461 497 Quam
1496 445 1549 488 ob
1582 459 1674 489 rem
1697 447 1929 501 theologia

66 516 248 558 moralis
282 515 489 570 specialis
523 517 634 559 duas
680 516 784 559 illas
832 522 985 571 partes
1018 518 1350 572 complectimur,
1392 533 1501 573 quas
1535 534 1670 574 supra
1704 520 1924 563 diximus:

67 589 120 632 (Ze
141 589 402 645 praeceptis
435 593 479 632 et
513 590 567 632 de
599 591 913 632 sacramentis.

630 1119 973 1211 Quaestio
1025 1121 1373 1187 secunda.

364 1271 447 1322 De
491 1267 806 1322 fontibus
849 1270 1232 1334 theologiae
1273 1269 1629 1328 moralisl).

215 1429 269 1482 8.
324 1429 564 1483 Fontes.
663 1429 914 1498 Supremi
971 1430 1148 1480 fontes
1205 1429 1514 1498 theologiae
1570 1431 1804 1493 moralis,
1864 1450 1932 1481 ex

67 1518 267 1587 quibus
309 1519 569 1568 veritates
612 1517 842 1568 morales
884 1517 1227 1585 hauriuntur,
1284 1528 1410 1569 sunt
1455 1519 1705 1570 revelatio
1750 1519 1932 1569 divina

66 1614 117 1657 et
157 1608 297 1657 ratio
338 1607 566 1657 humana
619 1614 735 1657 tum
791 1606 1057 1657 naturalis
1104 1615 1218 1657 tum
1261 1606 1586 1675 theologica,
1628 1626 1728 1676 per
1767 1607 1931 1658 fidem

64 1713 261 1762 nempe
303 1694 583 1747 illustrata.

211 1811 252 1841 a.
287 1797 534 1852 Theologia
582 1797 764 1840 moralis
813 1798 1130 1851 complectitur
1163 1799 1385 1841 veritates
1431 1800 1809 1854 supernaturales
1855 1812 1933 1858 per

64 1872 385 1916 revelationem
425 1872 626 1915 divinam
675 1872 804 1915 nobis
848 1873 1195 1916 manifestatas:
1232 1886 1331 1915 cum
1376 1872 1494 1916 enim
1543 1873 1663 1927 finis,
1711 1874 1768 1916 ad
1802 1886 1931 1927 quem

67 1948 176 1990 haec
208 1947 399 1990 scientia
433 1947 660 1990 hominem
712 1947 906 2001 dirigere
956 1947 1130 2001 debeat,
1181 1947 1542 2001 supernaturalis
1590 1947 1665 2001 sit,
1712 1946 1930 1989 veritates

65 2021 235 2064 ordinis
269 2021 628 2076 supernaturalis
677 2020 725 2062 in
759 2034 804 2063 se
837 2020 1070 2063 contineat
1103 2025 1296 2075 oportet,
1347 2035 1457 2075 quas
1501 2021 1681 2074 quidem
1714 2020 1931 2063 veritates

64 2109 117 2138 ex
149 2095 299 2138 (lirina
333 2095 606 2138 revelatione
641 2108 905 2149 cognoscere
939 2095 1164 2138 debemus.

214 2184 250 2226 b.
283 2184 355 2226 Ad
387 2185 524 2226 finem
559 2183 683 2226 vitae
726 2184 951 2226 humanae
1000 2184 1296 2226 obtinendum
1344 2196 1521 2226 necesse
1570 2188 1652 2237 est,
1699 2188 1753 2226 ut
1800 2183 1930 2226 homo

65 2258 204 2301 etiam
236 2258 360 2312 leges
394 2257 570 2299 ordinis
592 2257 823 2300 naturalis
857 2257 1082 2301 observet:
1117 2257 1223 2300 finis
1258 2257 1375 2300 enim
1410 2257 1769 2311 supernaturalis
1802 2260 1932 2299 natu-

64 2333 203 2375 ralem
237 2333 375 2375 finem
408 2345 497 2373 non
531 2331 733 2375 excludit
768 2332 845 2374 sed
869 2331 1084 2386 supponit
1120 2337 1165 2374 et
1188 2331 1391 2386 perficit;
1429 2330 1634 2385 quocirca
1666 2331 1788 2385 leges
1820 2330 1931 2372 iuris

64 2410 255 2449 naturae
286 2419 365 2460 per
396 2405 617 2448 rationem
637 2405 765 2448 nobis
784 2405 1107 2448 manifestatae
1140 2405 1312 2460 pariter
1343 2407 1401 2448 ad
1425 2405 1649 2448 obiectum
1672 2403 1930 2458 theologiae

66 2480 250 2523 moralis
282 2479 527 2535 pertinent.
594 2479 785 2534 Insuper
817 2480 936 2522 ratio
969 2479 1189 2522 veritates
1222 2480 1414 2522 morales
1449 2478 1673 2521 divinitus
1704 2477 1929 2520 revelatas

67 2554 267 2597 declarat
300 2557 345 2597 et
378 2554 586 2596 illustrat
619 2558 756 2608 atque
789 2567 843 2596 ex
876 2554 939 2596 eis
971 2567 1110 2596 novas
1144 2553 1362 2596 veritates
1386 2552 1700 2596 ratiocinando
1735 2550 1930 2593 deducit.

218 2762 249 2815 ¹)
282 2761 500 2804 Melelzior
536 2762 701 2814 Canas,
747 2762 814 2804 De
861 2761 970 2804 locis
1003 2761 1197 2815 theolog.
1230 2759 1344 2802 VIII.
1378 2761 1417 2802 4.
1482 2760 1551 2802 Ex
1598 2773 1683 2814 quo
1732 2763 1933 2814 tempore

70 2835 302 2890 theologia
335 2835 519 2879 moralis
552 2835 672 2878 inter
705 2835 918 2878 scientias
940 2834 1219 2889 theologicas
1243 2833 1529 2888 disciplinam
1563 2833 1743 2876 exhibet
1778 2846 1855 2888 per
1888 2846 1933 2876 se

65 2908 386 2952 consistentem
420 2923 446 2952 a
479 2909 739 2963 dogmatica
773 2909 1054 2963 distinctam,
1103 2908 1242 2951 etiam
1285 2908 1339 2951 de
1369 2907 1574 2950 fontibus
1608 2921 1685 2950 seu
1735 2908 1789 2950 de
1820 2907 1928 2950 locis

65 2981 322 3036 theologiae
354 2983 538 3026 moralis
570 2983 761 3026 tractari
795 2983 956 3038 coepit.
1000 2982 1103 3026 Etsi
1137 2982 1255 3025 enim
1287 2983 1439 3024 fontes
1462 2981 1722 3036 theologiae
1744 2980 1928 3024 moralis

65 3059 111 3097 et
145 3055 429 3110 dogmaticae
460 3055 598 3099 iidem
631 3058 725 3100 fere
759 3057 866 3111 sint,
898 3057 1140 3099 nonnullos
1174 3059 1329 3098 tamen
1362 3055 1546 3098 moralis
1569 3055 1802 3109 theologia
1834 3067 1929 3108 pro-

65 3130 185 3183 prios
232 3129 381 3173 habet.
444 3129 723 3173 Franciscas
755 3131 986 3173 Zacharia
1020 3129 1065 3172 S.
1101 3130 1137 3174 J.
1187 3129 1361 3184 primus
1412 3129 1464 3172 de
1514 3128 1624 3171 locis
1672 3128 1929 3182 theologiae

65 3201 249 3244 moralis
296 3202 568 3256 peculiarem
617 3208 869 3248 tractatum
918 3204 1078 3258 edidit,
1127 3217 1257 3258 quem
1308 3203 1469 3246 deinde
1517 3203 1597 3246 alii
1650 3203 1698 3245 in
1750 3203 1834 3245 hac
1884 3215 1932 3245 re

65 3276 208 3319 secuti
241 3280 360 3318 sunt.
425 3277 491 3320 Cf.
526 3278 808 3321 Dissertatio
856 3279 917 3321 ad
963 3279 1185 3334 Alphonsi
1230 3278 1285 3321 de
1316 3278 1505 3333 Liqorio
1553 3277 1770 3318 moralem
1811 3275 1930 3318 theo-

64 3349 227 3404 loyiam
250 3350 574 3405 p7⁷0leyotizena
622 3352 677 3395 de
710 3353 980 3396 casaisticae
1027 3353 1278 3407 tlzeoloyiae
1327 3351 1591 3407 originibus,
1642 3350 1750 3393 locis
1799 3352 1931 3404 atque

58 3423 369 3478 praestantia,
423 3437 556 3478 quam
606 3425 786 3479 quidem
837 3426 1205 3469 dissertationem
1253 3426 1352 3480 ipso
1402 3429 1586 3480 petente
1633 3438 1667 3467 s.
1699 3425 1930 3478 Alphonso

65 3497 283 3540 Zacharia
315 3498 523 3541 exaravit
564 3503 610 3542 et
645 3508 830 3543 sanctus
864 3501 1018 3543 doctor
1050 3500 1215 3543 tertiae
1268 3500 1336 3542 sui
1371 3499 1516 3554 operis
1549 3498 1741 3542 editioni
1774 3498 1930 3552 praefi-

65 3572 260 3626 gendam
295 3571 485 3614 curavit.
