2269 3898
800 178 866 220 De
899 178 1076 221 actibus
1107 179 1332 224 humanis.
1940 187 1998 228 49

275 309 362 363 41.
403 308 790 374 Ignorantiae
833 311 1070 366 divisio.
1154 314 1197 365 1.
1238 313 1472 365 Ratione
1515 315 1701 367 obiecti
1749 319 1806 368 in
1847 319 1995 386 igno-

126 399 361 449 rantiam
406 400 540 449 iuris
581 408 633 449 et
673 399 846 468 facti:
904 402 1082 468 prima
1138 410 1220 452 est
1280 404 1591 470 ignorantia
1632 405 1784 473 legis,
1846 415 1904 457 ut
1953 409 1995 458 si

127 488 249 556 quis
274 488 490 555 ignorat
516 489 572 538 in
600 487 793 555 vigilia
821 497 1166 557 pentecostes
1193 492 1527 543 servandum
1567 512 1681 545 esse
1724 496 1995 547 ieiunium

126 575 214 626 vel
256 577 471 645 ignorat
501 575 794 627 lectionem
826 577 949 628 libri
980 578 1240 628 haeretici
1268 597 1383 630 esse
1414 581 1782 649 prohibitam3
1826 584 1997 636 altera

126 675 206 716 est
260 652 572 733 ignorantia
627 668 704 715 rei
762 666 850 716 vel
908 667 1088 735 quoad
1139 667 1506 720 substantiam
1550 671 1636 721 vel
1680 674 1860 741 quoad
1902 673 1994 724 ali-

125 772 289 823 quam
322 756 810 819 circumstantiam,
854 763 913 806 ut
942 757 984 806 si
1016 757 1137 825 quis
1164 758 1381 826 ignorat
1409 758 1573 809 hodie
1601 778 1716 810 esse
1743 762 1992 829 vigiliam

125 851 468 912 pentocostes
509 843 597 893 vel
637 842 857 907 librum,
902 862 1063 913 quem
1106 847 1252 912 legit,
1297 865 1412 897 esse
1454 846 1807 902 haereticum.

271 931 588 988 Ifflzorcmtiam
610 945 789 987 poenae
835 932 916 976 alii
963 939 1177 976 revocant
1223 935 1280 977 ad
1323 935 1634 989 ignorantiam
1679 937 1792 980 iuris
1825 938 1998 982 scilicet

123 1006 240 1061 legis
274 1006 555 1049 decernentis
588 1019 778 1061 poenam
811 1020 891 1061 pro
926 1007 1106 1062 delicto,
1140 1007 1219 1050 alii
1253 1010 1311 1051 ad
1343 1009 1655 1064 ignorantiam
1686 1012 1800 1054 facti
1825 1012 1997 1055 scilicet

50 1127 56 1133 ¹
123 1080 412 1123 connexionis
447 1093 613 1135 poenae
647 1094 746 1123 cum
781 1081 865 1124 tali
891 1081 1071 1136 delicto,
1104 1082 1183 1124 alii
1209 1084 1394 1126 tandem
1418 1088 1470 1126 ut
1496 1084 1681 1127 tertiam
1706 1085 1995 1140 ignorantiae

127 1155 319 1210 speciem
351 1158 598 1198 recensent.

272 1246 321 1297 2.
367 1246 599 1296 Ratione
641 1245 857 1297 subiecti
897 1265 991 1297 seu
1035 1247 1273 1297 hominis
1315 1247 1618 1314 ignorantis
1673 1250 1729 1299 in
1782 1251 1995 1301 invinci-

125 1335 278 1386 bilem
319 1343 370 1385 et
411 1335 736 1386 vincibilem:
777 1336 955 1403 prima
998 1343 1094 1399 est,
1137 1354 1276 1405 quae
1319 1335 1519 1407 deponi
1562 1355 1671 1388 non
1709 1346 1902 1406 potest,
1946 1347 1998 1390 et

126 1424 329 1475 dicitur
370 1425 587 1494 physice
640 1423 1003 1490 invincibilis,
1060 1426 1102 1475 si
1157 1423 1306 1475 nullo
1349 1425 1511 1476 modo
1557 1426 1755 1495 deponi
1800 1436 1993 1496 potest,

123 1522 182 1564 ut
235 1514 279 1563 si
335 1514 457 1582 quis
500 1513 566 1564 de
606 1533 665 1564 re
708 1533 803 1565 seu
843 1513 962 1581 lege
1003 1513 1092 1564 vel
1134 1513 1201 1564 de
1243 1513 1579 1581 obligatione
1621 1517 1995 1584 investigandi

124 1602 284 1671 plane
344 1621 454 1653 non
511 1605 730 1671 cogitat,
790 1611 843 1653 et
897 1603 1171 1654 moraliter
1225 1603 1586 1671 invincibilis,
1644 1606 1687 1656 si
1743 1604 1996 1657 adhibita

123 1691 318 1743 morali
361 1691 649 1759 diligentia
693 1693 895 1762 deponi
938 1710 1048 1744 non
1090 1701 1295 1762 potest3
1347 1692 1518 1744 altera
1560 1702 1653 1759 est,
1698 1712 1838 1764 quae
1880 1713 1994 1746 mo-

121 1781 221 1833 rali
265 1781 553 1850 diligentia
594 1781 846 1833 adhibita
890 1782 1091 1851 deponi
1133 1789 1326 1851 potest,
1382 1782 1477 1833 sed
1534 1800 1643 1834 non
1688 1783 1995 1853 deponitur.

271 1884 312 1912 a.
346 1871 544 1913 Moralis·
576 1870 811 1927 diligsentia
846 1885 897 1915 ea
930 1875 1152 1924 censetur,
1186 1885 1298 1926 quae
1320 1885 1347 1914 a
1369 1871 1671 1926 prudentibus
1690 1871 1751 1916 in
1774 1872 1996 1916 eiusmodi

127 1945 258 1989 rebus
292 1946 498 1989 adhiberi
531 1947 659 1989 solet.
722 1946 907 1989 Moralis
944 1946 1189 2001 diligentia
1232 1959 1311 2001 pro
1344 1945 1423 1999 rei,
1466 1959 1682 2000 personae
1728 1951 1773 1989 et
1807 1947 1990 1990 circum-

122 2019 399 2064 stantiarum
448 2020 674 2075 qualitate
723 2021 902 2064 diversa
950 2034 1046 2064 esse
1095 2020 1247 2064 debet:
1299 2019 1443 2063 maior
1486 2019 1605 2062 5111111
1649 2020 1698 2063 111
1740 2033 1787 2063 1-5
1820 2022 1997 2075 gravis,

121 2095 269 2139 minor
299 2095 348 2138 in
370 2108 416 2138 re
438 2095 552 2138 levis
575 2096 793 2139 momenti
826 2095 1031 2139 adhiberi
1065 2096 1199 2145 solet,·
1237 2095 1348 2138 item
1375 2094 1535 2137 ceteris
1558 2094 1743 2150 paribus
1776 2095 1991 2138 maiorem

121 2169 307 2214 adhibet
341 2183 544 2225 persona,
594 2170 664 2213 cui
698 2171 860 2225 multa,
904 2175 950 2214 et
982 2170 1200 2213 minorem
1246 2183 1450 2224 persona,
1499 2169 1570 2212 cui
1618 2183 1762 2224 pauca
1811 2172 1992 2212 tantum

120 2248 300 2299 praesto
334 2248 439 2288 sunt
473 2244 623 2288 media
653 2244 953 2288 inveniendae
975 2244 1201 2289 veritatis.
1248 2243 1430 2298 Quanta
1462 2243 1667 2287 adhiberi
1702 2243 1862 2287 debeat
1896 2243 1993 2286 dili-

121 2319 294 2374 gentia,
326 2326 381 2362 ut
412 2319 558 2374 possit
592 2319 679 2362 dici
713 2319 911 2374 moralis,
956 2332 1011 2362 ex
1044 2320 1175 2362 modo
1208 2318 1375 2374 agendi
1408 2318 1684 2373 prudentum
1716 2317 1765 2360 in
1799 2317 1990 2360 diversis

121 2393 242 2436 hisce
274 2393 505 2437 adiunctis
547 2393 876 2436 dimetiendum
910 2398 993 2436 est.
1059 2393 1255 2435 Moralis
1303 2392 1451 2447 igitur
1500 2391 1745 2447 diligentia
1791 2405 1880 2434 non
1925 2395 1994 2434 est

121 2468 366 2523 diligentia
398 2482 589 2524 summa,
637 2481 750 2523 quae
783 2467 988 2511 adhiberi
1020 2470 1188 2521 potest,
1238 2467 1315 2510 sed
1361 2472 1431 2510 est
1463 2480 1515 2510 ea
1549 2465 1807 2520 diligentia,
1857 2479 1991 2520 quam

119 2541 311 2597 quilibet
345 2555 400 2585 ex
431 2543 648 2597 prudenti
679 2542 848 2586 iudicio
881 2541 953 2584 hic
976 2546 1022 2584 et
1043 2555 1163 2584 nunc
1196 2541 1265 2598 (in
1287 2542 1370 2584 hac
1391 2554 1439 2584 re
1462 2545 1507 2584 et
1530 2541 1578 2583 in
1600 2541 1722 2583 hisce
1746 2539 1993 2594 adiunctis)

119 2617 177 2660 ad
212 2617 525 2672 depellendam
568 2617 878 2672 ignorantiam
923 2615 1133 2659 adhibere
1176 2620 1329 2670 potest
1372 2619 1418 2658 et
1462 2614 1607 2658 debet.
1672 2615 1743 2657 Ad
1776 2614 1991 2657 maiorem

119 2697 273 2734 autem
308 2705 442 2745 quam
484 2691 698 2734 moralem
748 2689 1040 2744 diligentiam
1087 2702 1217 2732 nemo
1266 2694 1463 2743 tenetur,
1513 2687 1600 2732 etsi
1649 2688 1866 2732 maiorem
1914 2688 1987 2730 ad-

120 2764 273 2808 hibere
337 2770 473 2808 osset.

268 2779 609 2894 b.pIgnorantia
640 2838 920 2883 invincibilis
953 2842 1023 2882 est
1045 2838 1350 2881 involuntaria
1384 2840 1522 2890 atque
1543 2835 1644 2879 ideo
1666 2835 1990 2890 inculpabilis;
2028 2827 2036 2874 l

119 2914 348 2958 vincibilis
381 2919 450 2957 est
484 2914 739 2956 voluntaria
773 2913 934 2957 saltem
978 2913 1025 2956 in
1070 2926 1205 2956 causa
1237 2915 1283 2955 et
1316 2915 1384 2955 est
1418 2910 1668 2966 culpabilis,
1712 2910 1749 2953 si
1783 2913 1992 2953 versatur
2026 2875 2033 2944 l

120 2989 237 3032 circa
269 3002 336 3043 ea,
383 3001 497 3043 quae
539 2987 643 3031 sciri
687 2988 866 3043 debent,
913 2987 1201 3043 inculpabilis
1243 2992 1413 3040 autem,
1462 2985 1500 3028 si
1534 2988 1743 3028 versatur
1776 2984 1892 3027 circa
1925 2997 1990 3038 ea,

120 3076 233 3118 quae
262 3062 390 3106 licite
420 3062 623 3118 ignorari
656 3066 861 3117 possunt.

267 3152 299 3180 c.
334 3137 399 3180 Ut-
445 3137 711 3192 ignorantia
758 3137 819 3180 sit
867 3136 1087 3179 vincibilis
1127 3139 1171 3178 et
1201 3134 1437 3190 culpabilis
1479 3132 1742 3188 requiritur,
1791 3136 1888 3175 tum
1936 3136 2019 3232 uti
2197 3151 2202 3205 1·
2241 3152 2245 3155 -

120 3216 318 3255 mentem
352 3211 573 3266 cogitatio
606 3212 678 3255 vel
712 3212 874 3256 saltem
909 3210 1104 3266 suspicio
1128 3209 1288 3253 subeat
1309 3208 1601 3264 ignorantiae
1624 3210 1668 3250 et
1693 3205 1988 3260 obligationis
2014 3234 2019 3264 ᾖ

120 3298 217 3329 eam
252 3285 522 3340 deponendi,
562 3288 662 3329 tum
694 3289 748 3329 ut
780 3284 951 3329 occasio
983 3283 1243 3339 inquirendi
1286 3282 1546 3327 voluntarie
1588 3280 1991 3336 praetermittatur

120 3365 201 3403 aut
233 3373 322 3403 non
355 3359 637 3403 sufficienter
668 3359 952 3403 adhibeatur.

269 3435 317 3488 3.
357 3434 677 3502 Ignorantia
716 3433 979 3485 vincibilis
1020 3451 1117 3502 pro
1161 3433 1378 3484 diverso
1422 3429 1598 3492 modo,
1654 3447 1760 3498 quo
1817 3427 1988 3478 volita

121 3532 218 3590 est,
262 3523 533 3575 dividitur
573 3524 629 3574 in
670 3523 970 3593 affectatam
1013 3530 1066 3573 et
1105 3540 1209 3574 non
1251 3518 1580 3590 affectatam:
1635 3519 1784 3587 prior
1824 3515 1986 3567 habe·

1782 3605 1811 3646 4

211 3629 242 3660 N
255 3628 331 3660 old
345 3629 394 3659 in
406 3650 415 3668 ,
440 3629 497 3658 De
522 3626 731 3667 principiis,
