2269 3898
678 163 744 204 De
777 161 1116 217 impedimentis
1150 163 1442 206 matrimonii.
1943 166 2000 208 85>

129 295 229 344 sit:
285 314 332 347 α.
378 313 446 345 ex
487 304 641 364 parte
681 296 786 345 viri
837 313 980 347 unus
1035 290 1223 347 saltem
1278 297 1588 364 testiculus3
1649 297 1693 350 b.
1738 316 1805 348 ex
1845 306 1999 366 parte

127 382 364 434 insidieris
391 402 562 435 unum
591 383 781 435 saltem
809 385 1090 450 ovarium3
1124 404 1163 435 e.
1195 403 1263 434 ex
1289 393 1442 453 parte
1464 386 1698 456 copulae,
1729 394 1789 436 ut
1815 404 1999 438 semen

128 471 286 522 virile
329 490 455 523 cum
497 471 659 523 ovulo
701 472 938 523 femineo
983 474 1197 523 misceri
1240 475 1423 540 possit.

276 574 317 602 a.
350 560 419 602 Ab
451 560 725 615 impotentia
759 560 985 615 distingui
1020 561 1151 604 debet
1183 562 1423 614 sterilitas,
1465 576 1578 616 quae
1622 568 1689 606 est
1733 563 2000 607 inhabilitas

125 633 183 675 ad
218 634 437 676 actualem
468 635 822 689 yenerationem,
858 635 1065 688 quamvis
1099 636 1260 689 copula
1302 637 1503 690 perfecta
1545 636 1698 679 haberi
1743 637 1902 692 possit,
1945 643 1996 680 ut

124 707 293 750 accidit
335 708 383 751 in
427 708 619 751 senibus.
695 709 832 751 Patet
864 708 1105 751 essentiale
1141 708 1382 752 discrimen
1414 709 1535 752 inter
1568 710 1744 753 steriles
1787 715 1830 754 et
1866 725 1998 754 eunu-

127 782 232 824 chos
268 795 345 825 seu
380 788 620 825 castratos:
657 783 703 825 hi
738 782 856 825 enim
891 782 1061 825 semine
1095 795 1276 837 prorsus
1310 789 1479 836 carent,
1513 784 1608 826 sine
1642 784 1811 827 semine
1845 791 1997 828 autem

125 856 286 910 copula
317 857 544 899 naturalis
577 856 731 899 haberi
763 856 946 910 nequit;
997 856 1067 899 illi
1117 860 1270 899 autem
1319 856 1443 899 virili
1493 857 1662 900 semine
1707 872 1797 901 non
1831 866 2000 914 carent,

124 930 212 973 etsi
246 931 328 973 hoc
362 931 416 973 ob
450 931 622 974 senium
657 931 728 973 vel
762 930 902 974 aliam
939 943 1118 973 causam
1152 944 1242 973 non
1276 930 1337 973 sit
1370 931 1639 985 prolificum.

275 1006 312 1047 b.
347 1005 414 1048 Ab
448 1005 722 1061 impotentia
766 1005 1024 1060 ‚qenerandi
1056 1004 1282 1059 distingui
1318 1005 1449 1048 debet
1484 1005 1757 1060 impotentia
1791 1007 1997 1053 coemam

125 1079 206 1122 illa
240 1079 447 1135 habetur,
481 1080 658 1134 quando
693 1080 858 1122 desunt
891 1079 1116 1122 elementa
1149 1079 1206 1121 ad
1239 1080 1577 1133 generationem
1611 1081 1877 1135 necessaria,
1924 1081 2001 1124 sci-

128 1154 316 1198 licet'in
340 1154 437 1197 viro
459 1154 662 1208 ‚testiculi
698 1160 744 1196 et
777 1153 964 1208 proinde
998 1167 1163 1207 semen,
1197 1153 1244 1195 in
1277 1154 1464 1196 muliere
1487 1154 1661 1198 ovaria:
1696 1155 1805 1198 haec
1837 1162 1905 1198 est
1938 1156 2000 1198 in-

124 1229 346 1272 habilitas
381 1229 575 1272 habendi
610 1229 816 1283 copulam
851 1242 905 1271 ex
939 1242 984 1271 se
1016 1229 1226 1271 idoneam
1263 1229 1319 1270 ad
1354 1228 1709 1283 generationem.

274 1318 308 1345 e.
344 1304 454 1346 Cum
489 1317 568 1358 per
601 1304 806 1358 copulam
843 1304 1092 1357 perfectam
1128 1302 1290 1345 mixtio
1336 1304 1420 1345 fiat
1454 1301 1692 1357 seminum,
1726 1309 1779 1346 ut
1821 1308 1996 1347 veteres

127 1377 446 1432 loquebantur,
481 1391 572 1433 seu,
601 1382 654 1420 ut
676 1381 878 1420 recentes
902 1378 1166 1431 loquuntur,
1201 1376 1324 1419 ovuli
1350 1371 1535 1419 feminei
1560 1381 1606 1420 et
1629 1377 1813 1420 seminis
1838 1378 2000 1431 virilis,

126 1464 205 1505 per
238 1452 427 1494 eandem
463 1451 677 1507 coniuges
708 1453 829 1494 fiunt
864 1465 953 1493 ima
989 1464 1110 1493 caro.
1174 1452 1394 1493 Attamen
1426 1455 1479 1492 ut-
1514 1451 1726 1505 coniuges
1760 1452 1877 1494 fiant
1909 1465 1999 1494 una

127 1539 242 1579 caro,
286 1539 375 1568 non
418 1525 680 1580 requiritur,
722 1529 773 1567 ut
818 1527 1060 1578 utriusque
1105 1524 1278 1567 semina
1309 1524 1458 1579 reipsa
1492 1525 1882 1579 commisceantur,
1923 1527 2000 1569 sed

125 1600 316 1653 sufficit,
351 1605 404 1642 ut
437 1613 516 1654 per
548 1612 594 1642 se
628 1599 904 1642 commisceri
941 1599 1099 1653 possit,
1134 1598 1222 1640 etsi
1257 1612 1336 1652 per
1367 1598 1573 1641 accidens
1606 1604 1659 1640 ut
1692 1599 1739 1641 in
1769 1599 2000 1642 sterilibus

122 1680 172 1717 et
207 1673 388 1716 senibus
421 1687 511 1716 non
544 1673 936 1725 commisceantur,
974 1677 1019 1715 et
1054 1673 1185 1727 proin
1217 1675 1368 1715 foetus
1401 1687 1489 1715 non
1524 1672 1818 1727 concipiatur.

274 1748 315 1790 d.
350 1749 403 1791 In
437 1748 609 1803 triplici
643 1761 749 1803 ergo
784 1761 889 1791 casu
922 1748 1117 1791 habetur
1151 1749 1446 1804 impotentia:

274 1837 312 1865 α.
349 1823 393 1865 Si
427 1822 498 1865 vir
531 1826 652 1865 caret
685 1827 877 1877 utroque
912 1823 1146 1875 testiculo:
1192 1823 1294 1866 ideo
1327 1823 1556 1865 eunuchos
1589 1826 1634 1865 et
1668 1824 1885 1877 spedones
1919 1823 2000 1865 im-

124 1901 334 1952 potentes
369 1896 619 1939 declaravit
653 1896 815 1939 Sixtiis
862 1896 958 1949 11¹).

278 1972 316 2019 ,3.
351 1971 395 2013 Si
431 1971 593 2014 mulier
627 1976 749 2014 caret
782 1975 975 2025 utroque
1009 1970 1163 2013 ovario
1198 1972 1269 2013 vel
1305 1977 1445 2014 utero.
1510 1971 1655 2014 Hodie
1689 1971 1870 2025 quidem
1890 1985 2002 2014 com-

126 2046 277 2101 plures
310 2045 514 2100 theologi
549 2045 796 2099 opinantur
827 2059 916 2088 non
951 2057 1044 2087 esse
1077 2045 1379 2100 impotentem
1414 2046 1491 2089 sed
1524 2046 1726 2089 sterilem
1750 2046 2002 2100 mulierem,

125 2133 238 2174 quae
271 2126 463 2173 utroque
496 2119 649 2162 ovario
683 2120 754 2162 vel
787 2125 916 2162 utero
951 2124 1094 2163 caret:
1131 2120 1177 2162 hi
1211 2120 1427 2163 nimirum
1459 2120 1782 2176 impotentiam
1816 2135 1905 2164 non
1938 2122 2000 2164 in-

125 2194 418 2239 habilitatem
452 2195 714 2249 generandi,
749 2196 825 2238 sed
859 2195 1203 2238 inhabilitatem
1247 2195 1434 2238 coeundi
1478 2195 1723 2247 definiuntq
1768 2196 1845 2238 sed
1894 2197 2000 2239 reti-

125 2270 274 2312 nenda
307 2269 493 2312 videtur
527 2269 756 2312 sententia
789 2270 896 2312 olim
931 2269 1238 2322 communis&

274 2357 314 2394 γ.
348 2343 394 2386 Si
429 2344 555 2386 deest
588 2343 797 2398 potentia
830 2344 1042 2394 coeundi;
1094 2345 1204 2387 haec
1236 2349 1390 2387 autem
1436 2344 1562 2387 deest
1602 2344 1650 2387 in
1691 2344 1789 2387 viro
1833 2358 1887 2388 ex
1932 2346 2000 2388 de-

123 2420 249 2460 fectu
281 2417 481 2472 physico,
515 2417 553 2460 si
586 2418 681 2460 eius
726 2431 946 2473 organum
990 2418 1122 2461 virile
1161 2419 1272 2461 adeo
1314 2418 1579 2472 imperfecte
1626 2421 1874 2462 formatum
1917 2424 1999 2474 est,

124 2498 177 2535 ut
210 2493 416 2546 copulam
450 2493 706 2535 naturalem
740 2493 900 2535 habere
932 2506 1022 2535 non
1056 2493 1215 2548 possit,
1249 2506 1303 2535 ex
1337 2493 1517 2536 defectu
1551 2494 1776 2548 psychice,
1811 2495 1847 2536 si
1873 2508 1999 2548 prop-

128 2574 198 2609 ter
230 2566 542 2621 frigiditatem
577 2566 751 2610 irritari
784 2568 842 2610 ad
877 2568 1082 2621 copulam
1116 2581 1206 2609 non
1240 2567 1407 2622 possit;
1457 2568 1581 2610 deest
1624 2567 1672 2610 in
1716 2568 1917 2622 muliere,
1963 2568 1999 2610 si

127 2640 300 2695 vagina
333 2646 470 2695 caret,
502 2642 573 2684 vel
608 2641 645 2684 si
678 2641 848 2696 vagina
881 2641 1067 2695 penitus
1101 2642 1283 2684 exclusa
1315 2647 1398 2694 est,
1431 2641 1499 2684 ve]
1537 2641 1574 2683 si
1608 2647 1703 2684 tam
1749 2650 1873 2685 arcta
1917 2650 2000 2696 est,

124 2718 176 2757 ut
210 2716 439 2770 penetrari
471 2716 736 2758 nullatenus
769 2716 930 2771 possit.

275 2803 310 2832 e.
345 2790 415 2832 Ex
446 2790 747 2833 recentiorum
780 2789 1153 2845 physiologorum
1190 2790 1432 2844 sententia,
1466 2804 1579 2844 quae
1611 2790 1892 2845 experientia
1938 2791 2001 2833 in-

124 2863 307 2917 nititur,
340 2864 397 2907 ad
431 2863 770 2918 generationem
804 2864 1011 2907 absolute
1042 2878 1132 2907 non
1165 2864 1426 2918 requiritur,
1459 2869 1513 2907 ut
1547 2878 1696 2908 semen
1718 2865 1852 2908 virile
1876 2865 2000 2909 intra

125 2950 205 2980 vas
228 2937 475 2980 femineum
508 2937 806 2992 immittatur,
839 2939 915 2981 sed
964 2938 1153 2993 sufficit,
1193 2944 1245 2981 ut
1289 2939 1346 2980 ad
1391 2952 1437 2981 cs
1480 2938 1675 2993 vaginae
1718 2940 2000 2982 affundatur.

124 3011 210 3054 Sed
244 3011 319 3066 qui
354 3025 407 3054 ex
441 3025 574 3055 causa
607 3012 907 3066 qualicunque
940 3013 1144 3067 copulam
1182 3026 1280 3055 cum
1315 3013 1628 3070 penetratione
1661 3013 1782 3056 vasis
1814 3014 1999 3057 feminei

280 3145 315 3200 1)
350 3145 690 3188 Constitutione
727 3145 833 3188 Cum
858 3148 1137 3202 frequenter
1171 3147 1242 3189 Ξῖ.
1274 3146 1369 3189 11111.
1406 3139 1534 3189 1587.

280 3218 310 3274 2)
343 3219 410 3262 Cf.
446 3220 686 3274 Antonelli,
719 3221 786 3262 De
819 3224 1037 3275 concept-u
1079 3220 1379 3275 impotentiae
1412 3225 1457 3264 et-
1491 3221 1754 3263 sterilitatis
1797 3222 1997 3275 (Romae.

125 3293 304 3336 Pustet.
341 3293 488 3348 1900).
553 3293 692 3347 Idem,
725 3294 810 3336 Pro
845 3298 1066 3349 conceptu
1098 3294 1401 3349 impotentiae
1434 3303 1479 3337 et
1497 3295 1760 3338 sterilitatis
1792 3295 1997 3348 (Ibidem.

126 3368 270 3421 1901).
324 3368 467 3420 Idem,
491 3369 556 3411 De
579 3367 783 3411 mulieris
809 3368 985 3411 excisae
1016 3368 1292 3423 impotentia
1323 3370 1383 3411 ad
1417 3369 1759 3412 matrimonium
1792 3369 1995 3422 (Ibidem.

127 3441 271 3495 1903).
334 3443 532 3485 Econtra
566 3442 818 3496 Esclibacle‚
852 3442 1202 3498 Disputationes
1235 3449 1319 3486 etc.
1382 3444 1582 3497 (Romae.
1624 3443 1820 3487 Desclee.
1868 3444 2000 3497 1901)

126 3530 168 3571 p.
206 3516 261 3558 14
294 3529 350 3558 ss.
1678 3544 1681 3546 ,
