2269 3898
285 155 339 197 74
1021 147 1087 190 De
1120 144 1426 188 matrimonio.

286 288 471 331 Statuta
517 292 669 328 autem
715 283 978 325 dioecesana
1023 280 1292 334 quandoque
1337 277 1476 320 etiam
1511 277 1821 320 iuramentum
1855 276 1928 319 vel
1960 275 2077 318 alias
2108 275 2175 318 in-

286 374 420 417 super
453 360 685 403 cautiones
720 357 927 411 exigunt.

435 451 478 502 b.
519 449 584 500 Ut
625 448 769 499 adsit
809 447 988 516 'cyrae-is
1030 464 1207 505 causa,
1252 442 1321 493 ob
1353 460 1517 512 quam
1551 441 1888 510 dispensatio
1917 441 2177 510 exigatur

286 550 338 591 et
380 538 733 604 concedatur,
779 555 905 588 cum
947 535 1362 586 matrimonium
1395 533 1632 583 mixtum
1677 532 1746 582 sit
1776 538 1967 582 contra
1994 529 2172 598 legem

286 629 566 681 ecclesiae.

435 719 553 761 Olim
608 715 794 760 ecclesia
848 716 992 758 solum
1043 727 1096 756 ex
1134 712 1318 768 publica
1370 724 1506 754 causa
1555 711 1584 755 i.
1620 724 1654 755 e.
1707 724 1760 753 ex
1809 723 1887 765 spe
1939 708 2176 753 obtinendi

284 807 503 848 magnum
555 791 718 835 bonum
768 803 1004 833 commune
1047 786 1433 842 dispensationem
1482 799 1509 829 a
1556 786 1657 841 lege
1705 785 1974 841 prohibente
2022 784 2176 828 matri-

285 867 438 910 monia
472 866 620 909 mixta
653 863 948 916 concedebat3
983 861 1116 904 hodie
1151 859 1434 914 dispensatio
1469 859 1608 902 etiam
1641 872 1696 902 ex
1720 860 2056 915 eausapricata
2081 872 2180 902 con-

286 942 477 996 ceditur,
512 953 625 995 quae
659 945 814 982 tamen
850 951 951 981 vere
984 936 1140 992 gravis
1174 948 1270 978 esse
1305 933 1452 977 debet.
1519 933 1689 987 Quodsi
1736 934 1949 977 ecclesiae
1981 934 2179 988 quando-

284 1031 368 1071 que
391 1017 449 1059 ad
473 1015 800 1058 concedendam
829 1010 1216 1067 dispensationem
1241 1009 1447 1052 sufficiat
1470 1022 1606 1052 causa
1629 1009 1859 1063 canonica,
1893 1021 2007 1063 quae
2031 1009 2176 1051 solum

285 1106 363 1146 pro
398 1091 501 1134 aliis
534 1087 878 1144 impedimentis
912 1087 1079 1140 valeat,
1112 1086 1214 1141 ipsa
1247 1097 1434 1139 gravem
1469 1097 1651 1127 causam
1696 1082 1835 1126 habet-
1876 1081 2178 1138 permittendi

286 1166 506 1210 eiusmodi
542 1163 851 1208 matrimonia.
903 1161 1051 1215 Quare
1083 1174 1163 1216 per
1195 1174 1241 1203 se
1274 1163 1463 1213 peccant
1487 1159 1656 1214 sponsi,
1691 1158 1887 1213 quisine
1918 1171 2053 1201 causa
2075 1171 2183 1201 vere

286 1242 417 1298 gravi
454 1239 841 1296 dispensationem
877 1238 935 1281 ad
968 1236 1219 1280 ineundum
1253 1234 1599 1278 matrimonium
1624 1234 1821 1277 mixtum
1847 1237 2015 1289 petunt
2048 1233 2180 1277 eccle·
2240 1275 2246 1281 ,

286 1318 488 1371 siamqne
531 1315 695 1358 timore
738 1313 924 1357 maioris
969 1312 1079 1355 mali
1121 1316 1292 1366 cogunt
1334 1311 1392 1353 ad
1436 1323 1534 1353 eam
1578 1309 1926 1364 concedendam,
1970 1307 2185 1363 quamvis

285 1391 519 1435 cautiones
554 1389 731 1434 debitas
765 1396 999 1444 praestare
1032 1386 1184 1442 parati
1220 1386 1353 1439 sint¹J>

438 1541 529 1595 74.
586 1540 850 1594 Liceitas
905 1536 1283 1592 matrimonii
1334 1537 1541 1590 mixti.
1636 1535 1924 1587 Exhibitis
1977 1536 2181 1587 cautio-

289 1632 451 1685 nibus
509 1638 562 1682 et
618 1629 844 1682 obtenta
901 1628 1315 1697 dispensatione
1373 1628 1769 1677 matrimoniwn
1822 1627 2043 1678 mioetum
2085 1643 2187 1695 per

287 1742 342 1774 se
403 1721 606 1774 licitum
672 1720 783 1771 dici
846 1719 1025 1771 debet.
1110 1718 1236 1769 Duo
1307 1718 1456 1768 enim
1525 1715 1747 1767 obstant
1814 1716 2186 1767 matrimoniis

290 1814 508 1864 mixtis:
565 1811 937 1882 perversionis
979 1806 1307 1878 periculum,
1368 1806 1516 1876 quod
1559 1807 1815 1858 imminet
1865 1815 1983 1857 tum
2039 1806 2182 1875 parti

287 1902 593 1955 catholicae
635 1910 751 1952 tum
796 1900 934 1970 proli
977 1899 1261 1965 oriundae,
1310 1908 1362 1948 et
1404 1896 1704 1967 prohibitio
1750 1895 2042 1961 ecclesiae3
2087 1895 2182 1947 sed

287 1993 660 2063 perversionis
701 1990 1011 2061 periculum
1069 1988 1260 2041 saltem
1319 1988 1638 2058 proximum
1696 1994 1873 2038 cessat
1914 1985 2186 2038 exhibitis

291 2081 661 2144 cautionibUS,
718 2090 770 2132 et
810 2080 1113 2151 prohibitio
1157 2078 1422 2130 ecclesiae
1466 2086 1644 2130 cessat
1699 2077 1925 2129 obtenta
1967 2077 2184 2147 dispen-

290 2175 517 2226 satione.
605 2171 818 2223 Verum
875 2189 945 2222 ex
1000 2188 1261 2223 concessa
1317 2170 1732 2239 dispensatione
1794 2186 1903 2219 non
1967 2186 2188 2237 semper

289 2264 501 2316 liceitas
553 2272 605 2314 et
655 2264 840 2313 minus
890 2260 1055 2330 plena
1108 2260 1323 2312 liceitas
1379 2260 1721 2312 matrimonii
1781 2261 1943 2310 mixti
1998 2257 2183 2327 colligi

291 2361 497 2423 potest:
543 2352 879 2423 quandoque
917 2355 1065 2404 enim
1097 2352 1331 2404 ecclesia
1362 2352 1620 2420 prudenti
1652 2350 1881 2403 consilio
1915 2350 2187 2419 permittit

291 2443 437 2496 mala
478 2445 870 2513 (perversionis
897 2442 1187 2513 pericula),
1233 2442 1534 2494 dummodo
1579 2443 1721 2493 seria
1752 2440 1898 2493 adsit
1925 2440 2185 2492 voluntas

293 2534 553 2586 servandi
598 2536 900 2601 cautioneS,
945 2534 1017 2586 ad
1059 2535 1271 2586 maiora
1314 2532 1460 2584 mala
1502 2531 1734 2584 vitanda
1776 2550 1821 2585 e.
1851 2549 1902 2599 g.
1947 2549 2015 2582 ne
2056 2549 2185 2600 pars

293 2624 568 2677 catholica
612 2627 832 2695 penitus
870 2644 902 2677 a
938 2625 1048 2676 fide
1080 2624 1319 2690 deficiat,
1364 2641 1433 2674 ne
1464 2624 1651 2692 sponsi
1681 2621 1889 2673 diutius
1917 2623 1973 2672 in
2003 2621 2186 2672 matri-

297 2718 479 2768 monio
524 2715 676 2767 civili
722 2716 920 2767 vivant
961 2723 1063 2767 etc.

448 2820 489 2848 a.
525 2806 570 2849 Si
604 2805 909 2861 perversionis
942 2804 1194 2860 periculum
1229 2803 1275 2846 in
1310 2816 1416 2846 casu
1448 2801 1721 2859 particulari
1755 2801 1906 2857 reipsa
1927 2814 2017 2844 non
2040 2801 2186 2844 solum

293 2894 382 2923 non
417 2885 628 2933 cessaret,
679 2882 757 2924 sed
791 2880 931 2924 etiam
966 2880 1226 2935 proximum
1277 2884 1410 2934 esset,
1460 2878 1783 2922 contrahentes
1833 2881 1991 2920 contra
2037 2877 2186 2931 legem

293 2960 485 2998 naturae
519 2956 725 3010 graviter
757 2961 1010 3011 peccarent.

446 3031 482 3072 b.
519 3030 636 3084 Quia
667 3036 893 3074 remotum
928 3031 1114 3086 aliquod
1148 3030 1451 3086 perversionis
1497 3029 1748 3085 periculum
1790 3029 1885 3071 iere
1918 3039 2094 3082 semper
2126 3038 2190 3068 re-

296 3110 465 3160 manet,
499 3105 686 3149 ecclesia
718 3107 765 3149 in
811 3106 1031 3150 eiusmodi
1079 3105 1387 3150 matrimoniis
1431 3118 1566 3160 aegre
1612 3104 1849 3159 dispensat
1892 3115 2033 3156 eaque
2078 3114 2190 3144 nun-

297 3194 430 3235 quam
465 3194 556 3224 non
591 3181 840 3236 dissuadet,
885 3183 971 3226 etsi
1006 3196 1032 3225 a
1066 3181 1247 3237 magnis
1282 3181 1460 3224 damnis
1503 3180 1892 3236 praescindamus,
1934 3190 2047 3232 quae
2089 3175 2189 3220 reli-

299 3255 425 3310 gioni
459 3255 710 3299 catholicae
743 3243 797 3300 ex
831 3257 1139 3300 matrimoniis
1172 3256 1333 3300 mixtis
1364 3256 1532 3311 ubique
1565 3256 1788 3299 oriuntur.

447 3344 480 3373 e.
516 3330 646 3383 Sunt,
689 3330 765 3385 qui
810 3332 965 3374 dicant
998 3331 1344 3375 matrimonium
1379 3331 1577 3374 mixtum
1612 3343 1845 3385 nunquam
1879 3328 2059 3372 licitum
2094 3339 2191 3370 esse

297 3418 440 3458 posse,
485 3405 591 3459 quia
632 3405 688 3448 ab
732 3419 780 3449 eo
826 3407 1025 3461 separari
1064 3420 1155 3449 non
1198 3410 1352 3461 potest
1385 3406 1534 3450 vetita
1567 3403 1920 3449 communicatio
1952 3403 2001 3446 in
2034 3402 2189 3446 sacris.

451 3540 486 3596 ¹)
523 3540 797 3593 Lemni-ahl,
831 3541 971 3584 Casus
1006 3554 1148 3586 consc.
1183 3540 1234 3584 Π.
1268 3556 1311 3586 n.
1347 3541 1448 3583 911.
