2269 3898
763 116 827 158 De
859 120 1024 159 natura
1057 116 1349 159 matrimonii.
1926 121 1978 161 ³21

118 248 511 308 substantiales
539 267 570 299 a
598 247 716 316 lege
758 250 1122 317 praescriptas
1163 251 1327 300 etiam
1369 248 1734 300 accidentales
1778 250 1976 301 haben-

126 346 228 405 tur,
279 337 486 388 scilicet
537 335 849 386 benedictio
907 336 1166 405 nuptialis
1220 346 1270 388 et
1310 337 1634 388 festivitates
1676 337 1977 406 nuptiales3

123 427 294 476 minus
345 423 588 476 sollemne
646 423 862 487 dicitur,
915 425 970 474 in
1021 442 1125 492 quo
1175 432 1389 493 praeter
1432 424 1819 476 sollemnitates
1861 425 1979 476 sub-

124 513 404 564 stantiales
446 511 626 563 nullae
667 511 805 562 aliae
848 511 1134 565 habentur.

272 615 320 668 5.
363 616 427 665 In
469 615 877 665 matrimonium
920 614 1203 683 publicum
1247 624 1299 665 et
1340 615 1772 670 clandestinum:
1810 616 1980 685 publi-

117 722 235 754 cum
289 703 504 767 dicitur,
564 702 710 772 quod
764 704 821 753 in
862 703 1001 754 facie
1044 703 1305 755 ecclesiae
1348 706 1380 755 i.
1425 723 1468 758 e.
1515 722 1697 755 coram
1742 705 1978 773 parocho

122 800 176 842 et
215 791 447 843 testibus
489 790 821 856 celeb1·atur;
878 792 1260 844 clandestinum
1304 793 1518 854 dicitur,
1563 793 1707 862 quod
1750 792 1888 843 clam
1931 802 1981 843 et

112 888 328 931 secreto
372 882 405 933 i.
438 899 480 933 e.
526 881 640 930 sine
681 883 992 948 praesentia
1033 881 1260 949 parochi
1303 890 1354 932 et
1395 883 1614 932 testium
1658 879 1976 933 celebratur.

271 983 319 1035 6.
363 983 453 1034 Ad
495 984 909 1033 matrimonium
950 985 1273 1035 canonicum
1318 984 1508 1035 referri
1550 983 1684 1034 solet
1724 991 1839 1034 tum
1874 1001 1979 1034 ma-

118 1073 439 1122 trimonium
495 1072 932 1139 morganaticum
982 1079 1098 1122 tum
1142 1074 1552 1124 matrimonium
1596 1073 1979 1123 conscientiae.

272 1181 318 1214 α.
361 1160 775 1212 Matrimonium
816 1163 1229 1230 moryanaticum
1277 1170 1356 1213 est
1404 1162 1812 1212 matrimonium
1855 1178 1980 1211 cum

119 1248 351 1300 muliere
405 1250 678 1301 inferioris
735 1250 1077 1301 condicionis
1131 1270 1194 1302 ea
1244 1250 1362 1318 lege
1415 1252 1638 1316 initum,
1695 1258 1754 1300 ut
1805 1267 1980 1317 neque

117 1340 261 1388 'uxor
302 1356 403 1389 nec
442 1337 599 1389 liberi
650 1340 706 1389 in
763 1338 1044 1407 dignitate,
1102 1338 1273 1390 titulis
1329 1347 1382 1391 et
1436 1338 1745 1406 insignibus
1801 1338 1981 1388 mariti

117 1426 206 1477 vel
235 1430 405 1496 patris
435 1427 736 1479 succedant
765 1436 816 1478 et
846 1427 1207 1479 determinata
1237 1428 1409 1479 solum
1438 1436 1592 1496 parte
1630 1436 1981 1495 paternorum

119 1514 390 1566 bonorum
434 1517 675 1567 contenti
717 1517 892 1581 sint1).

268 1605 310 1656 b.
363 1606 780 1656 Matrimonium
823 1606 1169 1656 conscientiae
1223 1623 1317 1656 seu
1367 1612 1635 1655 secretum
1678 1612 1759 1655 est
1799 1604 1981 1654 matri-

115 1695 363 1745 monium
427 1712 608 1746 coram
663 1693 902 1763 parocho
957 1694 1047 1745 vel
1099 1693 1203 1745 alio
1255 1692 1536 1744 sacerdote
1585 1692 1653 1743 ab
1705 1692 1979 1744 ordinario

117 1782 369 1851 delegato
413 1792 466 1834 et
508 1782 722 1834 duobus
763 1784 994 1835 testibus
1044 1782 1252 1852 absque
1309 1783 1547 1851 praeviis
1605 1781 1976 1850 proclamatio·

121 1871 284 1923 nibus
315 1871 454 1922 clam
498 1873 693 1923 initum
737 1891 797 1922 eo
840 1880 1017 1941 pacto,
1060 1880 1119 1923 ut
1160 1890 1364 1934 omnes,
1409 1873 1502 1941 qui
1548 1872 1865 1933 intererant,
1909 1869 1979 1920 ad

115 1970 389 2011 secretum
432 1960 765 2011 servandum
808 1969 1112 2012 teneantur.

270 2064 390 2106 Haec
434 2064 739 2118 matrimonia,
790 2064 875 2107 etsi
923 2064 1100 2118 legibus
1149 2064 1357 2108 ecclesiae
1406 2063 1629 2106 contraria
1679 2069 1723 2104 et
1772 2061 1980 2116 periculis

114 2139 255 2192 plena
287 2138 394 2192 sint,
428 2137 483 2180 ab
516 2138 700 2181 ecclesia
726 2145 894 2193 tamen,
928 2138 966 2181 si
988 2138 1231 2182 necessitas
1255 2136 1571 2192 postulaverit,
1605 2135 1686 2179 sub
1719 2135 1852 2178 certis
1885 2148 1979 2177 con-

117 2211 372 2255 dicionibus
396 2212 742 2266 permittuntur,
771 2226 881 2266 quas
905 2212 1180 2255 Benedictus
1206 2212 1284 2254 XI
1291 2212 1331 2254 Γ.
1356 2210 1680 2254 constitutione
1706 2209 1830 2251 Satis
1864 2209 1982 2250 robis

114 2287 205 2338 (17.
238 2299 340 2328 nov.
374 2287 506 2339 1741)
536 2286 824 2329 determinat.

271 2374 310 2402 α.
355 2360 563 2403 Potestas
606 2360 823 2403 eiusmodi
869 2360 1209 2403 matrimonium
1259 2358 1554 2414 permittendi
1606 2364 1671 2400 est
1722 2370 1854 2411 penes
1895 2357 1980 2411 epi-

117 2447 316 2489 scopum.
380 2433 567 2477 Recenti
601 2442 801 2488 tempore
834 2434 940 2476 haec
981 2433 1213 2488 permissio
1245 2434 1369 2476 facta
1402 2436 1468 2475 est
1505 2430 1750 2484 difficilior,
1795 2430 1899 2484 quia
1932 2429 1978 2471 in

118 2507 342 2562 plerisque
387 2507 647 2562 regionibus
681 2507 733 2550 ob
776 2508 898 2562 leges
932 2507 1085 2550 civiles
1129 2507 1207 2549 vix
1246 2506 1392 2549 caveri
1435 2509 1586 2560 potest
1619 2504 1881 2559 periculum,
1926 2516 1981 2545 ne

117 2581 266 2635 proles
300 2581 520 2624 habeatur
552 2581 750 2624 civiliter
780 2581 1039 2636 illegitima,

272 2655 308 2702 ,3.
335 2654 676 2697 Matrimonium
701 2655 912 2698 celebrari
937 2655 1067 2698 debet
1090 2655 1136 2698 in
1159 2657 1304 2698 forma
1326 2653 1577 2696 tridentina
1610 2667 1754 2696 coram
1790 2652 1979 2707 parocho

118 2727 192 2769 vel
225 2728 313 2770 alio
347 2728 576 2771 sacerdote
607 2728 814 2783 delegato
848 2734 893 2772 et
928 2728 1099 2772 duobus
1131 2728 1339 2772 testibus.
1403 2727 1732 2770 Testimonium
1766 2725 1973 2770 celebrati

119 2801 403 2844 matrimonii
436 2801 737 2845 exhibendum
771 2810 839 2845 est
873 2803 1092 2857 episcopo,
1127 2802 1200 2856 qui
1234 2802 1349 2844 illud
1381 2801 1428 2844 in
1461 2800 1574 2844 libro
1598 2800 1804 2856 apposito
1838 2807 1979 2843 trans-

117 2874 405 2917 scribendum
440 2880 486 2917 et
517 2874 565 2916 in
598 2875 779 2917 archivo
803 2875 1045 2930 episcopali
1080 2876 1401 2918 asservandum
1436 2874 1623 2917 curabit.

269 2962 308 2999 γ.
335 2948 487 2991 Proles
520 2961 574 2991 ex
606 2948 824 2991 eiusmodi
853 2949 1142 2992 matrimonio
1174 2955 1282 2992 nata
1309 2949 1582 3004 baptizanda
1615 2952 1682 2991 est
1715 2948 1763 2991 in
1796 2948 1978 2991 ecclesia

117 3020 255 3063 tectis
296 3026 535 3076 parentum
578 3022 835 3065 nominibus
878 3027 1013 3077 atque
1055 3023 1259 3077 episcopo
1303 3022 1653 3077 significandum
1699 3027 1766 3064 est
1811 3022 1978 3076 prolem

117 3094 206 3138 tali
238 3095 333 3138 loco
366 3100 411 3138 et
446 3095 516 3138 die
549 3095 829 3150 baptizatam
865 3110 959 3140 esse
991 3097 1260 3151 legitimam.

273 3227 305 3280 ¹)
335 3227 384 3270 In
417 3228 636 3271 eiusmodi
681 3241 785 3272 casu
818 3233 914 3272 tum
949 3229 1077 3272 uxori
1121 3232 1219 3271 tum
1253 3228 1406 3271 liberis
1453 3229 1617 3271 donum
1663 3227 1868 3282 nuptiale
1901 3239 1980 3269 seu

119 3300 424 3344 determinata
476 3301 623 3356 portio
687 3301 901 3345 bonorum
955 3307 1154 3357 tempore
1218 3301 1494 3357 sponsalium
1548 3301 1797 3345 addicitur:
1863 3300 1979 3354 quod

119 3375 286 3417 donum
313 3388 411 3417 cum
436 3375 740 3430 Mor-gyenqabe
763 3375 1000 3430 diceretur,
1032 3376 1137 3419 inde
1169 3389 1247 3430 per
1270 3375 1599 3430 corruptionem
1624 3374 1977 3429 molyanaticnm

117 3454 269 3491 ortum
303 3453 385 3491 est.
