<?xml version="1.0" encoding="UTF-8"?>
<!DOCTYPE html PUBLIC "-//W3C//DTD XHTML 1.0 Transitional//EN"
    "http://www.w3.org/TR/xhtml1/DTD/xhtml1-transitional.dtd">
<html xmlns="http://www.w3.org/1999/xhtml" xml:lang="en" lang="en">
 <head>
  <title>
</title>
<meta http-equiv="Content-Type" content="text/html;charset=utf-8" />
  <meta name='ocr-system' content='tesseract 3.04.00' />
  <meta name='ocr-capabilities' content='ocr_page ocr_carea ocr_par ocr_line ocrx_word'/>
</head>
<body>
  <div class='ocr_page' id='page_1' title='image "./summatheologiaem00nold_0154.png"; bbox 0 0 2269 3898; ppageno 0'>
   <div class='ocr_carea' id='block_1_1' title="bbox 287 115 1417 171">
    <p class='ocr_par' dir='ltr' id='par_1_1' title="bbox 287 115 1417 171">
     <span class='ocr_line' id='line_1_1' title="bbox 287 115 1417 171; baseline -0.005 -7"><span class='ocrx_word' id='word_1_1' title='bbox 287 122 373 164; x_wconf 83' lang='lat'>144</span> <span class='ocrx_word' id='word_1_2' title='bbox 1019 116 1092 158; x_wconf 92' lang='grc' dir='ltr'><strong>ΙΙΙ.</strong></span> <span class='ocrx_word' id='word_1_3' title='bbox 1126 117 1193 159; x_wconf 90' lang='lat' dir='ltr'>De</span> <span class='ocrx_word' id='word_1_4' title='bbox 1224 115 1417 171; x_wconf 87' lang='lat' dir='ltr'>legibus.</span> 
     </span>
    </p>
   </div>
   <div class='ocr_carea' id='block_1_2' title="bbox 287 249 2166 587">
    <p class='ocr_par' dir='ltr' id='par_1_2' title="bbox 287 249 2166 587">
     <span class='ocr_line' id='line_1_2' title="bbox 287 249 2166 325; baseline -0.003 -19"><span class='ocrx_word' id='word_1_5' title='bbox 287 274 392 325; x_wconf 90' lang='lat' dir='ltr'>que</span> <span class='ocrx_word' id='word_1_6' title='bbox 447 252 723 306; x_wconf 87' lang='lat' dir='ltr'>domicilio</span> <span class='ocrx_word' id='word_1_7' title='bbox 775 253 975 318; x_wconf 89' lang='lat' dir='ltr'>vigeat,</span> <span class='ocrx_word' id='word_1_8' title='bbox 1034 250 1144 316; x_wconf 88' lang='lat' dir='ltr'>alii,</span> <span class='ocrx_word' id='word_1_9' title='bbox 1215 251 1391 316; x_wconf 89' lang='lat' dir='ltr'>magis</span> <span class='ocrx_word' id='word_1_10' title='bbox 1455 249 1803 301; x_wconf 70' lang='lat' dir='ltr'>inhaerentes</span> <span class='ocrx_word' id='word_1_11' title='bbox 1872 250 2166 319; x_wconf 79' lang='lat' dir='ltr'>principiis</span> 
     </span>
     <span class='ocr_line' id='line_1_3' title="bbox 290 337 2163 413; baseline -0.004 -18"><span class='ocrx_word' id='word_1_12' title='bbox 290 363 454 413; x_wconf 88' lang='lat' dir='ltr'>supra</span> <span class='ocrx_word' id='word_1_13' title='bbox 497 342 774 411; x_wconf 89' lang='lat' dir='ltr'>expositis,</span> <span class='ocrx_word' id='word_1_14' title='bbox 819 341 1136 413; x_wconf 87' lang='lat' dir='ltr'>peregrinos</span> <span class='ocrx_word' id='word_1_15' title='bbox 1178 359 1209 390; x_wconf 90' lang='lat' dir='ltr'>a</span> <span class='ocrx_word' id='word_1_16' title='bbox 1249 339 1368 407; x_wconf 86' lang='lat' dir='ltr'>lege</span> <span class='ocrx_word' id='word_1_17' title='bbox 1411 341 1684 390; x_wconf 89' lang='lat' dir='ltr'>immunes</span> <span class='ocrx_word' id='word_1_18' title='bbox 1728 338 2026 406; x_wconf 85' lang='lat' dir='ltr'>declarant,</span> <span class='ocrx_word' id='word_1_19' title='bbox 2071 337 2163 389; x_wconf 89' lang='lat' dir='ltr'>alii</span> 
     </span>
     <span class='ocr_line' id='line_1_4' title="bbox 289 427 2164 501; baseline -0.004 -16"><span class='ocrx_word' id='word_1_20' title='bbox 289 441 471 485; x_wconf 88' lang='lat' dir='ltr'>autem</span> <span class='ocrx_word' id='word_1_21' title='bbox 513 450 581 482; x_wconf 86' lang='lat' dir='ltr'>ex</span> <span class='ocrx_word' id='word_1_22' title='bbox 624 429 862 499; x_wconf 87' lang='lat' dir='ltr'>quadam</span> <span class='ocrx_word' id='word_1_23' title='bbox 906 431 1182 499; x_wconf 86' lang='lat' dir='ltr'>aequitate</span> <span class='ocrx_word' id='word_1_24' title='bbox 1226 447 1314 480; x_wconf 89' lang='lat' dir='ltr'>eos</span> <span class='ocrx_word' id='word_1_25' title='bbox 1357 428 1426 479; x_wconf 88' lang='lat' dir='ltr'>ad</span> <span class='ocrx_word' id='word_1_26' title='bbox 1464 428 1638 501; x_wconf 83' lang='lat' dir='ltr'>legem</span> <span class='ocrx_word' id='word_1_27' title='bbox 1670 427 2006 479; x_wconf 84' lang='lat' dir='ltr'>servandam</span> <span class='ocrx_word' id='word_1_28' title='bbox 2047 446 2164 496; x_wconf 89' lang='lat' dir='ltr'>pro·</span> 
     </span>
     <span class='ocr_line' id='line_1_5' title="bbox 291 518 912 587; baseline -0.003 -14"><span class='ocrx_word' id='word_1_29' title='bbox 291 520 549 573; x_wconf 78' lang='lat' dir='ltr'>habiliter</span> <span class='ocrx_word' id='word_1_30' title='bbox 596 518 912 587; x_wconf 81' lang='lat' dir='ltr'>obligant1).</span> 
     </span>
    </p>
   </div>
   <div class='ocr_carea' id='block_1_3' title="bbox 290 627 2175 1295">
    <p class='ocr_par' dir='ltr' id='par_1_3' title="bbox 290 627 2172 909">
     <span class='ocr_line' id='line_1_6' title="bbox 439 627 2167 685; baseline -0.002 -11"><span class='ocrx_word' id='word_1_31' title='bbox 439 631 525 684; x_wconf 78' lang='lat' dir='ltr'>Qui</span> <span class='ocrx_word' id='word_1_32' title='bbox 557 630 778 685; x_wconf 77' lang='lat' dir='ltr'>relinquit</span> <span class='ocrx_word' id='word_1_33' title='bbox 809 631 957 673; x_wconf 92' lang='lat' dir='ltr'>locum</span> <span class='ocrx_word' id='word_1_34' title='bbox 993 629 1213 672; x_wconf 73' lang='lat' dir='ltr'>domicilii</span> <span class='ocrx_word' id='word_1_35' title='bbox 1237 629 1323 683; x_wconf 88' lang='lat' dir='ltr'>sui,</span> <span class='ocrx_word' id='word_1_36' title='bbox 1356 629 1404 671; x_wconf 91' lang='lat' dir='ltr'>in</span> <span class='ocrx_word' id='word_1_37' title='bbox 1428 642 1514 682; x_wconf 86' lang='lat' dir='ltr'>quo</span> <span class='ocrx_word' id='word_1_38' title='bbox 1537 632 1606 671; x_wconf 91' lang='lat' dir='ltr'>est</span> <span class='ocrx_word' id='word_1_39' title='bbox 1629 628 1907 683; x_wconf 76' lang='lat' dir='ltr'>particulare</span> <span class='ocrx_word' id='word_1_40' title='bbox 1929 627 2167 682; x_wconf 89' lang='lat' dir='ltr'>ieiunium,</span> 
     </span>
     <span class='ocr_line' id='line_1_7' title="bbox 290 701 2172 760; baseline -0.003 -10"><span class='ocrx_word' id='word_1_41' title='bbox 290 712 336 750; x_wconf 89' lang='grc' dir='ltr'>θῖ</span> <span class='ocrx_word' id='word_1_42' title='bbox 368 706 495 750; x_wconf 83' lang='lat' dir='ltr'>venit</span> <span class='ocrx_word' id='word_1_43' title='bbox 529 706 577 748; x_wconf 88' lang='lat' dir='ltr'>in</span> <span class='ocrx_word' id='word_1_44' title='bbox 609 706 773 760; x_wconf 87' lang='lat' dir='ltr'>locum,</span> <span class='ocrx_word' id='word_1_45' title='bbox 816 704 894 747; x_wconf 88' lang='lat' dir='ltr'>ubi</span> <span class='ocrx_word' id='word_1_46' title='bbox 939 703 1112 759; x_wconf 87' lang='lat' dir='ltr'>pariter</span> <span class='ocrx_word' id='word_1_47' title='bbox 1154 707 1223 746; x_wconf 87' lang='lat' dir='ltr'>est</span> <span class='ocrx_word' id='word_1_48' title='bbox 1257 703 1450 758; x_wconf 89' lang='lat' dir='ltr'>speciale</span> <span class='ocrx_word' id='word_1_49' title='bbox 1482 702 1722 757; x_wconf 88' lang='lat' dir='ltr'>ieiunium,</span> <span class='ocrx_word' id='word_1_50' title='bbox 1755 701 1829 745; x_wconf 88' lang='lat' dir='ltr'>hic</span> <span class='ocrx_word' id='word_1_51' title='bbox 1861 716 1948 745; x_wconf 90' lang='lat' dir='ltr'>non</span> <span class='ocrx_word' id='word_1_52' title='bbox 1983 706 2172 745; x_wconf 86' lang='lat' dir='ltr'>tenetur</span> 
     </span>
     <span class='ocr_line' id='line_1_8' title="bbox 290 776 2165 834; baseline -0.003 -10"><span class='ocrx_word' id='word_1_53' title='bbox 290 781 510 825; x_wconf 87' lang='lat' dir='ltr'>ieiunare:</span> <span class='ocrx_word' id='word_1_54' title='bbox 546 794 634 823; x_wconf 88' lang='lat' dir='ltr'>non</span> <span class='ocrx_word' id='word_1_55' title='bbox 652 779 829 823; x_wconf 83' lang='lat' dir='ltr'>ratione</span> <span class='ocrx_word' id='word_1_56' title='bbox 851 778 1083 834; x_wconf 83' lang='lat' dir='ltr'>praecepti</span> <span class='ocrx_word' id='word_1_57' title='bbox 1107 777 1177 821; x_wconf 89' lang='lat' dir='ltr'>sui</span> <span class='ocrx_word' id='word_1_58' title='bbox 1202 777 1435 832; x_wconf 79' lang='lat' dir='ltr'>domicilii,</span> <span class='ocrx_word' id='word_1_59' title='bbox 1469 777 1575 832; x_wconf 88' lang='lat' dir='ltr'>quia</span> <span class='ocrx_word' id='word_1_60' title='bbox 1605 781 1674 821; x_wconf 88' lang='lat' dir='ltr'>est</span> <span class='ocrx_word' id='word_1_61' title='bbox 1697 782 1828 820; x_wconf 87' lang='lat' dir='ltr'>extra</span> <span class='ocrx_word' id='word_1_62' title='bbox 1860 776 2165 827; x_wconf 85' lang='lat' dir='ltr'>territorium;</span> 
     </span>
     <span class='ocr_line' id='line_1_9' title="bbox 291 850 2168 909; baseline -0.004 -10"><span class='ocrx_word' id='word_1_63' title='bbox 291 869 381 899; x_wconf 90' lang='lat' dir='ltr'>non</span> <span class='ocrx_word' id='word_1_64' title='bbox 414 855 591 899; x_wconf 88' lang='lat' dir='ltr'>ratione</span> <span class='ocrx_word' id='word_1_65' title='bbox 624 853 855 909; x_wconf 77' lang='lat' dir='ltr'>praecepti</span> <span class='ocrx_word' id='word_1_66' title='bbox 889 853 1080 897; x_wconf 87' lang='lat' dir='ltr'>alterius</span> <span class='ocrx_word' id='word_1_67' title='bbox 1112 852 1209 904; x_wconf 73' lang='grc'>1001,</span> <span class='ocrx_word' id='word_1_68' title='bbox 1253 852 1358 907; x_wconf 87' lang='lat' dir='ltr'>quia</span> <span class='ocrx_word' id='word_1_69' title='bbox 1390 866 1480 896; x_wconf 91' lang='lat' dir='ltr'>non</span> <span class='ocrx_word' id='word_1_70' title='bbox 1521 858 1590 895; x_wconf 89' lang='lat' dir='ltr'>est</span> <span class='ocrx_word' id='word_1_71' title='bbox 1631 851 1842 895; x_wconf 86' lang='lat' dir='ltr'>subditus</span> <span class='ocrx_word' id='word_1_72' title='bbox 1875 850 2168 906; x_wconf 81' lang='lat' dir='ltr'>legislatoris.</span> 
     </span>
    </p>

    <p class='ocr_par' dir='ltr' id='par_1_4' title="bbox 295 948 2171 1198">
     <span class='ocr_line' id='line_1_10' title="bbox 444 948 2171 1020; baseline -0.002 -18"><span class='ocrx_word' id='word_1_73' title='bbox 444 953 493 1004; x_wconf 79' lang='lat'>4.</span> <span class='ocrx_word' id='word_1_74' title='bbox 538 952 821 1020; x_wconf 82' lang='lat' dir='ltr'>Peregrini</span> <span class='ocrx_word' id='word_1_75' title='bbox 863 951 1096 1019; x_wconf 65' lang='lat' dir='ltr'>qaudewzt</span> <span class='ocrx_word' id='word_1_76' title='bbox 1124 949 1429 1019; x_wconf 51' lang='lat' dir='ltr'>pwivz‘leqiis</span> <span class='ocrx_word' id='word_1_77' title='bbox 1473 948 1588 1013; x_wconf 79' lang='lat' dir='ltr'>loci,</span> <span class='ocrx_word' id='word_1_78' title='bbox 1631 951 1689 1000; x_wconf 74' lang='lat' dir='ltr'>in</span> <span class='ocrx_word' id='word_1_79' title='bbox 1729 967 1825 1017; x_wconf 76' lang='lat' dir='ltr'>quo</span> <span class='ocrx_word' id='word_1_80' title='bbox 1867 957 2171 1000; x_wconf 67' lang='lat' dir='ltr'>versantur:</span> 
     </span>
     <span class='ocr_line' id='line_1_11' title="bbox 295 1039 2171 1107; baseline -0.003 -14"><span class='ocrx_word' id='word_1_81' title='bbox 295 1043 528 1093; x_wconf 88' lang='lat' dir='ltr'>nimium</span> <span class='ocrx_word' id='word_1_82' title='bbox 573 1041 721 1093; x_wconf 92' lang='lat' dir='ltr'>enim</span> <span class='ocrx_word' id='word_1_83' title='bbox 764 1039 1177 1091; x_wconf 84' lang='lat' dir='ltr'>incommodum</span> <span class='ocrx_word' id='word_1_84' title='bbox 1207 1039 1391 1090; x_wconf 90' lang='lat' dir='ltr'>subire</span> <span class='ocrx_word' id='word_1_85' title='bbox 1419 1039 1698 1104; x_wconf 85' lang='lat' dir='ltr'>deberent,</span> <span class='ocrx_word' id='word_1_86' title='bbox 1743 1039 1786 1088; x_wconf 93' lang='lat' dir='ltr'>si</span> <span class='ocrx_word' id='word_1_87' title='bbox 1817 1039 1922 1107; x_wconf 90' lang='lat' dir='ltr'>ipsi</span> <span class='ocrx_word' id='word_1_88' title='bbox 1952 1055 2171 1088; x_wconf 88' lang='lat' dir='ltr'>servare</span> 
     </span>
     <span class='ocr_line' id='line_1_12' title="bbox 300 1125 2171 1198; baseline -0.002 -16"><span class='ocrx_word' id='word_1_89' title='bbox 300 1139 620 1182; x_wconf 85' lang='lat' dir='ltr'>tenerentur</span> <span class='ocrx_word' id='word_1_90' title='bbox 658 1129 822 1198; x_wconf 88' lang='lat' dir='ltr'>leges,</span> <span class='ocrx_word' id='word_1_91' title='bbox 879 1147 1014 1198; x_wconf 91' lang='lat' dir='ltr'>quas</span> <span class='ocrx_word' id='word_1_92' title='bbox 1055 1127 1148 1179; x_wconf 88' lang='lat' dir='ltr'>alii</span> <span class='ocrx_word' id='word_1_93' title='bbox 1193 1130 1247 1179; x_wconf 91' lang='lat' dir='ltr'>in</span> <span class='ocrx_word' id='word_1_94' title='bbox 1292 1128 1483 1179; x_wconf 88' lang='lat' dir='ltr'>eodem</span> <span class='ocrx_word' id='word_1_95' title='bbox 1540 1128 1658 1179; x_wconf 89' lang='lat' dir='ltr'>loco</span> <span class='ocrx_word' id='word_1_96' title='bbox 1701 1145 1810 1178; x_wconf 90' lang='lat' dir='ltr'>non</span> <span class='ocrx_word' id='word_1_97' title='bbox 1854 1125 2171 1179; x_wconf 84' lang='lat' dir='ltr'>observant.</span> 
     </span>
    </p>

    <p class='ocr_par' dir='ltr' id='par_1_5' title="bbox 445 1237 2175 1295">
     <span class='ocr_line' id='line_1_13' title="bbox 445 1237 2175 1295; baseline -0.002 -12"><span class='ocrx_word' id='word_1_98' title='bbox 445 1240 531 1294; x_wconf 80' lang='lat' dir='ltr'>Qui</span> <span class='ocrx_word' id='word_1_99' title='bbox 555 1244 757 1295; x_wconf 85' lang='lat' dir='ltr'>tempore</span> <span class='ocrx_word' id='word_1_100' title='bbox 780 1239 1156 1295; x_wconf 79' lang='lat' dir='ltr'>quadragesimae</span> <span class='ocrx_word' id='word_1_101' title='bbox 1178 1245 1388 1283; x_wconf 85' lang='lat' dir='ltr'>versatur</span> <span class='ocrx_word' id='word_1_102' title='bbox 1416 1239 1465 1282; x_wconf 88' lang='lat' dir='ltr'>in</span> <span class='ocrx_word' id='word_1_103' title='bbox 1489 1239 1679 1283; x_wconf 89' lang='lat' dir='ltr'>dioecesi</span> <span class='ocrx_word' id='word_1_104' title='bbox 1701 1238 1966 1293; x_wconf 84' lang='lat' dir='ltr'>brixinensi,</span> <span class='ocrx_word' id='word_1_105' title='bbox 2001 1237 2175 1290; x_wconf 76' lang='lat' dir='ltr'>diebus,</span> 
     </span>
    </p>
   </div>
   <div class='ocr_carea' id='block_1_4' title="bbox 296 1311 2172 1444">
    <p class='ocr_par' dir='ltr' id='par_1_6' title="bbox 296 1311 2172 1444">
     <span class='ocr_line' id='line_1_14' title="bbox 296 1311 2172 1370; baseline -0.002 -12"><span class='ocrx_word' id='word_1_106' title='bbox 296 1315 456 1370; x_wconf 89' lang='lat' dir='ltr'>quibus</span> <span class='ocrx_word' id='word_1_107' title='bbox 491 1328 747 1358; x_wconf 84' lang='lat' dir='ltr'>concessum</span> <span class='ocrx_word' id='word_1_108' title='bbox 782 1318 851 1358; x_wconf 88' lang='lat' dir='ltr'>est</span> <span class='ocrx_word' id='word_1_109' title='bbox 882 1314 1132 1368; x_wconf 86' lang='lat' dir='ltr'>indultum,</span> <span class='ocrx_word' id='word_1_110' title='bbox 1166 1314 1235 1357; x_wconf 90' lang='lat' dir='ltr'>bis</span> <span class='ocrx_word' id='word_1_111' title='bbox 1266 1315 1312 1357; x_wconf 90' lang='lat' dir='ltr'>in</span> <span class='ocrx_word' id='word_1_112' title='bbox 1349 1314 1420 1357; x_wconf 90' lang='lat' dir='ltr'>die</span> <span class='ocrx_word' id='word_1_113' title='bbox 1454 1327 1608 1357; x_wconf 85' lang='lat' dir='ltr'>carnes</span> <span class='ocrx_word' id='word_1_114' title='bbox 1631 1314 1861 1357; x_wconf 87' lang='lat' dir='ltr'>comedere</span> <span class='ocrx_word' id='word_1_115' title='bbox 1883 1316 2051 1368; x_wconf 83' lang='lat' dir='ltr'>potest,</span> <span class='ocrx_word' id='word_1_116' title='bbox 2085 1311 2172 1355; x_wconf 85' lang='lat' dir='ltr'>etsi</span> 
     </span>
     <span class='ocr_line' id='line_1_15' title="bbox 296 1384 1821 1444; baseline -0.001 -12"><span class='ocrx_word' id='word_1_117' title='bbox 296 1390 344 1432; x_wconf 90' lang='lat' dir='ltr'>in</span> <span class='ocrx_word' id='word_1_118' title='bbox 375 1389 471 1431; x_wconf 90' lang='lat' dir='ltr'>loco</span> <span class='ocrx_word' id='word_1_119' title='bbox 507 1388 724 1431; x_wconf 84' lang='lat' dir='ltr'>domicilii</span> <span class='ocrx_word' id='word_1_120' title='bbox 759 1389 828 1431; x_wconf 87' lang='lat' dir='ltr'>sui</span> <span class='ocrx_word' id='word_1_121' title='bbox 861 1389 941 1431; x_wconf 89' lang='lat' dir='ltr'>hoc</span> <span class='ocrx_word' id='word_1_122' title='bbox 973 1388 1270 1444; x_wconf 86' lang='lat' dir='ltr'>privilegium</span> <span class='ocrx_word' id='word_1_123' title='bbox 1304 1402 1393 1431; x_wconf 90' lang='lat' dir='ltr'>non</span> <span class='ocrx_word' id='word_1_124' title='bbox 1427 1388 1611 1432; x_wconf 85' lang='lat' dir='ltr'>existat.</span> <span class='ocrx_word' id='word_1_125' title='bbox 1818 1384 1821 1388; x_wconf 67' lang='grc'>’</span> 
     </span>
    </p>
   </div>
   <div class='ocr_carea' id='block_1_5' title="bbox 299 1499 2188 2376">
    <p class='ocr_par' dir='ltr' id='par_1_7' title="bbox 299 1499 2188 2376">
     <span class='ocr_line' id='line_1_16' title="bbox 448 1499 2175 1571; baseline -0.001 -19"><span class='ocrx_word' id='word_1_126' title='bbox 448 1500 496 1553; x_wconf 79' lang='grc'>5.</span> <span class='ocrx_word' id='word_1_127' title='bbox 541 1501 822 1568; x_wconf 82' lang='lat' dir='ltr'>Peregrini</span> <span class='ocrx_word' id='word_1_128' title='bbox 867 1510 1054 1553; x_wconf 91' lang='lat' dir='ltr'>tamen</span> <span class='ocrx_word' id='word_1_129' title='bbox 1096 1508 1353 1552; x_wconf 89' lang='lat' dir='ltr'>tenentur</span> <span class='ocrx_word' id='word_1_130' title='bbox 1396 1499 1593 1571; x_wconf 69' lang='lat' dir='ltr'>leqibus</span> <span class='ocrx_word' id='word_1_131' title='bbox 1621 1500 1989 1564; x_wconf 66' lang='lat' dir='ltr'>communibus,</span> <span class='ocrx_word' id='word_1_132' title='bbox 2034 1516 2175 1568; x_wconf 87' lang='lat' dir='ltr'>quae</span> 
     </span>
     <span class='ocr_line' id='line_1_17' title="bbox 299 1587 2177 1658; baseline -0.002 -17"><span class='ocrx_word' id='word_1_133' title='bbox 299 1592 490 1658; x_wconf 85' lang='lat' dir='ltr'>vigent</span> <span class='ocrx_word' id='word_1_134' title='bbox 543 1592 599 1641; x_wconf 93' lang='lat' dir='ltr'>in</span> <span class='ocrx_word' id='word_1_135' title='bbox 645 1607 706 1641; x_wconf 91' lang='lat' dir='ltr'>eo</span> <span class='ocrx_word' id='word_1_136' title='bbox 762 1589 895 1657; x_wconf 81' lang='lat'>1000,</span> <span class='ocrx_word' id='word_1_137' title='bbox 955 1589 1049 1641; x_wconf 82' lang='lat' dir='ltr'>ubi</span> <span class='ocrx_word' id='word_1_138' title='bbox 1109 1598 1411 1654; x_wconf 82' lang='lat' dir='ltr'>versantur,</span> <span class='ocrx_word' id='word_1_139' title='bbox 1475 1591 1575 1641; x_wconf 85' lang='lat' dir='ltr'>etsi</span> <span class='ocrx_word' id='word_1_140' title='bbox 1629 1591 1685 1640; x_wconf 92' lang='lat' dir='ltr'>in</span> <span class='ocrx_word' id='word_1_141' title='bbox 1740 1607 1836 1640; x_wconf 88' lang='lat' dir='ltr'>suo</span> <span class='ocrx_word' id='word_1_142' title='bbox 1894 1587 2177 1642; x_wconf 91' lang='lat' dir='ltr'>domicilio</span> 
     </span>
     <span class='ocr_line' id='line_1_18' title="bbox 301 1678 2179 1748; baseline -0.002 -17"><span class='ocrx_word' id='word_1_143' title='bbox 301 1688 481 1731; x_wconf 89' lang='lat' dir='ltr'>essent</span> <span class='ocrx_word' id='word_1_144' title='bbox 522 1679 838 1748; x_wconf 81' lang='lat' dir='ltr'>abrogatae,</span> <span class='ocrx_word' id='word_1_145' title='bbox 881 1681 960 1731; x_wconf 89' lang='lat' dir='ltr'>sic</span> <span class='ocrx_word' id='word_1_146' title='bbox 1000 1681 1249 1747; x_wconf 83' lang='lat' dir='ltr'>germani</span> <span class='ocrx_word' id='word_1_147' title='bbox 1291 1679 1486 1731; x_wconf 86' lang='lat' dir='ltr'>diebus</span> <span class='ocrx_word' id='word_1_148' title='bbox 1523 1678 1910 1731; x_wconf 86' lang='lat' dir='ltr'>hebdomadae</span> <span class='ocrx_word' id='word_1_149' title='bbox 1952 1685 2179 1729; x_wconf 86' lang='lat' dir='ltr'>sanctae</span> 
     </span>
     <span class='ocr_line' id='line_1_19' title="bbox 303 1768 2176 1821; baseline -0.002 -1"><span class='ocrx_word' id='word_1_150' title='bbox 303 1770 509 1820; x_wconf 82' lang='lat' dir='ltr'>Romae</span> <span class='ocrx_word' id='word_1_151' title='bbox 552 1770 800 1820; x_wconf 91' lang='lat' dir='ltr'>ieiunare</span> <span class='ocrx_word' id='word_1_152' title='bbox 831 1769 1034 1821; x_wconf 86' lang='lat' dir='ltr'>debent</span> <span class='ocrx_word' id='word_1_153' title='bbox 1067 1787 1214 1820; x_wconf 90' lang='lat' dir='ltr'>more</span> <span class='ocrx_word' id='word_1_154' title='bbox 1242 1788 1499 1821; x_wconf 90' lang='lat' dir='ltr'>romano:</span> <span class='ocrx_word' id='word_1_155' title='bbox 1540 1769 1633 1820; x_wconf 91' lang='lat' dir='ltr'>lex</span> <span class='ocrx_word' id='word_1_156' title='bbox 1665 1770 1811 1819; x_wconf 92' lang='lat' dir='ltr'>enim</span> <span class='ocrx_word' id='word_1_157' title='bbox 1842 1768 2176 1819; x_wconf 86' lang='lat' dir='ltr'>territorium</span> 
     </span>
     <span class='ocr_line' id='line_1_20' title="bbox 302 1857 2174 1928; baseline -0.001 -19"><span class='ocrx_word' id='word_1_158' title='bbox 302 1859 490 1924; x_wconf 87' lang='lat' dir='ltr'>afficit,</span> <span class='ocrx_word' id='word_1_159' title='bbox 536 1859 652 1927; x_wconf 89' lang='lat' dir='ltr'>ipse</span> <span class='ocrx_word' id='word_1_160' title='bbox 694 1866 880 1909; x_wconf 86' lang='lat' dir='ltr'>autem</span> <span class='ocrx_word' id='word_1_161' title='bbox 922 1861 1247 1928; x_wconf 87' lang='lat' dir='ltr'>peregrinus</span> <span class='ocrx_word' id='word_1_162' title='bbox 1277 1867 1358 1910; x_wconf 88' lang='lat' dir='ltr'>est</span> <span class='ocrx_word' id='word_1_163' title='bbox 1384 1858 1666 1910; x_wconf 89' lang='lat' dir='ltr'>subiectus</span> <span class='ocrx_word' id='word_1_164' title='bbox 1706 1857 2007 1926; x_wconf 87' lang='lat' dir='ltr'>legislatori</span> <span class='ocrx_word' id='word_1_165' title='bbox 2038 1874 2174 1908; x_wconf 90' lang='lat' dir='ltr'>com-</span> 
     </span>
     <span class='ocr_line' id='line_1_21' title="bbox 304 1947 2182 2017; baseline -0.002 -17"><span class='ocrx_word' id='word_1_166' title='bbox 304 1949 473 2001; x_wconf 88' lang='lat' dir='ltr'>muni.</span> <span class='ocrx_word' id='word_1_167' title='bbox 552 1947 787 2017; x_wconf 88' lang='lat' dir='ltr'>Insuper</span> <span class='ocrx_word' id='word_1_168' title='bbox 839 1966 1059 2000; x_wconf 85' lang='lat' dir='ltr'>servare</span> <span class='ocrx_word' id='word_1_169' title='bbox 1113 1956 1397 2000; x_wconf 86' lang='lat' dir='ltr'>tenentur:</span> <span class='ocrx_word' id='word_1_170' title='bbox 1467 1968 1514 2001; x_wconf 84' lang='grc' dir='ltr'>α.</span> <span class='ocrx_word' id='word_1_171' title='bbox 1569 1948 1717 2016; x_wconf 84' lang='lat' dir='ltr'>leges</span> <span class='ocrx_word' id='word_1_172' title='bbox 1756 1947 1978 2013; x_wconf 80' lang='lat' dir='ltr'>localeS,</span> <span class='ocrx_word' id='word_1_173' title='bbox 2042 1964 2182 2016; x_wconf 88' lang='lat' dir='ltr'>quae</span> 
     </span>
     <span class='ocr_line' id='line_1_22' title="bbox 303 2035 2188 2107; baseline -0.001 -19"><span class='ocrx_word' id='word_1_174' title='bbox 303 2038 607 2107; x_wconf 87' lang='lat' dir='ltr'>respiciunt</span> <span class='ocrx_word' id='word_1_175' title='bbox 650 2046 992 2089; x_wconf 89' lang='lat' dir='ltr'>contractus:</span> <span class='ocrx_word' id='word_1_176' title='bbox 1057 2038 1123 2089; x_wconf 87' lang='lat' dir='ltr'>de</span> <span class='ocrx_word' id='word_1_177' title='bbox 1174 2037 1260 2090; x_wconf 89' lang='lat' dir='ltr'>his</span> <span class='ocrx_word' id='word_1_178' title='bbox 1314 2039 1461 2090; x_wconf 89' lang='lat' dir='ltr'>enim</span> <span class='ocrx_word' id='word_1_179' title='bbox 1515 2037 1665 2089; x_wconf 88' lang='lat' dir='ltr'>valet</span> <span class='ocrx_word' id='word_1_180' title='bbox 1718 2039 1968 2089; x_wconf 86' lang='lat' dir='ltr'>axioma:</span> <span class='ocrx_word' id='word_1_181' title='bbox 2031 2035 2188 2088; x_wconf 88' lang='lat' dir='ltr'>locus</span> 
     </span>
     <span class='ocr_line' id='line_1_23' title="bbox 305 2126 2183 2197; baseline -0.001 -19"><span class='ocrx_word' id='word_1_182' title='bbox 305 2129 358 2197; x_wconf 91' lang='lat' dir='ltr'>(i.</span> <span class='ocrx_word' id='word_1_183' title='bbox 404 2146 448 2179; x_wconf 91' lang='lat' dir='ltr'>e.</span> <span class='ocrx_word' id='word_1_184' title='bbox 504 2126 587 2179; x_wconf 86' lang='lat' dir='ltr'>lex</span> <span class='ocrx_word' id='word_1_185' title='bbox 627 2126 836 2195; x_wconf 89' lang='lat' dir='ltr'>localis)</span> <span class='ocrx_word' id='word_1_186' title='bbox 890 2129 1032 2195; x_wconf 87' lang='lat' dir='ltr'>regit</span> <span class='ocrx_word' id='word_1_187' title='bbox 1090 2137 1307 2192; x_wconf 82' lang='lat' dir='ltr'>actum3</span> <span class='ocrx_word' id='word_1_188' title='bbox 1377 2128 1419 2180; x_wconf 81' lang='lat' dir='ltr'>b.</span> <span class='ocrx_word' id='word_1_189' title='bbox 1471 2127 1619 2197; x_wconf 85' lang='lat' dir='ltr'>leges</span> <span class='ocrx_word' id='word_1_190' title='bbox 1675 2126 1892 2193; x_wconf 79' lang='lat' dir='ltr'>localeS,</span> <span class='ocrx_word' id='word_1_191' title='bbox 1948 2144 2183 2197; x_wconf 85' lang='lat' dir='ltr'>quarum</span> 
     </span>
     <span class='ocr_line' id='line_1_24' title="bbox 306 2216 2181 2287; baseline -0.001 -20"><span class='ocrx_word' id='word_1_192' title='bbox 306 2218 663 2284; x_wconf 88' lang='lat' dir='ltr'>transgressio</span> <span class='ocrx_word' id='word_1_193' title='bbox 693 2218 750 2268; x_wconf 92' lang='lat' dir='ltr'>in</span> <span class='ocrx_word' id='word_1_194' title='bbox 781 2216 1173 2268; x_wconf 87' lang='lat' dir='ltr'>detrimentum</span> <span class='ocrx_word' id='word_1_195' title='bbox 1201 2217 1307 2269; x_wconf 88' lang='lat' dir='ltr'>loci</span> <span class='ocrx_word' id='word_1_196' title='bbox 1335 2224 1602 2287; x_wconf 82' lang='lat' dir='ltr'>vergeret,</span> <span class='ocrx_word' id='word_1_197' title='bbox 1648 2218 1704 2269; x_wconf 93' lang='lat' dir='ltr'>in</span> <span class='ocrx_word' id='word_1_198' title='bbox 1733 2236 1839 2287; x_wconf 90' lang='lat' dir='ltr'>quo</span> <span class='ocrx_word' id='word_1_199' title='bbox 1871 2224 2181 2282; x_wconf 81' lang='lat' dir='ltr'>versantur,</span> 
     </span>
     <span class='ocr_line' id='line_1_25' title="bbox 308 2305 2184 2376; baseline -0.002 -18"><span class='ocrx_word' id='word_1_200' title='bbox 308 2314 367 2358; x_wconf 88' lang='lat' dir='ltr'>ut</span> <span class='ocrx_word' id='word_1_201' title='bbox 408 2308 452 2357; x_wconf 91' lang='lat' dir='ltr'>si</span> <span class='ocrx_word' id='word_1_202' title='bbox 501 2305 841 2375; x_wconf 90' lang='lat' dir='ltr'>prohibitum</span> <span class='ocrx_word' id='word_1_203' title='bbox 885 2315 1026 2358; x_wconf 85' lang='lat' dir='ltr'>esset</span> <span class='ocrx_word' id='word_1_204' title='bbox 1068 2325 1277 2358; x_wconf 88' lang='lat' dir='ltr'>merces</span> <span class='ocrx_word' id='word_1_205' title='bbox 1320 2315 1610 2376; x_wconf 87' lang='lat' dir='ltr'>exportare</span> <span class='ocrx_word' id='word_1_206' title='bbox 1652 2306 1740 2358; x_wconf 85' lang='lat' dir='ltr'>vel</span> <span class='ocrx_word' id='word_1_207' title='bbox 1783 2308 1994 2358; x_wconf 89' lang='lat' dir='ltr'>ratione</span> <span class='ocrx_word' id='word_1_208' title='bbox 2035 2323 2184 2357; x_wconf 85' lang='lat' dir='ltr'>secu-</span> 
     </span>
    </p>
   </div>
   <div class='ocr_carea' id='block_1_6' title="bbox 307 2396 2186 2554">
    <p class='ocr_par' dir='ltr' id='par_1_8' title="bbox 307 2396 2186 2554">
     <span class='ocr_line' id='line_1_26' title="bbox 307 2396 2186 2466; baseline -0.001 -20"><span class='ocrx_word' id='word_1_209' title='bbox 307 2397 486 2447; x_wconf 88' lang='lat' dir='ltr'>ritatis</span> <span class='ocrx_word' id='word_1_210' title='bbox 541 2414 696 2447; x_wconf 89' lang='lat' dir='ltr'>arma</span> <span class='ocrx_word' id='word_1_211' title='bbox 749 2405 989 2462; x_wconf 65' lang='lat' dir='ltr'>gestare,</span> <span class='ocrx_word' id='word_1_212' title='bbox 1057 2416 1096 2449; x_wconf 88' lang='grc'>0.</span> <span class='ocrx_word' id='word_1_213' title='bbox 1139 2396 1303 2464; x_wconf 87' lang='lat' dir='ltr'>leges,</span> <span class='ocrx_word' id='word_1_214' title='bbox 1359 2415 1499 2466; x_wconf 88' lang='lat' dir='ltr'>quae</span> <span class='ocrx_word' id='word_1_215' title='bbox 1555 2397 1843 2465; x_wconf 89' lang='lat' dir='ltr'>speciatim</span> <span class='ocrx_word' id='word_1_216' title='bbox 1896 2414 1992 2464; x_wconf 89' lang='lat' dir='ltr'>pro</span> <span class='ocrx_word' id='word_1_217' title='bbox 2038 2413 2186 2464; x_wconf 89' lang='lat' dir='ltr'>pere-</span> 
     </span>
     <span class='ocr_line' id='line_1_27' title="bbox 307 2484 847 2554; baseline 0.002 -18"><span class='ocrx_word' id='word_1_218' title='bbox 307 2485 480 2554; x_wconf 87' lang='lat' dir='ltr'>grinis</span> <span class='ocrx_word' id='word_1_219' title='bbox 520 2484 663 2536; x_wconf 89' lang='lat' dir='ltr'>latae</span> <span class='ocrx_word' id='word_1_220' title='bbox 705 2494 847 2538; x_wconf 88' lang='lat' dir='ltr'>sunt.</span> 
     </span>
    </p>
   </div>
   <div class='ocr_carea' id='block_1_7' title="bbox 312 2610 2190 2768">
    <p class='ocr_par' dir='ltr' id='par_1_9' title="bbox 312 2610 2190 2768">
     <span class='ocr_line' id='line_1_28' title="bbox 464 2610 2190 2678; baseline -0.001 -15"><span class='ocrx_word' id='word_1_221' title='bbox 464 2612 512 2663; x_wconf 83' lang='grc'>6.</span> <span class='ocrx_word' id='word_1_222' title='bbox 574 2610 684 2675; x_wconf 84' lang='lat' dir='ltr'>Qui</span> <span class='ocrx_word' id='word_1_223' title='bbox 726 2611 834 2678; x_wconf 88' lang='lat' dir='ltr'>legi</span> <span class='ocrx_word' id='word_1_224' title='bbox 878 2613 1157 2662; x_wconf 88' lang='lat' dir='ltr'>communi</span> <span class='ocrx_word' id='word_1_225' title='bbox 1200 2612 1255 2662; x_wconf 93' lang='lat' dir='ltr'>in</span> <span class='ocrx_word' id='word_1_226' title='bbox 1300 2629 1395 2662; x_wconf 91' lang='lat' dir='ltr'>suo</span> <span class='ocrx_word' id='word_1_227' title='bbox 1438 2613 1709 2663; x_wconf 87' lang='lat' dir='ltr'>territorio</span> <span class='ocrx_word' id='word_1_228' title='bbox 1752 2613 1862 2663; x_wconf 90' lang='lat' dir='ltr'>iam</span> <span class='ocrx_word' id='word_1_229' title='bbox 1906 2612 2190 2678; x_wconf 82' lang='lat' dir='ltr'>satisfecit,</span> 
     </span>
     <span class='ocr_line' id='line_1_29' title="bbox 312 2699 2189 2768; baseline -0.001 -16"><span class='ocrx_word' id='word_1_230' title='bbox 312 2719 420 2752; x_wconf 91' lang='lat' dir='ltr'>non</span> <span class='ocrx_word' id='word_1_231' title='bbox 478 2709 695 2752; x_wconf 87' lang='lat' dir='ltr'>tenetur</span> <span class='ocrx_word' id='word_1_232' title='bbox 747 2702 946 2751; x_wconf 87' lang='lat' dir='ltr'>iterum</span> <span class='ocrx_word' id='word_1_233' title='bbox 1000 2699 1334 2768; x_wconf 87' lang='lat' dir='ltr'>satisfacere,</span> <span class='ocrx_word' id='word_1_234' title='bbox 1397 2702 1442 2752; x_wconf 90' lang='lat' dir='ltr'>si</span> <span class='ocrx_word' id='word_1_235' title='bbox 1494 2702 1708 2753; x_wconf 89' lang='lat' dir='ltr'>venerit</span> <span class='ocrx_word' id='word_1_236' title='bbox 1750 2703 1806 2753; x_wconf 94' lang='lat' dir='ltr'>in</span> <span class='ocrx_word' id='word_1_237' title='bbox 1848 2700 2048 2767; x_wconf 87' lang='lat' dir='ltr'>locum,</span> <span class='ocrx_word' id='word_1_238' title='bbox 2092 2699 2189 2752; x_wconf 91' lang='lat' dir='ltr'>ubi</span> 
     </span>
    </p>
   </div>
   <div class='ocr_carea' id='block_1_8' title="bbox 314 2789 2191 2949">
    <p class='ocr_par' dir='ltr' id='par_1_10' title="bbox 314 2789 2191 2949">
     <span class='ocr_line' id='line_1_30' title="bbox 314 2789 2191 2861; baseline 0.001 -21"><span class='ocrx_word' id='word_1_239' title='bbox 314 2789 460 2840; x_wconf 91' lang='lat' dir='ltr'>idem</span> <span class='ocrx_word' id='word_1_240' title='bbox 503 2797 857 2859; x_wconf 89' lang='lat' dir='ltr'>praeceptum</span> <span class='ocrx_word' id='word_1_241' title='bbox 901 2791 1074 2841; x_wconf 87' lang='lat' dir='ltr'>serius</span> <span class='ocrx_word' id='word_1_242' title='bbox 1116 2797 1288 2859; x_wconf 88' lang='lat' dir='ltr'>urget,</span> <span class='ocrx_word' id='word_1_243' title='bbox 1352 2791 1483 2861; x_wconf 90' lang='lat' dir='ltr'>quia</span> <span class='ocrx_word' id='word_1_244' title='bbox 1534 2809 1644 2843; x_wconf 92' lang='lat' dir='ltr'>non</span> <span class='ocrx_word' id='word_1_245' title='bbox 1698 2792 1887 2842; x_wconf 85' lang='lat' dir='ltr'>existit</span> <span class='ocrx_word' id='word_1_246' title='bbox 1927 2789 2191 2860; x_wconf 86' lang='lat' dir='ltr'>obligatio</span> 
     </span>
     <span class='ocr_line' id='line_1_31' title="bbox 315 2878 1385 2949; baseline 0.003 -20"><span class='ocrx_word' id='word_1_247' title='bbox 315 2878 462 2930; x_wconf 90' lang='lat' dir='ltr'>idem</span> <span class='ocrx_word' id='word_1_248' title='bbox 505 2887 857 2948; x_wconf 88' lang='lat' dir='ltr'>praeceptum</span> <span class='ocrx_word' id='word_1_249' title='bbox 900 2879 985 2930; x_wconf 89' lang='lat' dir='ltr'>bis</span> <span class='ocrx_word' id='word_1_250' title='bbox 1025 2879 1385 2949; x_wconf 85' lang='lat' dir='ltr'>adimplendi.</span> 
     </span>
    </p>
   </div>
   <div class='ocr_carea' id='block_1_9' title="bbox 316 2988 2197 3122">
    <p class='ocr_par' dir='ltr' id='par_1_11' title="bbox 316 2988 2197 3122">
     <span class='ocr_line' id='line_1_32' title="bbox 464 2988 2197 3048; baseline 0.001 -16"><span class='ocrx_word' id='word_1_251' title='bbox 464 2988 535 3032; x_wconf 86' lang='lat' dir='ltr'>Sic</span> <span class='ocrx_word' id='word_1_252' title='bbox 578 2989 733 3043; x_wconf 88' lang='lat' dir='ltr'>italus,</span> <span class='ocrx_word' id='word_1_253' title='bbox 783 2989 859 3044; x_wconf 90' lang='lat' dir='ltr'>qui</span> <span class='ocrx_word' id='word_1_254' title='bbox 905 2990 1027 3033; x_wconf 87' lang='lat' dir='ltr'>domi</span> <span class='ocrx_word' id='word_1_255' title='bbox 1075 2990 1302 3034; x_wconf 89' lang='lat' dir='ltr'>ieiunavit</span> <span class='ocrx_word' id='word_1_256' title='bbox 1340 2992 1388 3034; x_wconf 92' lang='lat' dir='ltr'>in</span> <span class='ocrx_word' id='word_1_257' title='bbox 1428 2992 1591 3048; x_wconf 83' lang='lat' dir='ltr'>vigilia</span> <span class='ocrx_word' id='word_1_258' title='bbox 1629 3006 1662 3035; x_wconf 90' lang='grc' dir='ltr'>ε.</span> <span class='ocrx_word' id='word_1_259' title='bbox 1696 2992 1838 3046; x_wconf 90' lang='lat' dir='ltr'>Petri,</span> <span class='ocrx_word' id='word_1_260' title='bbox 1885 3005 1976 3035; x_wconf 92' lang='lat' dir='ltr'>non</span> <span class='ocrx_word' id='word_1_261' title='bbox 2008 2994 2197 3035; x_wconf 86' lang='lat' dir='ltr'>tenetur</span> 
     </span>
     <span class='ocr_line' id='line_1_33' title="bbox 316 3063 2191 3122; baseline 0.001 -16"><span class='ocrx_word' id='word_1_262' title='bbox 316 3063 483 3107; x_wconf 87' lang='lat' dir='ltr'>iterum</span> <span class='ocrx_word' id='word_1_263' title='bbox 519 3063 719 3107; x_wconf 88' lang='lat' dir='ltr'>ieiunare</span> <span class='ocrx_word' id='word_1_264' title='bbox 760 3064 808 3106; x_wconf 89' lang='lat' dir='ltr'>in</span> <span class='ocrx_word' id='word_1_265' title='bbox 852 3064 1004 3108; x_wconf 86' lang='lat' dir='ltr'>Gallia</span> <span class='ocrx_word' id='word_1_266' title='bbox 1047 3066 1254 3120; x_wconf 88' lang='lat' dir='ltr'>sequenti</span> <span class='ocrx_word' id='word_1_267' title='bbox 1288 3066 1490 3122; x_wconf 86' lang='lat' dir='ltr'>sabbato,</span> <span class='ocrx_word' id='word_1_268' title='bbox 1537 3067 1585 3110; x_wconf 94' lang='lat' dir='ltr'>in</span> <span class='ocrx_word' id='word_1_269' title='bbox 1618 3067 1735 3121; x_wconf 89' lang='lat' dir='ltr'>quod</span> <span class='ocrx_word' id='word_1_270' title='bbox 1766 3066 1989 3110; x_wconf 89' lang='lat' dir='ltr'>ieiunium</span> <span class='ocrx_word' id='word_1_271' title='bbox 2022 3065 2191 3108; x_wconf 88' lang='lat' dir='ltr'>ibidem</span> 
     </span>
    </p>
   </div>
   <div class='ocr_carea' id='block_1_10' title="bbox 323 3257 2197 3537">
    <p class='ocr_par' dir='ltr' id='par_1_12' title="bbox 323 3257 2197 3537">
     <span class='ocr_line' id='line_1_34' title="bbox 473 3257 2197 3316; baseline 0.001 -16"><span class='ocrx_word' id='word_1_272' title='bbox 473 3257 504 3312; x_wconf 87' lang='grc'>1)</span> <span class='ocrx_word' id='word_1_273' title='bbox 550 3258 620 3300; x_wconf 88' lang='lat' dir='ltr'>Ex</span> <span class='ocrx_word' id='word_1_274' title='bbox 652 3257 892 3302; x_wconf 86' lang='lat' dir='ltr'>voluntate</span> <span class='ocrx_word' id='word_1_275' title='bbox 925 3260 1137 3302; x_wconf 89' lang='lat' dir='ltr'>ecclesiae</span> <span class='ocrx_word' id='word_1_276' title='bbox 1170 3260 1374 3315; x_wconf 88' lang='lat' dir='ltr'>exceptio</span> <span class='ocrx_word' id='word_1_277' title='bbox 1408 3260 1618 3304; x_wconf 75' lang='lat' dir='ltr'>facienda</span> <span class='ocrx_word' id='word_1_278' title='bbox 1659 3265 1728 3304; x_wconf 87' lang='grc' dir='ltr'>θεῖ</span> <span class='ocrx_word' id='word_1_279' title='bbox 1772 3261 1918 3316; x_wconf 87' lang='lat' dir='ltr'>quoad</span> <span class='ocrx_word' id='word_1_280' title='bbox 1964 3260 2197 3302; x_wconf 75' lang='lat' dir='ltr'>orationes</span> 
     </span>
     <span class='ocr_line' id='line_1_35' title="bbox 323 3330 2196 3389; baseline 0.002 -16"><span class='ocrx_word' id='word_1_281' title='bbox 323 3330 377 3373; x_wconf 89' lang='lat' dir='ltr'>ab</span> <span class='ocrx_word' id='word_1_282' title='bbox 411 3331 617 3387; x_wconf 89' lang='lat' dir='ltr'>episcopo</span> <span class='ocrx_word' id='word_1_283' title='bbox 656 3332 741 3375; x_wconf 90' lang='lat' dir='ltr'>loci</span> <span class='ocrx_word' id='word_1_284' title='bbox 782 3333 1046 3389; x_wconf 84' lang='lat' dir='ltr'>imperat-as,</span> <span class='ocrx_word' id='word_1_285' title='bbox 1095 3347 1208 3388; x_wconf 88' lang='lat' dir='ltr'>quae</span> <span class='ocrx_word' id='word_1_286' title='bbox 1252 3334 1434 3378; x_wconf 88' lang='lat' dir='ltr'>recitari</span> <span class='ocrx_word' id='word_1_287' title='bbox 1479 3335 1643 3379; x_wconf 90' lang='lat' dir='ltr'>debent</span> <span class='ocrx_word' id='word_1_288' title='bbox 1681 3335 1737 3379; x_wconf 86' lang='lat' dir='ltr'>ab</span> <span class='ocrx_word' id='word_1_289' title='bbox 1771 3335 1978 3378; x_wconf 88' lang='lat' dir='ltr'>omnibus</span> <span class='ocrx_word' id='word_1_290' title='bbox 2011 3333 2196 3377; x_wconf 89' lang='lat' dir='ltr'>omnino</span> 
     </span>
     <span class='ocr_line' id='line_1_36' title="bbox 324 3406 2194 3465; baseline 0.002 -18"><span class='ocrx_word' id='word_1_291' title='bbox 324 3406 630 3450; x_wconf 87' lang='lat' dir='ltr'>sacerdotibus</span> <span class='ocrx_word' id='word_1_292' title='bbox 665 3406 849 3450; x_wconf 86' lang='lat' dir='ltr'>missam</span> <span class='ocrx_word' id='word_1_293' title='bbox 882 3407 930 3450; x_wconf 90' lang='lat' dir='ltr'>in</span> <span class='ocrx_word' id='word_1_294' title='bbox 966 3408 1155 3452; x_wconf 84' lang='lat' dir='ltr'>dioecesi</span> <span class='ocrx_word' id='word_1_295' title='bbox 1189 3409 1535 3464; x_wconf 86' lang='lat' dir='ltr'>celebrantibus,</span> <span class='ocrx_word' id='word_1_296' title='bbox 1584 3414 1684 3453; x_wconf 90' lang='lat' dir='ltr'>tum</span> <span class='ocrx_word' id='word_1_297' title='bbox 1717 3424 1744 3453; x_wconf 93' lang='lat' dir='ltr'>a</span> <span class='ocrx_word' id='word_1_298' title='bbox 1775 3409 2062 3465; x_wconf 85' lang='lat' dir='ltr'>regularibus</span> <span class='ocrx_word' id='word_1_299' title='bbox 2092 3412 2194 3451; x_wconf 89' lang='lat' dir='ltr'>tum</span> 
     </span>
     <span class='ocr_line' id='line_1_37' title="bbox 326 3480 2112 3537; baseline 0.004 -17"><span class='ocrx_word' id='word_1_300' title='bbox 326 3492 352 3520; x_wconf 89' lang='lat' dir='ltr'>a</span> <span class='ocrx_word' id='word_1_301' title='bbox 383 3480 635 3535; x_wconf 84' lang='lat' dir='ltr'>peregrinis</span> <span class='ocrx_word' id='word_1_302' title='bbox 669 3480 711 3524; x_wconf 89' lang='lat' dir='ltr'>S.</span> <span class='ocrx_word' id='word_1_303' title='bbox 753 3482 797 3525; x_wconf 78' lang='lat' dir='ltr'>C.</span> <span class='ocrx_word' id='word_1_304' title='bbox 833 3483 886 3525; x_wconf 83' lang='lat' dir='ltr'>R.</span> <span class='ocrx_word' id='word_1_305' title='bbox 921 3481 962 3525; x_wconf 81' lang='lat'>3.</span> <span class='ocrx_word' id='word_1_306' title='bbox 997 3497 1089 3537; x_wconf 88' lang='lat' dir='ltr'>apr.</span> <span class='ocrx_word' id='word_1_307' title='bbox 1128 3483 1240 3525; x_wconf 82' lang='lat'>1821</span> <span class='ocrx_word' id='word_1_308' title='bbox 1274 3497 1316 3526; x_wconf 89' lang='lat' dir='ltr'>n.</span> <span class='ocrx_word' id='word_1_309' title='bbox 1352 3484 1493 3537; x_wconf 78' lang='lat'>26133</span> <span class='ocrx_word' id='word_1_310' title='bbox 1529 3484 1569 3527; x_wconf 81' lang='lat'>5.</span> <span class='ocrx_word' id='word_1_311' title='bbox 1603 3489 1739 3529; x_wconf 89' lang='lat' dir='ltr'>mart.</span> <span class='ocrx_word' id='word_1_312' title='bbox 1772 3485 1887 3528; x_wconf 84' lang='lat'>1898</span> <span class='ocrx_word' id='word_1_313' title='bbox 1919 3499 1961 3528; x_wconf 91' lang='lat' dir='ltr'>n.</span> <span class='ocrx_word' id='word_1_314' title='bbox 1996 3484 2112 3527; x_wconf 83' lang='lat'>3985</span> 
     </span>
    </p>
   </div>
  </div>
 </body>
</html>
