2269 3898
308 136 368 178 30
1046 133 1112 175 De
1146 132 1448 175 matrimonio.

312 287 407 337 per
449 285 670 319 causam
715 274 1002 319 externam
1059 265 1267 317 scilicet
1310 266 1559 317 divinam
1614 266 1703 318 vel
1753 266 2186 319 ecclesiasticam

309 357 449 409 solvi
507 375 616 407 non
673 356 857 424 possit.
940 354 1026 405 De
1079 353 1185 405 hac
1232 374 1290 406 re
1334 355 1633 423 dogmatici
1677 363 1967 425 sequentes
2007 355 2188 407 theses

308 454 571 497 statuunt.

463 536 510 586 1.
551 535 954 586 fllatrimonz'um
989 552 1150 585 omne
1185 541 1300 584 tum
1340 535 1459 585 iure
1485 542 1715 586 naturae
1757 542 1874 586 tum
1901 535 2021 604 lege
2050 535 2190 603 posi-

312 626 426 675 tiva
456 623 649 675 divina
677 624 994 675 intrinsecus
1033 621 1405 674 indissolubile
1448 632 1543 686 est,
1587 624 1724 675 adeo
1767 632 1828 675 ut
1868 624 2191 676 contrahen-

310 715 448 764 tium
491 731 762 765 consensu
806 731 1093 782 nunquam
1135 711 1274 763 solvi
1317 713 1502 780 possit.

461 803 509 856 2.
554 803 973 854 Matrimonium
1008 801 1249 870 fidelium
1288 810 1463 853 ratum
1504 811 1552 853 et
1589 811 1997 854 consummatum
2025 804 2190 854 etiam

310 893 634 944 extrinsecus
688 891 1069 944 indissolubile
1125 900 1220 957 est,
1279 891 1416 943 adeo
1472 899 1531 942 ut
1587 891 1726 943 solvi
1783 899 2026 961 nequeat
2085 893 2191 943 nisi

314 1001 409 1051 per
450 989 678 1033 mortem
722 981 946 1033 alterius
989 981 1254 1049 coniugis,

464 1070 856 1114 Indissolubilitas
908 1071 1150 1114 asserenda
1202 1076 1272 1113 est
1325 1069 1463 1113 etiam
1518 1070 1810 1114 matrimonio
1865 1074 2196 1126 consummato,

311 1146 430 1199 quod
466 1158 544 1200 per
580 1145 965 1200 dispensationem
1001 1145 1162 1188 summi
1200 1144 1432 1200 pontificis
1465 1159 1492 1188 a
1523 1145 1651 1188 fideli
1685 1158 1785 1188 cum
1818 1144 1997 1188 infideli
2023 1150 2194 1188 contra·

312 1220 491 1274 hitur‘),
523 1220 599 1262 sed
625 1233 714 1262 non
737 1225 932 1274 constat,
954 1224 1110 1263 utrum
1134 1219 1407 1274 simpliciter
1439 1219 1501 1262 sit
1523 1219 1852 1274 indissolubile,
1887 1234 1945 1262 an
1969 1220 2114 1263 solum
2141 1219 2194 1263 de

315 1297 435 1338 facto
468 1308 717 1349 numquam
750 1294 798 1337 111
832 1307 880 1338 eo
916 1294 1230 1350 dispensatum
1264 1294 1418 1337 fuerit.

463 1370 512 1423 3.
565 1370 984 1421 Matrimonium
1044 1378 1228 1421 autem
1289 1378 1464 1420 ratum
1519 1369 1755 1433 fidelium
1811 1379 1864 1421 et
1919 1371 2194 1421 matrimo-

319 1461 469 1510 nium
511 1460 678 1511 etiam
706 1468 1118 1510 consummatum
1144 1458 1439 1527 infidelium
1479 1466 1748 1528 potestate
1787 1467 2015 1511 externa
2057 1458 2196 1510 solvi

316 1556 508 1618 potest.

704 1713 737 1768 ἑ
770 1715 815 1757 1.
859 1714 945 1757 De
978 1716 1352 1759 matrimonio
1384 1720 1512 1759 rato
1535 1716 1815 1768 fidelium.

466 1848 560 1900 ⁶29.
621 1846 925 1920 Quomodo
977 1847 1267 1900 solvatur.
1354 1850 1397 1902 1.
1445 1848 1863 1899 Matrimonium
1923 1855 2096 1899 rev-atzmu
2152 1856 2200 1898 et

317 1958 420 1989 non
462 1946 874 1988 consummatum
909 1936 1148 2004 fidelium
1191 1956 1260 1988 ex
1299 1939 1459 2006 gravi
1499 1956 1665 1989 causa
1706 1937 1846 1989 solvi
1888 1945 2066 2007 potest
2098 1956 2200 2006 per

320 2028 768 2097 dispensationem
810 2028 1009 2077 summi
1053 2028 1344 2096 pontificis

471 2117 651 2172 Duplex
686 2129 793 2171 ergo
827 2115 1029 2159 condicio
1078 2116 1341 2171 requiritur,
1389 2121 1442 2159 ut
1491 2116 1833 2160 matrimonium
1883 2120 2035 2158 ratum
2085 2114 2199 2157 solvi

316 2192 487 2247 possit:
539 2206 579 2234 a.
628 2195 681 2234 ut
731 2194 906 2233 constet
955 2191 1071 2233 illud
1111 2205 1201 2234 non
1233 2191 1375 2235 fuisse
1408 2196 1513 2235 actu
1547 2190 1777 2247 coniugali
1811 2193 2199 2240 consummatum;

318 2267 355 2309 h.
420 2271 474 2309 ut
522 2266 645 2309 adsit
704 2266 858 2320 gravis
912 2280 1061 2321 causa,
1110 2280 1224 2321 quae
1272 2267 1544 2311 solutionem
1590 2267 1762 2322 exigat.
1841 2266 1971 2309 Hanc
2018 2278 2200 2308 causam

318 2341 544 2396 publicam
591 2353 686 2384 esse
730 2340 888 2384 debere
937 2341 1197 2395 antiquitus
1246 2342 1450 2397 theologi
1494 2340 1844 2395 contendebant,
1885 2353 1940 2383 ex
1984 2340 2201 2383 hodierna

316 2420 475 2458 autem
512 2414 643 2470 praxi
678 2414 890 2458 0001081110
924 2415 1205 2470 dispensatio
1239 2416 1348 2459 111100
1381 2416 1520 2460 etiam
1555 2429 1610 2459 ex
1642 2415 1775 2471 gravi
1808 2427 1944 2458 causa
1978 2413 2082 2457 boni
2116 2414 2200 2470 pri—

318 2490 417 2534 vati
451 2490 726 2534 conceditur.

475 2564 623 2618 Olim
651 2566 795 2617 inter
825 2565 1076 2618 doctores
1105 2568 1249 2618 acris
1279 2566 1656 2618 controversia
1691 2562 2023 2633 agitabatur,
2067 2581 2202 2614 num

315 2674 535 2708 summo
580 2656 829 2726 pontifici
874 2656 1144 2708 divinitus
1186 2655 1383 2708 collata
1425 2656 1493 2706 sit
1544 2654 1680 2706 haec
1729 2661 1996 2724 potestas3
2052 2671 2202 2706 nunc

323 2763 452 2796 vero
497 2746 563 2797 de
607 2764 670 2797 ea
712 2745 951 2815 amplius
994 2744 1239 2797 dubitari
1281 2747 1502 2816 nequit:
1554 2763 1682 2797 nam
1727 2764 1775 2796 α.
1819 2743 2050 2795 ecclesia
2092 2761 2203 2795 sae·

322 2837 447 2904 pius
489 2837 661 2887 utitur
702 2835 807 2887 hac
857 2844 1125 2907 potestate
1185 2822 1437 2888 solvendi
1492 2835 1847 2887 matrimonia
1901 2841 2029 2885 rata
2074 2833 2204 2885 fide-

323 2924 487 2991 lium3
539 2928 691 2995 atqui
734 2945 845 2978 non
887 2925 1065 2978 solum
1107 2927 1478 2993 temerarium,
1523 2942 1717 2976 verum
1760 2925 1926 2975 etiam
1972 2924 2204 2993 impium

318 3015 464 3066 foret
504 3015 769 3067 ecclesiae
811 3033 1015 3083 negare
1055 3023 1400 3085 potestatem,
1448 3033 1556 3085 qua
1597 3002 1717 3083 ipsa
1759 3013 2050 3066 utiturffb.
2096 3012 2205 3065 Ob-

320 3104 616 3172 *ligationes
669 3105 804 3157 iuris
862 3105 1058 3172 divini,
1120 3124 1354 3175 quarum
1411 3105 1708 3156 existentia
1763 3105 1820 3156 in
1881 3102 2203 3173 particulari

324 3211 458 3245 casu
509 3193 580 3245 ab
635 3193 881 3246 humana
934 3195 1219 3247 voluntate
1275 3195 1615 3265 dependent,
1677 3192 1911 3246 ecclesia
1950 3211 2022 3244 ex
2062 3194 2206 3244 iusta

329 3302 495 3335 causa
548 3302 645 3352 per
699 3284 1167 3354 dispensationem
1221 3284 1433 3336 solvere
1483 3291 1676 3354 potest⁷
1731 3291 1791 3336 ut
1839 3283 1907 3335 de
1956 3284 2100 3334 votis
2154 3291 2205 3334 et

486 3493 517 3549 l)
554 3494 599 3537 S.
639 3493 845 3550 Officium
881 3494 918 3535 1.
955 3506 1060 3548 aug.
1096 3493 1232 3544 1759‚-
1267 3493 1307 3538 4.
1342 3492 1423 3536 iul.
1459 3492 1588 3536 1855.
1654 3545 1657 3548 Δ
