2269 3898
231 142 257 184 8
966 140 1031 181 De
1064 138 1369 182 matrimonio.

230 273 415 326 valide
458 282 526 338 et,
571 275 663 342 qui
705 271 923 341 loquela
965 280 1169 337 carent,
1213 273 1379 323 etiam
1420 272 1571 324 licite
1613 273 1947 325 contrahunt
1987 273 2113 325 aliis

233 365 402 432 signis
459 381 501 415 e.
554 380 602 429 g.
663 360 855 412 annuli
913 363 1294 430 acceptatione
1351 361 1441 412 vel
1499 380 1695 413 manus
1751 364 2112 431 porrectione.

234 452 365 504 Cum
419 459 602 501 tamen
654 451 828 502 verba
879 452 986 501 sint
1036 452 1255 519 signum
1313 452 1679 520 aptissimum,
1740 460 1928 521 utpote
1980 470 2111 521 prae

231 541 352 592 aliis
409 548 645 607 certum,
700 558 769 591 ex
824 558 926 591 usu
982 548 1033 590 et
1087 539 1487 591 consuetudine
1541 540 1804 592 ecclesiae
1857 558 1967 592 non
2021 540 2112 592 ad·

233 631 525 681 mittuntur
579 629 687 680 alia
746 631 901 698 signa
944 637 1160 698 praeter
1201 628 1373 680 verba
1417 631 1472 680 in
1514 631 1598 696 iis,
1625 631 1738 700 ‚qui
1778 628 1993 699 loquela
2035 631 2112 681 in·

231 721 420 770 structi
464 727 605 771 sunt.

381 802 580 852 Rubrica
613 807 797 851 ritualis
830 807 1005 851 romani
1039 806 1378 862 praecipientis,
1411 810 1464 850 ut
1499 807 1648 850 serbis
1689 821 1930 851 consensus
1971 808 2114 864 expri-

233 887 401 938 matur,
435 883 517 926 sub
550 882 640 926 levi
673 887 857 926 tantum
893 881 1084 937 obligat,
1119 894 1255 936 quare
1304 894 1358 924 ex
1402 881 1667 925 rationabili
1709 895 1844 925 causa
1886 896 1922 925 e.
1966 895 2009 938 g.
2060 896 2115 926 ex

235 971 403 1014 magna
436 957 708 1001 verecundia
742 971 982 1000 consensus
1017 956 1107 999 alio
1142 955 1273 1011 signo
1307 956 1594 999 manifestari
1629 961 1792 1012 posset.

381 1093 435 1146 9.
499 1092 855 1146 Corollaria.
952 1089 1093 1142 Cum
1155 1091 1570 1142 matrimonium
1632 1100 1829 1142 natura
1889 1111 1986 1142 sua
2047 1093 2115 1142 sit

236 1190 564 1247 contractus,
626 1181 693 1232 de
737 1199 797 1232 eo
841 1179 1005 1246 valet,
1050 1179 1198 1250 quod
1241 1180 1308 1231 de
1350 1179 1472 1231 aliis
1516 1182 1890 1233 contractibus
1931 1180 2115 1232 valere

233 1272 667 1337 demonstratum
712 1273 931 1340 itaque:

383 1363 431 1413 1.
477 1361 899 1412 Matrimonium
941 1358 1127 1411 valide
1171 1367 1223 1410 et
1265 1377 1335 1410 ex
1375 1360 1533 1428 gravi
1577 1377 1744 1411 causa
1771 1361 1937 1410 etiam
1966 1358 2115 1410 licite

226 1472 329 1522 per
371 1451 579 1503 litteras
621 1451 749 1502 iniri
790 1458 971 1519 potest
1010 1448 1115 1501 hoc
1158 1448 1337 1515 modo7
1388 1457 1449 1500 ut
1501 1467 1611 1500 una
1661 1467 1788 1518 pars
1835 1449 2043 1500 litteras
2084 1467 2115 1500 a

234 1548 512 1610 comparte
556 1541 750 1592 missas
791 1547 844 1590 et
886 1557 1214 1590 consensum
1255 1540 1630 1608 exprimentes
1661 1556 1845 1590 coram
1876 1538 2113 1608 parocho

234 1640 285 1682 et
325 1628 559 1681 testibus
600 1629 762 1699 legat,
807 1637 858 1680 et
899 1630 1019 1698 ipsa
1062 1627 1225 1680 simul
1269 1646 1429 1679 suum
1461 1645 1790 1680 consensum
1822 1629 2112 1698 exprimat.

382 1721 429 1772 2.
477 1718 638 1770 Valet
679 1719 1095 1770 matrimonium
1145 1719 1346 1769 initum
1392 1736 1496 1788 per
1540 1726 1943 1787 procuratorem
1998 1720 2116 1769 sive

233 1829 374 1861 unus
417 1811 534 1860 sive
575 1818 805 1878 uterque
846 1826 944 1878 per
985 1815 1399 1877 procuratorem
1437 1807 1787 1874 contrahit¹):
1837 1809 1937 1858 etsi
1967 1809 2114 1858 enim

234 1900 306 1951 ad
346 1898 598 1950 validum
642 1899 1059 1949 matrimonium
1102 1898 1416 1966 requiratur
1450 1915 1750 1948 consensus
1783 1898 2038 1966 proprius
2065 1906 2116 1948 et

233 1987 538 2059 personalis
580 1989 824 2058 ipsorum
868 1986 1331 2050 contrahentium,
1374 1985 1525 2038 hunc
1566 1994 1751 2038 tamen
1787 2004 2114 2038 consensum

234 2079 401 2130 etiam
455 2096 553 2147 per
606 2076 776 2129 alium
832 2075 1098 2127 exhibere
1147 2083 1391 2144 possunt.
1472 2075 1654 2126 Licite
1703 2082 1888 2127 autem
1939 2075 2114 2127 solum

231 2163 302 2218 *ex
357 2168 516 2235 gravi
571 2185 736 2218 causa
785 2165 854 2218 ab
912 2167 1169 2235 episcopo
1224 2164 1514 2234 probanda
1566 2183 1664 2234 per
1706 2174 2114 2234 procuratorem

235 2257 486 2309 contrahi
529 2256 769 2327 potest2).

384 2346 589 2400 Quatuor
623 2345 906 2389 condiciones
939 2344 1250 2399 requiruntur,
1302 2349 1354 2386 ut
1390 2343 1735 2386 matrimonium
1785 2356 1865 2398 per
1911 2355 2116 2397 procura-

235 2426 379 2465 torem
413 2420 520 2464 iniri
555 2421 721 2475 possit:
770 2434 810 2462 a.
844 2425 895 2463 ut
930 2424 1194 2474 procurator
1226 2419 1420 2474 speciale
1453 2419 1724 2461 mandatum
1757 2417 1981 2473 acceperit
2015 2431 2115 2461 cum

235 2509 425 2551 persona
460 2495 766 2538 determinata
791 2493 1109 2538 contrahendi:
1146 2494 1183 2536 h.
1218 2497 1270 2536 ut
1293 2493 1390 2548 ipse
1413 2506 1492 2548 per
1515 2505 1575 2547 se,
1608 2505 1698 2535 non
1720 2505 1799 2547 per
1821 2491 1963 2534 alium
1996 2505 2116 2535 man-

236 2571 395 2614 datum
432 2576 696 2625 exequatur,
730 2569 819 2612 nisi
854 2569 992 2612 etiam
1028 2569 1085 2612 ad
1119 2569 1202 2611 hoc
1235 2567 1428 2623 speciale
1461 2567 1731 2610 mandatum
1765 2566 1956 2618 habeat;
1997 2581 2030 2610 c.
2063 2574 2117 2610 ut

237 2646 504 2689 mandatum
538 2659 628 2688 non
662 2645 722 2688 sit
756 2653 1044 2688 revocatum:
1095 2643 1264 2686 etenim
1314 2643 1351 2686 si
1401 2643 1671 2685 mandatum
1721 2646 1982 2685 revocatum
2033 2646 2117 2697 est,

237 2720 579 2764 matrimonium
614 2734 667 2763 ex
703 2720 886 2763 defectu
919 2732 1160 2762 consensus
1193 2718 1371 2761 nullum
1406 2722 1490 2772 est,
1524 2717 1611 2761 etsi
1631 2721 1752 2760 ‘tum
1798 2716 2116 2760 mandatarius

237 2801 335 2838 tum
369 2796 514 2838 altera
547 2808 665 2849 pars,
699 2807 891 2849 quacum
925 2793 1174 2844 contrahit,
1205 2792 1540 2836 revocationem
1573 2792 1811 2847 ignorent;
1847 2791 1888 2834 d.
1912 2796 1964 2834 ut
1997 2805 2118 2834 man·

238 2871 396 2913 datum
431 2870 623 2924 parocho
657 2876 700 2912 et
748 2867 944 2912 testibus
992 2873 1152 2910 notum
1202 2867 1278 2922 sit,
1327 2867 1442 2910 alias
1491 2866 1835 2910 matrimonium
1882 2873 1953 2910 est
1995 2866 2117 2909 clan-

237 2944 467 2988 destinum
517 2944 707 2998 ideoque
762 2942 994 2997 illicitum,
1048 2941 1157 2997 quin
1202 2946 1246 2985 et
1283 2941 1565 2996 invalidum,
1626 2941 1703 2984 ubi
1736 2941 2116 2997 impedimentum

236 3017 626 3062 clandestinitatis
659 3018 801 3073 viget.

390 3138 483 3193 10.
552 3138 636 3191 De
697 3138 1087 3192 matrimonio
1153 3138 1263 3191 sub
1322 3135 1676 3190 condicione
1731 3135 1912 3190 inito.
1998 3136 2116 3187 Nec

240 3235 434 3279 natura
493 3236 805 3278 contractus
862 3246 964 3278 nec
1019 3228 1157 3279 ratio
1215 3227 1545 3278 sacramenti
1603 3244 1699 3295 per
1755 3244 1812 3277 se
1866 3224 2115 3294 impedit,

392 3362 423 3416 ¹)
457 3361 501 3404 C.
537 3360 808 3403 Procurator
839 3361 920 3403 fin.
964 3361 1025 3413 (9)
1067 3359 1122 3402 de
1155 3363 1393 3415 procurat.
1427 3359 1479 3413 (Ι.
1526 3359 1600 3410 195)
1640 3358 1688 3402 in
1730 3358 1809 3413 6⁰„
1852 3358 1930 3402 ubi
1972 3370 2118 3402 recen·

240 3442 399 3480 sentur
432 3436 571 3480 etiam
605 3435 904 3490 condiciones,
939 3435 1018 3478 sub
1053 3435 1215 3490 quibus
1249 3435 1296 3479 id
1330 3435 1430 3478 fieri
1463 3435 1622 3490 possit.
1949 3426 1952 3430 “

393 3509 423 3563 ²)
454 3510 704 3553 Instructio
737 3524 780 3552 n.
815 3510 884 3552 250.
