2269 3898
233 126 291 167 68
980 119 1047 162 De
1078 117 1385 161 matrimonio.

968 269 1000 324 ,ἕ
1034 271 1088 313 2.
1127 269 1390 322 Tempus.

384 379 477 431 68.
533 375 893 430 Declaratio.
955 375 999 427 1.
1042 373 1143 423 Est
1174 372 1602 423 determinatum
1637 369 1863 439 aliquod
1907 379 2128 440 tempus,

235 486 341 537 quo
385 466 453 517 ab
498 464 730 516 eeclesia
772 462 1166 514 sollemnitates
1208 461 1530 529 nuptiarum
1565 459 1947 529 prohibentur.
2006 460 2127 511 Hoc

237 567 433 625 fempus
460 555 727 624 feriatum
768 572 863 603 seu
905 551 1140 603 clansam
1184 551 1402 603 dieitur.

387 644 584 698 Tempus
618 643 835 686 feriatum
873 656 990 685 nnnc
1023 649 1114 685 est:
1151 655 1192 683 a.
1227 654 1266 683 a.
1303 639 1532 682 dominica
1564 639 1714 694 prima
1737 639 1965 682 adventus
1986 652 2131 693 usque

233 721 289 763 ad
325 719 619 774 epiphaniam
653 717 900 768 inclusive;
948 717 985 759 b.
1019 730 1046 759 a
1080 715 1152 759 die
1203 715 1402 758 cinerum
1452 727 1596 769 usque
1645 714 1703 757 ad
1753 713 2030 757 dominicam
2078 713 2127 756 in

231 794 346 837 albis
379 792 652 846 inclusive¹).
717 793 802 836 Est
836 792 983 847 igitur
1016 791 1132 834 illud
1167 795 1350 844 tempus
1383 789 1492 832 anni
1516 789 1828 844 ecclesiastici,
1861 789 1980 844 quod
2013 801 2127 832 reco-

232 869 379 912 lendis
413 867 669 923 praecipuis
702 867 941 922 religionis
975 865 1255 909 christianae
1289 864 1521 918 mysteriis
1555 869 1600 907 et
1644 864 1833 919 proinde
1876 878 1931 907 ex
1974 867 2131 907 mente

234 944 447 987 ecclesiae
471 943 682 997 operibus
706 941 1019 997 poenitentiae
1043 946 1087 983 et
1124 939 1409 983 orationibus
1437 939 1730 994 potissimum
1756 939 2017 982 dedicatum
2042 942 2127 981 est.

380 1020 428 1072 2.
493 1019 606 1069 Leoe
664 1017 960 1069 tridentina
1025 1026 1273 1084 tempore
1330 1015 1525 1066 feriato
1585 1013 1761 1065 solum
1813 1015 2130 1084 nuptiarum

231 1108 613 1161 sollemnitates
654 1106 928 1176 prohibet,
984 1106 1403 1157 matrimonium
1460 1113 1646 1156 autem
1701 1105 1882 1173 ipsum
1926 1104 2128 1173 quovis

233 1210 476 1267 tempore
520 1196 787 1248 celebrari
832 1204 1024 1266 potest.

380 1287 476 1330 Hoc
506 1286 691 1330 nomine
724 1291 879 1330 autem
913 1285 1237 1340 prohibentur:
1289 1298 1329 1327 a.
1366 1284 1601 1327 sollemnis
1644 1282 1891 1326 benedictio
1936 1295 2129 1338 sponsae

229 1363 257 1405 i.
292 1376 328 1406 e.
363 1362 504 1405 missa
536 1362 696 1405 votiva
730 1375 809 1416 pro
854 1360 1032 1416 sponsis
1085 1374 1185 1403 cuin
1238 1359 1569 1412 benedictione,
1614 1372 1729 1414 quae
1770 1358 1818 1401 in
1860 1358 1945 1401 hac
1987 1357 2130 1401 missa

228 1438 446 1488 habetur;
483 1438 518 1480 b.
543 1438 781 1494 profanae
805 1436 1103 1493 festia-itam&
1140 1449 1253 1490 quae
1288 1434 1519 1478 occasione
1551 1434 1820 1489 nuptiarum
1854 1433 1932 1485 agi
1978 1433 2128 1476 solent

227 1518 281 1556 ut
315 1513 546 1556 traductio
582 1526 787 1568 sponsae,
822 1525 935 1567 quae
968 1513 1055 1556 fiat
1090 1526 1190 1555 cum
1226 1510 1421 1566 publicis
1465 1509 1676 1553 laetitiae
1725 1508 1885 1565 signiS‚
1926 1508 2130 1552 lautiora

228 1589 439 1633 convivia
471 1586 762 1644 nuptialia2).
1636 1637 1644 1641 ,

379 1664 428 1717 3.
487 1664 639 1732 Lege
699 1665 868 1731 igitur
921 1662 1225 1714 universali
1269 1670 1517 1730 tempore
1560 1660 1746 1713 clauso
1790 1679 1901 1712 non
1943 1659 2123 1730 prohi-

230 1755 430 1806 bentur
470 1753 936 1823 proclamationes
979 1771 1082 1824 nec
1118 1754 1271 1822 ipsae
1311 1754 1558 1821 nuptiae,
1600 1770 1742 1822 quae
1778 1750 1989 1821 absque
2024 1750 2124 1802 sol·

228 1844 512 1896 lemnitate
556 1843 719 1903 fiant;
779 1843 886 1913 lege
930 1852 1102 1894 tamen
1133 1842 1472 1912 particulari
1527 1843 1584 1893 in
1636 1841 1824 1893 multis
1866 1841 2001 1893 locis
2042 1841 2129 1911 (ut

232 1936 289 1985 in
316 1934 547 1986 Austria
578 1942 630 1984 et
659 1935 715 1984 in
747 1918 1074 2000 Germania)
1115 1933 1299 2002 ipsum
1329 1932 1747 1982 matrimonium
1774 1929 2125 2000 prohibetur.

230 2024 522 2075 Existente
576 2032 761 2075 autem
813 2025 957 2074 iusta
1009 2041 1177 2073 causa
1219 2021 1535 2072 ordinarius
1576 2040 1607 2072 a
1649 2020 1769 2090 lege
1811 2020 1916 2072 hac
1959 2023 2122 2091 parti·

231 2113 404 2165 culari
460 2113 781 2184 dispensare
836 2122 888 2164 et
942 2113 1261 2183 permittere
1322 2121 1525 2181 potest7
1586 2119 1644 2162 ut
1703 2113 2122 2163 matrimonium

227 2206 346 2256 sine
390 2202 854 2255 sollemnitatibus
897 2202 1125 2255 contrah
1136 2212 1273 2254 atur.

927 2383 959 2439 ῥ’
991 2385 1042 2427 3.
1092 2385 1418 2439 Sponsalia.

377 2489 471 2543 69.
535 2489 902 2544 Declaratio.
994 2487 1291 2559 Sponsalia
1352 2497 1467 2540 tum
1526 2487 1816 2540 sollemnia
1857 2497 1973 2540 tum
2018 2490 2121 2558 pri·
2189 2536 2200 2547 ,

229 2589 370 2647 vata,
399 2581 507 2631 nisi
536 2579 783 2648 legitime
813 2579 991 2631 soluta
1020 2580 1244 2644 fuerint,
1277 2580 1621 2630 constituunt
1652 2578 2120 2648 impedimentum

229 2671 567 2721 matrimonii
621 2669 963 2739 impediens:
1020 2668 1287 2737 obligatio
1342 2670 1492 2720 enim
1548 2669 1791 2720 iustitiae
1844 2687 1970 2720 cum
2014 2670 2124 2721 hac

227 2777 459 2828 persona
501 2759 866 2811 contrahendi
909 2759 1098 2823 efficit,
1142 2768 1202 2811 ut
1246 2761 1662 2811 matrimonium
1704 2778 1829 2812 cum
1868 2759 1977 2811 alia
2003 2778 2119 2830 per-

226 2868 360 2902 sona
402 2851 469 2901 sit
512 2851 784 2905 illicitum.

378 2960 424 2993 a.
470 2940 546 2994 Ut
582 2941 862 3010 sponsalia
891 2941 1358 3012 impedimentum
1390 2942 1730 2993 matrimonii
1760 2941 2120 3009 constituant,

227 3031 555 3099 requiritur:
601 3048 652 3082 α.
699 3040 758 3083 ut
793 3031 978 3083 valide
1015 3040 1299 3084 contracta
1341 3033 1483 3098 sint3
1531 3033 1578 3103 β.
1626 3040 1685 3082 ut
1726 3030 1796 3082 ab
1839 3050 1903 3082 ea
1943 3039 2121 3100 parte,

228 3138 371 3189 quae
438 3119 590 3172 aliud
659 3123 1078 3174 matrimonium
1148 3122 1411 3188 intendit,
1482 3124 1624 3173 iuste
1693 3121 1941 3189 rescindi?
2006 3139 2118 3172 non

229 3211 452 3277 possint.

383 3358 413 3413 ¹)
452 3359 695 3403 Concilium
729 3360 837 3402 trid.
872 3374 977 3404 sess.
1013 3361 1083 3404 24.
1119 3375 1153 3404 0.
1191 3363 1261 3404 10.
1325 3351 1394 3405 130
1425 3363 1607 3406 reform.
1653 3367 1789 3405 matr.
1854 3362 1976 3404 Ante
2019 3374 2121 3403 con·

226 3433 381 3476 cilium
416 3434 720 3478 tridentinum
754 3439 935 3491 tempus
966 3437 1169 3480 clausum
1205 3438 1352 3481 multo
1384 3437 1527 3481 latius
1560 3436 1933 3493 protendebatur.

383 3506 411 3559 ²)
445 3509 630 3552 Hifnctle
662 3522 773 3552 rom.
809 3511 885 3555 tit..
921 3513 958 3554 7.
994 3525 1028 3553 c..
1066 3514 1105 3553 1.
1139 3526 1183 3555 n.
1218 3514 1288 3555 18.
