2269 3898
613 170 679 212 De
711 169 1051 224 impedimentis
1083 170 1375 213 matrimonii.
1870 173 1925 215 97

65 301 420 367 clandestina,
476 319 571 370 pro
626 301 886 353 invalidis
942 301 1172 353 habere:
1216 303 1435 354 diversa
1479 305 1624 354 enim
1665 305 1927 357 adiuncta

69 390 334 457 distingui
379 389 597 455 debent,
640 398 700 441 ut
743 390 810 441 de
851 389 1066 441 illorum
1108 391 1396 442 validitate
1438 394 1601 443 statui
1643 396 1832 462 possit.

218 496 262 545 1.
305 492 509 544 Valida
551 501 676 544 sunt
716 495 772 543 in
813 493 964 560 loeis,
1019 495 1074 544 in
1125 492 1325 562 quibus
1368 494 1452 545 Zeoe
1494 496 1784 548 tridentina
1823 517 1927 549 non

66 583 209 651 viqet,
253 583 382 650 quia
422 582 498 632 ibi
542 600 824 650 nunquam
868 581 1215 650 promulgata
1256 593 1351 635 est.

211 699 250 726 α.
283 685 378 727 Lex
411 684 666 727 tridentina
698 685 989 739 promulgata
1031 698 1120 727 non
1168 689 1259 728 est:
1313 700 1353 727 α.
1403 685 1450 728 111
1498 686 1621 740 locis,
1670 688 1717 730 in
1766 689 1926 742 quibus

62 758 275 801 haeretici
297 759 388 801 iam
418 766 524 801 ante
556 759 671 812 legis
706 759 1116 813 promulgationem
1152 758 1418 801 distinctum
1454 765 1629 802 coetum
1663 761 1924 816 religiosum

60 833 391 875 formaverant:
435 831 536 875 ideo
580 832 699 874 enim
745 832 981 875 concilium
1023 832 1294 887 peculiarem
1329 833 1510 875 modum
1545 835 1926 889 promulgationis

62 906 206 960 quoad
239 906 353 949 hanc
385 907 532 960 legem
566 906 873 961 praescripsit,
906 920 962 949 ne
994 906 1209 949 haeretici
1241 919 1292 949 ea
1316 906 1648 961 obligarentur:
1687 910 1724 957 β.
1748 909 1795 951 111
1818 911 1927 953 10013

62 979 252 1022 exemtis
283 980 388 1032 (non
421 981 552 1034 plene
584 980 848 1034 catholicis),
898 980 992 1023 sive
1040 980 1253 1023 haeretici
1301 980 1349 1022 in
1396 980 1452 1023 iis
1497 987 1648 1024 coetus
1692 983 1926 1038 religiosos

64 1053 289 1097 habebant
323 1054 417 1096 sive
449 1067 538 1097 non
571 1053 810 1096 habebant.

210 1128 245 1169 b.
280 1127 370 1170 Lex
403 1128 656 1170 tridentina
688 1128 979 1182 promulgata
1022 1135 1091 1170 est-
1133 1128 1180 1169 in
1224 1127 1332 1170 locis
1378 1128 1650 1181 (catholicis)
1693 1130 1783 1184 legi
1831 1131 1926 1173 sub—

60 1201 204 1255 iectis,
238 1201 332 1244 sive
365 1201 580 1244 haeretici
614 1207 715 1256 post
748 1201 864 1255 legis
897 1202 1308 1256 promulgationem
1350 1202 1460 1245 illuc
1492 1203 1786 1252 advenerunt,
1832 1206 1926 1248 sive

59 1275 149 1317 iam
183 1280 318 1318 antea
351 1276 556 1330 aderant,
589 1276 665 1319 sed
689 1282 863 1318 coetum
888 1275 1151 1330 religiosum
1174 1277 1374 1319 nondum
1398 1279 1720 1321 forinaverant.
1758 1279 1924 1333 Quodsi

61 1353 163 1403 post-
196 1350 608 1404 promulgationem
641 1349 688 1392 in
721 1350 950 1404 regionem
984 1350 1267 1404 advenerint,
1310 1351 1426 1393 nihil
1467 1354 1619 1397 refert.
1664 1360 1819 1396 utrum
1862 1355 1925 1398 ibi

63 1423 342 1466 domicilium
376 1423 587 1478 habeant,
621 1438 678 1466 an
711 1437 799 1466 non
833 1423 1044 1477 habeant,
1078 1432 1232 1467 utrum
1267 1430 1443 1468 coetum
1477 1426 1739 1480 religiosum
1766 1430 1926 1471 forma·

60 1497 224 1550 verint,
258 1511 315 1540 an
347 1498 546 1540 nondum
580 1498 904 1541 formaverint:
941 1498 1108 1541 etenim
1142 1512 1242 1541 cum
1276 1500 1348 1542 lex
1383 1500 1443 1542 sit
1475 1500 1646 1554 localis,
1680 1515 1831 1544 omnes
1864 1503 1926 1545 in·

59 1571 176 1613 colas
209 1571 293 1613 loci
327 1571 489 1614 afficit.

208 1659 241 1689 e.
276 1645 535 1700 Complures
569 1659 663 1688 esse
697 1652 886 1700 possunt
919 1646 1137 1700 regiones,
1181 1646 1229 1689 in
1273 1646 1433 1701 quibus
1479 1652 1598 1690 certo
1634 1649 1925 1693 determinari

58 1718 230 1773 nequit,
272 1723 426 1762 utrum
472 1720 545 1762 lex
578 1719 833 1762 tridentina
874 1719 1031 1774 vigeat
1071 1734 1223 1775 necne,
1273 1720 1378 1775 quia
1426 1730 1545 1765 certo
1593 1736 1683 1766 non
1732 1729 1926 1778 constat,

58 1798 211 1835 utrum
245 1792 307 1835 ibi
340 1795 633 1849 promulgata
664 1794 818 1837 fuerit.

208 1882 256 1934 2.
299 1880 503 1932 Valida
545 1891 670 1933 sunt
711 1884 768 1933 in
809 1882 959 1947 locis,
1003 1901 1098 1951 pro
1141 1882 1340 1952 quibus
1371 1884 1497 1935 data
1525 1893 1605 1936 est
1633 1886 1923 1940 declaratio

61 1969 405 2035 benedictina,
450 1980 501 2021 et
541 1971 612 2022 ad
654 1989 794 2040 quae
836 1990 899 2022 ea
925 1972 1274 2040 postmodum
1307 1982 1535 2024 extensa
1564 1983 1643 2025 est
1672 1978 1748 2042 (11.
1776 1977 1921 2040 590).

209 2076 256 2127 3
300 2073 503 2126 Valida
544 2083 670 2126 sunt
710 2077 766 2126 in
808 2074 957 2137 lociS,
1009 2093 1106 2144 pro
1158 2075 1358 2145 quibus
1402 2094 1660 2129 concessa
1703 2088 1782 2130 est
1822 2080 1924 2130 clis-

47 2166 297 2234 pensczt‘io
339 2183 370 2215 a
410 2163 527 2232 lege
570 2164 888 2217 tridentina.

209 2267 248 2295 α.
283 2254 347 2295 Eo
381 2253 541 2308 differt
585 2253 829 2296 declaratio
878 2267 903 2296 a
945 2253 1296 2307 dispensatione,
1347 2255 1463 2307 quod
1499 2256 1742 2299 declaratio
1777 2257 1925 2300 edicat

59 2327 203 2382 legem
237 2341 325 2370 non
360 2328 552 2370 existere
584 2336 630 2370 et
664 2328 781 2381 quod
811 2327 998 2381 proinde
1021 2328 1078 2369 ad
1105 2328 1255 2370 omnia
1288 2328 1581 2372 matrimonia
1614 2335 1846 2373 contracta
1879 2339 1924 2373 et

59 2401 365 2444 contrahenda
405 2403 651 2451 reseratum
697 2409 878 2444 econtra
923 2402 1201 2456 dispensatio
1246 2403 1393 2457 legem
1427 2403 1656 2458 hucusque
1688 2405 1922 2459 vigentem

58 2476 207 2518 aufert
240 2481 285 2517 et
318 2475 505 2529 proinde
537 2476 594 2518 ad
626 2477 785 2518 futura
817 2481 1000 2519 tantum
1034 2477 1327 2520 matrimonia
1361 2479 1568 2520 retertur.

209 2549 244 2590 b.
278 2549 568 2603 Dispensatio
595 2564 621 2593 a
642 2551 788 2593 forma
811 2551 1065 2593 tridentina
1088 2551 1282 2593 dirersis
1304 2551 1448 2593 modis
1471 2552 1746 2606 conceditur,
1779 2554 1846 2596 ita
1871 2561 1924 2596 ut

209 2637 248 2666 α.
283 2623 377 2666 3013
409 2624 700 2666 matrimonia
739 2625 883 2666 mixta
926 2625 1080 2667 valida
1121 2625 1229 2668 sint.
1293 2624 1364 2668 Sic
1396 2625 1504 2668 Pius
1538 2625 1647 2668 VIII.
1682 2640 1760 2682 per
1794 2627 1924 2671 breve

57 2696 263 2739 Litteras
304 2698 448 2739 altero
483 2699 572 2749 (ἓῖ).
606 2707 738 2741 mart.
776 2699 909 2752 1830>
960 2699 1252 2742 matrimonia
1296 2700 1443 2742 mixta
1487 2700 1765 2744 clandestine
1806 2702 1924 2745 inita

59 2772 102 2812 in
135 2770 412 2813 dioecesibus
444 2772 701 2825 coloniensi,
725 2774 984 2825 trecis-ensi,
1015 2774 1367 2816 inoncz.5·ferz'e713i'
1395 2784 1441 2816 et
1461 2775 1846 2829 paderbornensi,
1876 2777 1923 2819 in

59 2844 219 2899 quibus
252 2845 554 2888 tridentinum
589 2847 931 2902 promulgatum
960 2854 1071 2901 erat,
1105 2861 1183 2902 per
1209 2847 1590 2902 dispensationem
1617 2850 1924 2894 declaraverat

58 2918 234 2969 validm
291 2919 402 2962 item
445 2933 523 2974 per
557 2919 939 2974 dispensationem
972 2922 1127 2964 valida
1160 2930 1267 2964 sunt
1301 2922 1593 2966 matrimonia
1626 2924 1773 2967 mixta
1806 2925 1922 2968 clan-

61 2993 235 3036 destine
267 2993 386 3035 inita
418 2994 466 3035 in
500 2994 689 3037 dioecesi
724 2995 961 3039 basiliensi
992 2997 1048 3049 (1.
1082 2997 1161 3038 iul.
1200 2996 1355 3046 1890ss

210 3068 247 3115 ,3.
281 3067 574 3111 matrimonia
606 3069 932 3112 haereticorum
967 3070 1088 3113 inter
1120 3084 1165 3113 se
1198 3077 1243 3113 et
1277 3071 1569 3114 matrimonia
1601 3072 1747 3115 mixta
1768 3073 1922 3117 valida

59 3142 164 3184 sint.
215 3141 286 3184 Sic
316 3142 364 3183 in
386 3142 632 3197 Hnnsscn‘ia
665 3156 744 3197 per
777 3144 1158 3198 dispensationem
1192 3158 1246 3196 [a.
1282 3145 1394 3186 1841
1428 3145 1509 3187 sub
1535 3146 1755 3201 Gregsorio
1779 3147 1923 3200 XVI.)

57 3214 212 3258 valida
244 3223 350 3258 sunt
383 3220 482 3258 tum
516 3217 808 3260 matrimonia
839 3219 1166 3262 haereticorum
1199 3224 1298 3261 tuin
1332 3220 1623 3264 matrimonia
1656 3221 1821 3272 mixta,-

280 3290 375 3332 sola
408 3290 699 3334 matrimonia
730 3292 1063 3335 haeretieorum
1096 3293 1217 3335 inter
1250 3306 1308 3347 se,
1353 3307 1442 3336 non
1485 3293 1594 3337 item
1630 3295 1922 3338 matrimonia

59 3362 205 3405 mixta
232 3363 386 3405 valida
418 3363 525 3405 sint.
569 3363 641 3406 Sic
662 3364 710 3406 in
731 3364 882 3408 insula
904 3366 1136 3408 Melitensi
1164 3367 1258 3428 sola
1280 3367 1571 3410 matrimonia
1594 3368 1920 3411 haereticorum

58 3435 212 3478 valida
244 3442 351 3478 sunt
380 3437 467 3489 (12.
502 3437 591 3479 ian.
629 3438 756 3492 1890,
801 3439 915 3492 quod
964 3439 1191 3482 decretum
1236 3440 1350 3483 1892
1392 3445 1627 3484 extensum
1670 3447 1738 3484 est
1781 3442 1919 3485 etiam

58 3510 116 3551 ad
148 3510 439 3554 matrimonia
470 3511 796 3555 haereticorum
828 3512 919 3555 iam
953 3515 1213 3568 contracta).

148 3599 343 3640 Noldin,
368 3601 426 3630 De
449 3601 704 3634 matrimonio.
1696 3604 1705 3631 ⁴
