2269 3898
644 132 710 174 De
742 131 1083 185 impedimentis
1118 132 1413 175 matrimonii.
1888 133 1968 174 121

92 264 272 307 nullum
306 267 389 318 est,
424 264 500 306 sed
534 277 613 307 nec
646 264 740 306 vim
774 264 1054 318 sponsalium
1089 265 1240 319 habet,
1273 265 1652 319 impedimentum
1687 266 1968 321 produceret,

88 338 208 393 quod
241 337 382 380 latius
416 343 559 392 patet,
594 351 726 392 quani
776 338 1155 393 impedimentum
1206 353 1259 382 ex
1307 339 1426 382 veris
1475 339 1760 394 sponsalibus
1805 344 1969 382 ortum.

91 411 210 454 Huic
243 411 498 454 sententiae
531 425 586 454 ex
620 412 924 456 declaratione
958 426 1061 455 mox
1094 414 1279 456 citanda
1322 414 1491 455 Leonis
1525 413 1660 459 XIII.
1703 426 1842 468 grave
1885 427 1971 456 mo-

91 490 294 528 mentum
329 485 525 528 accedit:
562 486 730 529 etenim
766 486 803 529 si
838 500 891 529 ex
926 487 1217 529 matrimonio
1252 487 1393 542 civili,
1419 488 1536 541 quod
1561 487 1742 530 exhibet
1767 489 1970 542 frequen-

88 559 251 602 tiorem
306 559 498 614 speciem
553 560 835 603 matrimonii
890 561 1178 614 clandestini,
1231 575 1320 604 non
1377 561 1523 604 oritur
1574 561 1973 616 impedimentum,

86 647 232 689 neque
265 647 319 677 ex
351 634 455 677 aliis
490 634 771 677 matrimonii
806 635 1079 678 clandestini
1115 635 1346 690 speciebus
1381 636 1487 678 oriri
1521 636 1721 679 videtur.

242 744 281 776 c.
335 724 419 774 Ex
483 726 835 776 matrimonio
898 725 1044 776 civili
1106 743 1214 776 non
1277 727 1448 776 oritur
1508 725 1969 794 impedimentum

93 812 349 882 publicae
391 812 694 864 honestatis
737 816 792 864 in
836 816 903 865 iis
944 815 1281 882 regionibus,
1328 815 1382 865 in
1428 814 1628 884 quibus
1684 817 1835 883 viget
1878 815 1969 866 de-

88 910 299 954 cretum
361 902 724 953 tridentinum
793 905 1091 969 (Tametsi).
1162 922 1524 973 quaecunque
1604 905 1673 954 sit
1740 906 1969 955 intentio

88 990 533 1042 contrahentium
550 992 599 1061 ¹).

680 1188 713 1242 ,ῥ’
745 1190 830 1231 12.
875 1189 1074 1232 Votum
1106 1190 1381 1233 sollemne.

239 1320 366 1376 120.
424 1320 657 1374 Natura
711 1321 1154 1390 impedimenti.
1235 1321 1701 1390 impedimentum
1755 1322 1863 1372 voti
1916 1324 1971 1373 in

88 1429 153 1462 eo
199 1412 464 1477 consistit,
510 1412 657 1481 quod
699 1410 946 1462 validum
990 1412 1403 1462 matrimonium
1436 1412 1573 1461 inire
1604 1430 1713 1462 non
1743 1413 1969 1481 possint,

87 1502 183 1570 qui
227 1508 417 1551 votum
461 1500 723 1551 sollemne
766 1502 1035 1552 castitatis
1079 1500 1353 1569 perfectae
1397 1502 1452 1551 in
1495 1501 1686 1552 ordine
1715 1501 1967 1568 religioso

92 1599 284 1660 sponte
328 1590 672 1655 emiserint2).

241 1709 281 1736 a.
331 1695 478 1737 Votum
514 1695 729 1737 sollemne
744 1708 758 1735 .·
802 1698 959 1737 votum
996 1695 1115 1737 enim
1151 1694 1345 1749 simplex
1377 1693 1611 1737 castitatis
1656 1696 1886 1749 perfectae
1928 1695 1976 1737 in

85 1769 309 1824 religione
342 1769 555 1812 emissum
593 1768 937 1812 matrimonium
983 1769 1193 1824 impedit,
1227 1783 1316 1811 non
1371 1768 1562 1811 dirimit.
1629 1768 1666 1810 l).
1711 1768 1764 1810 In
1812 1768 1972 1811 ordine

87 1844 329 1899 J’eliffl'oso:
374 1851 531 1886 votum
576 1843 694 1886 enim
747 1843 941 1898 simplex
988 1843 1221 1887 castitatis
1267 1844 1494 1898 perfectae
1542 1848 1586 1885 et
1632 1848 1877 1898 perpetuae
1926 1844 1973 1886 in

91 1919 247 1973 aliqua
270 1919 624 1974 congregatione
647 1918 861 1961 emissum
887 1918 1061 1973 pariter
1084 1918 1428 1961 matrimonium
1449 1932 1538 1960 non
1559 1917 1750 1960 dirimit.
1777 1932 1809 1961 e.
1831 1918 1972 1961 Casti-

87 1993 204 2036 tatis
227 1996 499 2049 stetfecz‘ae:
532 1998 689 2036 votum
725 1993 846 2036 enim
882 1993 1098 2036 sollemne
1132 1992 1364 2036 castitatis
1399 2006 1486 2035 non
1523 1994 1750 2047 perfectae
1776 1993 1852 2036 sed
1876 2006 1972 2035 con·

88 2068 261 2123 iugalis
294 2072 494 2122 tantum,
528 2068 646 2122 quod
680 2068 728 2111 in
760 2068 996 2111 nonnullis
1032 2067 1268 2111 ordinibus
1301 2067 1586 2121 equestribus
1610 2067 1857 2121 emittitur,
1892 2067 1971 2110 im-

88 2143 399 2198 pedimentum
452 2156 541 2186 non
591 2143 848 2186 constituit.
930 2143 971 2185 d.
1024 2142 1223 2198 Sponte:
1274 2156 1379 2185 nam
1436 2148 1490 2184 ut
1543 2147 1700 2184 votum
1756 2142 1972 2186 sollemne

88 2217 435 2261 matrimonium
486 2217 689 2273 dirimat,
738 2218 956 2273 professio
999 2217 1215 2272 religiosa
1257 2216 1387 2260 debet
1431 2230 1526 2260 esse
1568 2217 1745 2267 valida;
1791 2224 1841 2260 at-
1884 2230 1973 2260 non

87 2298 159 2337 est
191 2294 360 2348 valida,
395 2293 432 2336 si
466 2307 555 2337 non
590 2302 658 2337 est
692 2293 874 2337 omnino
908 2294 1064 2348 libera,
1099 2294 1175 2336 sed
1209 2293 1370 2336 fraude
1398 2293 1463 2335 vel
1500 2296 1627 2335 metu
1660 2292 1792 2347 gravi
1828 2296 1873 2335 et
1905 2291 1970 2334 in-

86 2368 210 2411 iusto
244 2373 438 2412 extorta.

240 2458 275 2500 Ι).
311 2457 479 2501 Votum
529 2458 677 2513 igitur
719 2459 935 2501 sollemne
979 2457 1211 2500 castitatis
1243 2457 1290 2499 in
1324 2456 1544 2510 religione
1578 2455 1792 2498 emissum
1827 2455 1974 2509 quoad

89 2533 435 2576 matrimonium
487 2533 711 2588 duplicem
762 2535 975 2576 effectum
1027 2532 1179 2586 habet,
1232 2531 1437 2574 solvendi
1487 2530 1831 2573 matrimonium
1880 2529 1971 2572 iam

88 2610 390 2660 contractum,
425 2607 462 2650 si
496 2608 697 2651 nondum
732 2611 1097 2651 consummatum
1131 2613 1216 2660 est,
1258 2610 1302 2649 et
1339 2604 1582 2648 dirimendi
1625 2603 1969 2647 matrimonium

88 2683 314 2724 futurum.

246 2790 291 2839 1.
334 2786 803 2855 Impedimentum
846 2789 959 2839 voti
1005 2795 1086 2838 est
1137 2788 1273 2838 iuris
1328 2783 1667 2837 ecclesiastici
1726 2791 1971 2834 tantum:

91 2877 294 2928 etenim
356 2877 401 2927 si
450 2878 631 2945 ipsum
686 2885 877 2928 votum
931 2885 1128 2928 natura
1183 2895 1280 2927 sua
1335 2875 1485 2926 hunc
1540 2875 1795 2925 effectum
1854 2890 1972 2942 pro-

95 2967 335 3022 duceret,
380 2966 546 3016 etiam
588 2973 778 3017 votum
823 2966 1080 3036 simplex,
1139 2967 1344 3035 quippe
1401 2963 1548 3033 quod
1603 2965 1820 3014 interna
1876 2981 1973 3013 sua

94 3064 291 3108 natura
332 3075 363 3106 a
418 3055 670 3107 sollemni
723 3075 832 3107 non
892 3056 1126 3122 differat,
1187 3055 1602 3106 matrimonium
1659 3052 1970 3116 dirimeret3

92 3163 220 3213 ergo
263 3144 399 3196 illud
441 3144 668 3211 dirimit,
713 3154 984 3214 quatenus
1027 3144 1288 3196 sollemne
1332 3152 1439 3208 est3
1503 3143 1656 3211 atqui
1699 3141 1970 3192 sollemni-

248 3352 281 3405 1)
316 3353 358 3396 S.
393 3353 439 3395 O.
473 3352 518 3395 G.
555 3353 624 3395 13.
648 3356 780 3395 mart.
808 3353 936 3405 1879,
972 3353 1090 3407 quod
1123 3352 1219 3394 Leo
1246 3351 1380 3394 XIII.
1419 3352 1487 3393 17.
1514 3356 1648 3393 mart.
1685 3348 1972 3403 approbavit.

248 3425 262 3447 ²
316 3427 362 3470 C.
397 3426 525 3480 Quod
558 3431 716 3470 votum
750 3440 825 3469 un.
860 3427 932 3469 De
967 3429 1061 3469 coto
1086 3429 1130 3469 et
1151 3425 1356 3469 soffred.
1388 3425 1488 3479 (III.
1518 3424 1589 3480 15)
1615 3423 1677 3466 6⁰.
1727 3423 1969 3466 Concilium

90 3502 200 3545 trid.
235 3515 341 3546 sess.
376 3501 445 3544 94.
481 3515 575 3545 can.
612 3501 652 3544 9.
686 3502 753 3544 De
786 3515 896 3544 sacr.
932 3500 1133 3543 matrim.
