2269 3898
226 124 314 167 270
932 120 984 163 V.
1020 120 1085 162 De
1118 119 1384 162 virtutibus.

379 257 416 305 β.
451 255 522 300 Ut
554 254 618 308 id,
653 253 777 310 quod
811 252 1041 297 redditur
1075 251 1240 308 alteri,
1275 252 1340 297 sit
1374 252 1422 297 ei
1454 265 1512 294 ex
1532 252 1727 308 proprio
1760 252 1862 295 iure
1890 252 2101 296 debitum.

227 328 304 374 Ex
349 327 548 385 proprio
593 327 700 372 iure
734 327 929 369 debitum
974 326 1099 372 illud
1133 325 1317 371 dicitur
1351 326 1585 384 debitum,
1621 326 1747 383 quod
1777 325 2018 372 fundatur
2050 326 2100 371 in

227 402 480 460 personali
523 401 731 446 alterius
777 401 1021 458 dignitate
1071 405 1216 459 atque
1265 401 1317 445 in
1365 400 1469 445 eius
1517 400 1926 459 independentia,
1976 414 2100 458 quae

228 477 341 521 inde
375 476 590 521 resultat
622 474 744 531 (240,
778 474 844 530 b).

346 579 385 616 γ.
421 564 492 610 Ut
536 564 757 610 debitum
802 564 954 610 alteri
997 564 1058 607 ad
1101 564 1425 619 aequalitatem
1459 563 1698 606 reddatur.
1761 562 2003 609 Debitum
2040 564 2103 609 ad

229 638 585 697 aequalitatem
631 639 813 696 reddit,
858 639 939 696 qui
983 637 1107 683 illud
1150 637 1430 695 adaequate
1477 651 1563 683 seu
1606 637 1678 682 ita
1722 637 1884 694 solvit,
1917 642 1973 683 ut
2004 638 2103 683 iam

228 713 351 758 nihil
388 713 598 771 amplius
634 713 829 759 debeat.

377 816 411 845 c.
451 802 674 845 Obieclum
718 801 959 844 materiale
1004 799 1228 846 iustitiae
1275 805 1352 846 est
1393 814 1531 846 omne
1574 800 1639 857 id,
1685 799 1810 858 quod
1853 800 2005 846 alteri
2046 814 2105 846 ex

230 877 429 935 proprio
463 877 569 922 iure
601 877 831 931 debetur3
867 876 1081 919 obiectum
1106 875 1313 932 formale
1332 879 1409 920 est
1431 874 1679 920 naturalis
1702 875 1952 932 honestas,
1978 888 2101 932 quae

234 951 285 996 in
331 965 386 996 eo
433 951 669 1004 cernitur,
711 950 837 1008 quod
878 949 1142 1006 unicuique
1179 948 1457 1006 adaequate
1491 949 1748 1002 reddatur,
1784 949 1910 1007 quod
1945 949 1990 995 ei
2024 949 2107 995 de-

228 1026 400 1071 betur:
435 1025 482 1070 id
520 1025 647 1071 enim
680 1024 874 1070 iustitia
907 1029 1111 1082 propter
1140 1023 1452 1069 honest-atem
1477 1023 1761 1069 naturalem
1784 1023 1879 1068 sibi
1901 1022 2104 1068 insitam

229 1099 458 1155 intendit,
481 1106 537 1145 ut
562 1099 842 1157 aequalitas
863 1102 1118 1144 statuatur
1140 1097 1274 1143 inter
1296 1097 1371 1142 ius
1394 1097 1537 1142 unius
1562 1102 1613 1142 et
1637 1097 1856 1142 debitum
1881 1096 2106 1143 alterius.

377 1248 508 1302 243.
551 1248 697 1301 Tres
741 1249 884 1301 sunt
925 1247 1199 1301 iustitiae
1243 1247 1510 1314 species:
1553 1248 1792 1298 iustitiae
1832 1255 2105 1298 commuta-

231 1340 355 1405 tiva‚
418 1337 756 1389 distributiva
817 1346 865 1388 et
925 1335 1128 1405 Zeyali37
1203 1337 1257 1387 in
1331 1337 1611 1388 communi
1689 1338 1836 1388 enim
1896 1338 2109 1387 ratione

229 1429 470 1479 iustitiae
512 1445 701 1478 omnes
742 1428 978 1478 univoce
1022 1427 1380 1490 conveniunt,
1424 1444 1549 1477 cum
1590 1427 1695 1477 tria
1724 1425 1996 1477 elementa
2038 1425 2108 1477 ad

231 1519 522 1569 essentiam
565 1517 806 1568 iustitiae
855 1516 1121 1585 requisita
1162 1517 1218 1567 in
1262 1515 1522 1568 omnibus
1578 1516 1953 1585 reperiantur3
2005 1516 2108 1565 sin-

232 1605 393 1674 gulae
436 1613 621 1657 tamen
663 1605 825 1658 modo
869 1606 1124 1674 specifice
1165 1605 1383 1656 diverso
1425 1605 1519 1657 illa
1559 1606 1911 1675 participant.

384 1725 424 1754 a.
461 1711 570 1754 Tres
602 1710 812 1754 iustitiae
847 1710 1016 1765 species
1047 1709 1096 1753 in
1129 1723 1178 1753 eo
1213 1710 1504 1765 conveniunt,
1540 1710 1657 1765 quod
1692 1722 1846 1751 earum
1882 1707 2108 1751 obiectum

231 1787 293 1829 sit
326 1786 609 1842 z'nsaeproprie
655 1785 828 1828 dic-tum
872 1785 1061 1839 ideoque
1093 1786 1370 1841 perfectum,
1415 1785 1534 1840 quod
1577 1783 1751 1827 scilicet
1793 1783 2018 1826 fundatur
2061 1783 2110 1825 in

233 1861 465 1915 dignitate
497 1865 635 1914 atque
665 1859 1023 1914 independentia
1055 1871 1271 1914 personae
1304 1859 1400 1902 sive
1433 1858 1647 1914 physicae
1680 1858 1775 1902 sive
1820 1857 2019 1912 moralis,
2064 1861 2110 1901 et

231 1936 348 1990 quod
382 1935 465 1978 hoc
496 1935 567 1978 ius
600 1935 794 1978 reddant
827 1934 884 1977 ad
918 1933 1273 1988 aequalitatem;
1319 1934 1367 1976 in
1416 1946 1465 1977 eo
1514 1937 1669 1976 autem
1704 1932 1941 1987 differunt,
1990 1932 2108 1986 quod

230 2010 350 2053 ratio
382 2009 495 2053 iuris
529 2014 575 2052 et
608 2009 765 2064 debiti,
800 2009 918 2063 quod
950 2008 1215 2063 respiciunt,
1251 2008 1313 2051 sit
1346 2008 1654 2052 essentialiter
1688 2007 1881 2062 diversa,
1924 2011 1971 2050 et
2011 2007 2111 2062 pari

234 2085 366 2127 modo
402 2084 670 2139 aequalitas,
704 2097 837 2137 quam
872 2086 1089 2126 statuunt
1120 2083 1243 2126 inter
1276 2082 1481 2126 debitum
1515 2087 1562 2125 et
1595 2086 1846 2137 acceptum,
1880 2081 1941 2124 sit
1975 2081 2112 2136 speci-

231 2160 315 2202 fice
349 2158 539 2202 diversa.

386 2248 423 2292 b.
459 2247 568 2290 Tria
598 2247 700 2291 iura
726 2247 906 2303 proprie
931 2247 1068 2301 (licta,
1103 2247 1179 2290 sed
1215 2246 1422 2301 specifice
1456 2246 1636 2290 diversa
1668 2250 1795 2289 sunt:
1833 2260 1873 2289 α.
1906 2246 1978 2289 ius
2000 2259 2111 2302 per-

231 2336 371 2365 sonae
392 2323 607 2378 stricatae
640 2336 750 2378 elya
772 2335 1024 2378 personam
1049 2321 1282 2377 privatam
1317 2334 1395 2364 seu
1428 2320 1574 2376 partis
1627 2333 1737 2376 erga
1776 2325 1953 2376 partem
1999 2320 2111 2364 eius-

234 2398 333 2440 dem
366 2397 723 2450 communitatis,
757 2398 875 2451 quod
907 2396 1095 2451 respicit
1127 2396 1313 2440 iustitia
1336 2396 1684 2451 commutativaj
1722 2399 1762 2446 β.
1795 2396 1867 2439 ias
1877 2408 2112 2452 personae

227 2473 445 2529 privatae
477 2485 556 2515 seu
588 2472 734 2527 partis
766 2471 999 2515 societatis
1049 2485 1160 2527 elya
1204 2471 1479 2524 societatem,
1527 2470 1646 2525 quod
1693 2470 1881 2526 respicit
1926 2469 2113 2514 iustitia

235 2547 523 2590 distributiva
535 2560 554 2602 7·
587 2561 627 2598 γ.
691 2547 764 2590 ins
795 2546 1027 2589 societatis
1066 2560 1154 2601 qua
1197 2545 1307 2589 talis
1356 2559 1467 2602 elya
1505 2558 1739 2601 personas
1772 2545 1988 2601 privatas
2034 2559 2113 2589 seu

235 2627 389 2676 partes
424 2620 671 2675 societatis,
704 2621 823 2675 quod
854 2620 1043 2675 respicit
1073 2620 1258 2664 iustitia
1292 2620 1467 2676 legralis.
1533 2621 1603 2662 Ex
1640 2619 1813 2675 triplici
1846 2619 1944 2663 iure
1967 2620 2114 2664 oritur

238 2695 409 2749 triplex
443 2694 645 2738 debitum
678 2694 768 2737 iuri
800 2699 1168 2750 consentaneum,
1193 2695 1311 2749 quod
1331 2696 1515 2738 solvunt
1538 2699 1632 2738 tres
1658 2695 1857 2738 virtutes
1878 2695 2110 2739 iustitiae:

239 2769 441 2813 debitum
467 2769 638 2824 privati
662 2783 739 2813 seu
761 2769 908 2824 partis
933 2770 1197 2831 praestandi
1219 2770 1282 2824 id,
1316 2770 1434 2824 quod
1456 2770 1555 2813 iure
1588 2783 1666 2813 suo
1700 2769 1848 2825 exigit
1880 2769 2111 2825 privatus;

239 2844 443 2887 debitum
478 2844 822 2887 communitatis
855 2858 942 2898 qua
974 2844 1083 2887 talis
1115 2844 1379 2899 praestandi
1412 2844 1481 2899 id,
1515 2844 1634 2899 quod
1682 2843 1780 2887 iure
1827 2857 1906 2888 suo
1953 2844 2114 2899 [exigit

237 2918 447 2973 privatus
480 2918 678 2961 eiusdem
713 2918 1055 2962 communitatis
1087 2919 1337 2962 membrum
1380 2932 1458 2962 seu
1506 2932 1635 2973 pars;
1684 2918 1890 2962 debitum
1938 2918 2112 2974 privati

238 3006 316 3036 seu
349 2992 494 3047 partis
527 2992 791 3047 praestandi
824 2993 886 3048 id,
920 2994 1037 3047 quod
1069 2993 1167 3037 iure
1200 3007 1279 3036 suo
1312 2993 1460 3048 exigit
1493 2993 1796 3036 communitas
1828 3007 1855 3036 a
1888 2993 1982 3037 suis
2017 3007 2113 3049 par-

236 3065 360 3109 tibus
393 3071 440 3110 et
472 3066 701 3112 membris.

372 3156 376 3164 ¹
389 3165 431 3206 ς

328 3181 512 3273 244.
573 3218 823 3271 Iustitia
882 3218 1307 3296 commutativa
1376 3217 1469 3269 illa
1522 3226 1620 3283 est,
1693 3236 1801 3287 qua
1855 3218 2106 3287 privatus

573 3278 786 3295 nemost-‘w
806 3282 810 3284 ·
957 3294 1039 3304 .-q
1038 3283 1277 3304 ,ᾣςωμ-ιειο-

224 3289 432 3358 hibuit
473 3308 707 3377 privato,
750 3285 906 3376 quod
939 3309 987 3358 ei
1030 3326 1099 3358 ex
1141 3309 1258 3358 iure
1303 3288 1548 3359 debetui

387 3412 786 3455 a.00mm11tati·ia
822 3411 1018 3465 dicitiu
1053 3411 1134 3469 qui
1169 3411 1302 3457 circa
1339 3411 1743 3457 commutationes
1778 3410 2038 3468 (emtiones
2063 3415 2114 3456 et

235 3466 564 3540 venditiones)
601 3485 820 3544 aliosque
855 3490 1140 3532 contractus
1172 3486 1479 3544 potissimum
1511 3490 1757 3533 versat-ur.
