2269 3898
258 157 343 199 316
984 155 1060 197 VI.
1095 156 1162 198 De
1196 155 1406 210 peccatis.

259 292 576 356 contemnit,
622 290 878 358 quamvis
923 289 980 339 in
1021 307 1079 339 re
1119 287 1228 339 levi
1273 296 1507 356 tantum,
1550 291 1668 342 Deo
1725 293 1954 361 eiusque
1996 292 2140 343 ordi·

257 380 468 430 nationi
509 396 739 447 gravem
783 378 1046 428 iniuriam
1089 377 1272 430 infert.

404 475 585 529 Duplex
619 474 976 529 distinguendus
1009 479 1077 518 est
1112 478 1357 518 contemtus
1405 476 1521 531 legis
1571 477 1643 519 vel
1690 475 1994 530 legislatoris:
2038 479 2142 533 for-

257 550 407 601 malis„
442 562 526 603 quo
560 550 633 592 lex
668 549 741 591 vel
773 548 1015 603 legislator
1049 563 1137 603 qua
1170 550 1279 592 talis
1313 550 1636 604 contemnitur,
1670 553 1716 593 et
1748 551 2023 603 materialis,
2056 565 2143 606 quo

258 622 452 666 materia
484 623 600 677 legis
635 637 670 666 e.
706 637 750 678 g.
784 628 837 666 ut
870 624 985 667 levis
1018 624 1254 678 momenti,
1287 628 1341 667 ut
1372 625 1533 679 inepta
1565 626 1624 667 ad
1656 626 1811 680 finem,
1851 629 1905 668 ut
1952 625 2141 678 iniusta,

254 699 326 740 vel
358 698 598 752 legislator
630 703 684 741 ut
717 698 849 741 homo
884 711 918 741 e.
954 711 998 753 g.
1033 704 1087 740 ut
1119 699 1385 752 imprudens
1418 700 1491 742 vel
1540 699 1774 754 improbus
1817 699 2139 742 contemnitur.

255 773 376 827 Ergo
410 786 465 815 ex
498 772 682 815 formali
716 776 951 816 contemtu
984 777 1155 827 peccat,
1189 765 1267 827 qui
1302 773 1643 829 transgreditur
1684 773 1849 828 legem,
1898 774 2006 828 quia
2051 787 2143 817 non

253 848 356 890 vult
389 860 484 890 esse
518 846 748 890 subiectus
780 847 873 902 legi
906 848 977 890 vel
1011 847 1284 902 legislatori,
1333 861 1411 891 seu
1455 847 1556 891 ideo
1600 848 1814 902 praecise,
1864 847 1971 902 quia
2019 862 2142 903 prae-

253 926 434 977 ceptum
460 927 551 965 est.
615 922 797 965 Violare
828 923 975 977 legem
1010 935 1064 965 ex
1098 925 1316 965 contemtu
1349 923 1587 965 materiali
1625 922 1855 977 praecepti
1896 924 1970 966 vel
2019 936 2142 978 prae-

254 996 467 1051 cipientis
520 997 724 1039 lmmam'.
781 996 1010 1040 ordinarie
1061 997 1161 1039 leve
1208 1001 1443 1051 peccatum
1500 1003 1584 1051 est,
1641 997 1718 1039 sed
1767 996 1939 1040 violare
1991 998 2140 1052 legem

257 1085 310 1114 ex
358 1075 593 1114 contemtu
647 1071 877 1113 materiali
932 1071 1049 1126 legis
1103 1070 1286 1114 divinae
1338 1072 1411 1114 vel
1464 1071 1745 1125 legislatoris
1794 1071 1949 1123 divini,
2001 1085 2144 1127 grave

257 1150 493 1200 peccatum
528 1150 610 1189 est.

399 1228 451 1280 5.
495 1229 730 1279 Ratione
762 1227 999 1298 periculi
1030 1230 1274 1298 proximi
1325 1228 1553 1279 labendi
1611 1230 1668 1280 in
1728 1247 1900 1298 grave
1953 1247 2143 1298 pecca-

253 1326 388 1384 tum,
433 1319 522 1368 cui
564 1336 620 1368 se
662 1319 909 1387 exponit,
971 1320 1065 1387 qui
1122 1317 1247 1370 leve
1291 1326 1582 1387 peccatum
1628 1320 1952 1370 committit:
2012 1337 2140 1370 nam

252 1408 446 1459 eadem
490 1407 847 1475 obligatione,
893 1426 1002 1477 qua
1043 1415 1298 1458 tenemur
1326 1415 1619 1476 peccatum
1650 1409 1843 1467 vitare„
1887 1417 2143 1459 tenemur

253 1499 420 1548 etiam
463 1498 639 1547 vitare
681 1496 827 1547 illius
871 1498 1192 1566 proximum
1248 1497 1590 1566 periculum3
1646 1500 1724 1548 sic
1781 1500 1874 1567 qui
1927 1499 2143 1568 quaerit

253 1588 732 1638 conversationem
777 1604 902 1637 cum
946 1588 1127 1650 sociis,
1187 1589 1243 1638 in
1287 1605 1396 1656 qua
1451 1595 1511 1638 ut
1551 1587 1854 1656 plurimum
1895 1589 2143 1656 graviter

251 1685 462 1746 peccat,
489 1676 817 1744 exponendo
847 1696 902 1727 se
932 1676 1178 1745 periculo
1211 1678 1398 1744 gravis
1418 1678 1633 1746 peccati
1653 1679 1901 1746 graviter
1928 1686 2138 1746 peccat.

402 1773 451 1824 6.
496 1774 730 1824 Ratione
772 1772 989 1842 affectus
1044 1775 1403 1844 appretiativc
1455 1775 1679 1824 matrimi
1732 1774 1803 1825 ad
1844 1782 2138 1843 peccatum

251 1863 388 1928 leve,
434 1864 478 1913 si
521 1864 788 1913 nimirum
832 1862 1033 1932 aliquis
1076 1863 1215 1914 adeo
1246 1864 1478 1914 affectus
1521 1871 1602 1914 est
1629 1882 1758 1931 erga
1800 1882 1915 1914 rem
1957 1863 2138 1915 levem

253 1971 297 2006 e.
340 1970 388 2020 g.
436 1970 568 2019 erga
622 1951 835 2018 ludum,
894 1962 954 2002 ut
1010 1961 1235 2021 paratus
1291 1954 1361 2003 sit
1418 1954 1600 2022 potius
1655 1953 1839 2004 Deum
1896 1954 2141 2021 graviter

257 2041 552 2107 offendere,
599 2060 765 2111 quam
809 2060 840 2092 a
882 2041 1013 2093 ludo
1057 2041 1352 2094 abstinere.
1434 2043 1558 2094 Non
1590 2042 1946 2094 vehementia
1973 2045 2142 2112 passi·

253 2133 389 2198 onis,
447 2150 554 2201 qua
594 2130 725 2182 ludo
781 2130 1062 2199 adhaeret,
1123 2150 1295 2200 grave
1348 2140 1643 2200 peccatum
1698 2141 1793 2198 est,
1850 2132 1945 2183 sed
1989 2132 2136 2184 mala

256 2222 558 2290 dispositio,
620 2240 728 2290 qua
791 2229 1098 2272 creaturam
1163 2222 1282 2273 Deo
1326 2221 1602 2291 praeferre
1663 2231 1890 2292 paratus
1941 2232 2038 2289 est,
2097 2225 2141 2273 si

254 2311 479 2381 quidem
523 2310 617 2362 illa
661 2312 715 2362 in
760 2319 946 2362 actum
989 2313 1290 2363 transierit.

404 2410 453 2461 7.
496 2411 728 2460 Ratione
770 2411 1026 2461 materiae
1069 2409 1412 2462 coalescentis
1453 2427 1577 2460 cum
1636 2410 1867 2460 materia
1909 2408 2142 2460 aliorum

253 2498 575 2566 venialium,
624 2517 732 2568 qua
777 2500 842 2550 de
886 2518 943 2550 re
987 2507 1069 2550 est
1110 2518 1346 2569 sequens
1389 2501 1658 2569 quaestiO.

402 2648 555 2691 Nota.
622 2647 672 2690 In
705 2648 837 2703 praxi
871 2648 1168 2692 confessionis
1200 2648 1335 2690 valde
1367 2648 1701 2691 attendendum
1736 2651 1806 2691 est
1854 2647 1912 2690 ad
1955 2647 2038 2690 illa
2078 2648 2137 2690 ad

250 2723 421 2778 iuncta,
456 2737 569 2778 quae
602 2728 838 2778 peccatum
871 2723 920 2766 in
954 2736 1000 2766 se
1049 2736 1191 2778 grave
1238 2722 1450 2766 efficiunt
1497 2724 1610 2766 leve.
1675 2721 1915 2765 Ordinarie
1961 2721 2145 2776 quidem

252 2803 437 2851 peccata
469 2798 517 2840 in
558 2811 603 2841 se
634 2799 797 2853 gravia
840 2798 980 2841 etiam
1027 2797 1278 2841 subiective
1321 2797 1484 2853 gravia
1517 2802 1639 2852 sunt,
1673 2798 1942 2852 quandoque
1974 2800 2146 2847 autem,

254 2885 367 2926 quae
397 2872 445 2914 in
479 2886 525 2915 se
561 2878 607 2915 et
641 2872 863 2916 obiective
897 2872 1060 2928 gravia
1094 2876 1218 2927 sunt,
1252 2872 1503 2915 subiective
1537 2874 1659 2916 fiunt
1691 2872 1826 2927 levia,
1868 2872 1940 2915 vel
1975 2871 2139 2915 saltem

251 2959 341 2989 non
375 2947 566 2989 eundem
601 2948 797 3002 gradum
835 2947 1043 2990 malitiae
1076 2946 1247 2990 habent
1280 2947 1329 2989 in
1362 2947 1580 3002 subiecto,
1614 2960 1746 3001 quem
1779 2946 1829 2989 in
1874 2959 1920 2989 se
1960 2945 2145 2999 habent,

255 3021 360 3075 quia
393 3021 749 3065 committuntur
782 3036 836 3065 ex
869 3022 1150 3078 ignorantia,
1187 3036 1241 3066 ex
1288 3022 1580 3077 infirmitate,
1629 3036 1684 3065 ex
1733 3026 1872 3076 metu,
1925 3034 1979 3064 ex
2025 3033 2146 3064 vere-

251 3095 417 3138 cundia
449 3100 549 3151 etc.,
584 3110 696 3151 quae
731 3097 887 3140 omnia
920 3097 1148 3140 malitiam
1184 3098 1401 3140 moralem
1437 3097 1737 3140 imminuunt.

396 3245 525 3299 290.
568 3244 716 3298 Num
758 3246 1070 3314 complura
1109 3246 1369 3300 venialia
1409 3246 1785 3300 constituant
1828 3246 2143 3314 peceatum

253 3335 531 3387 mortale.

397 3426 442 3478 1.
489 3427 731 3475 Peccata
778 3425 1026 3476 venialia
1061 3443 1165 3494 per
1209 3425 1379 3476 solam
1432 3425 1934 3494 multiplicationem
1976 3442 2146 3493 quan-

249 3514 453 3563 tumvis
497 3531 757 3581 magnam
805 3532 1093 3583 nunquam
1155 3516 1498 3566 constituunt
1548 3521 1840 3584 peccatum
1897 3512 2144 3580 mortale,
