2269 3898
190 140 247 182 80
728 133 781 175 II.
814 133 882 175 De
915 130 1092 174 actibus
1125 129 1184 172 ad
1216 130 1354 172 finem
1389 127 1524 182 aptis.

155 272 421 337 11111111111111,
455 272 716 322 sequeretur
749 265 900 309 omnia
943 277 1077 319 opera
1119 262 1378 306 infidelium
1407 274 1478 325 *ex
1521 260 1703 318 defectu
1722 316 1726 317 ⁷
1748 257 1928 326 debitae
1958 259 2068 325 rela-
2101 318 2108 322 -

162 340 330 391 {tionis
364 357 457 388 esse
490 346 687 397 peccata,
721 340 839 394 quod
869 339 1039 382 falsum
1072 337 1194 391 est¹).
1993 327 2014 329 ’“
2103 325 2109 328 ’

341 419 425 461 Sed
457 429 600 470 neque
621 416 916 470 praeceptum
937 412 1243 468 particulare,
1277 410 1395 464 quod
1429 409 1546 452 solos
1578 408 1737 451 fideles
1770 406 1959 463 obliget,
1986 407 2070 450 illa

191 493 325 537 verba
359 491 616 535 continent:
660 502 767 531 nam
800 491 1118 542 praeterquam
1160 484 1278 539 quod
1310 484 1471 538 iugum
1516 481 1806 526 intolerabile
1845 481 2068 525 eiusmodi

191 572 430 623 praecepto
462 565 774 618 imponeretui
813 561 1042 615 fidelibus,
1085 561 1194 603 haec
1240 557 1448 601 doctrina
1493 561 1564 600 est
1606 561 1765 614 contra
1807 569 1988 600 sensum
2022 559 2070 599 et

191 641 381 708 praxim
388 638 628 703 fidelium:
663 649 816 679 omnes
857 635 975 678 enim
1010 633 1148 676 etiam
1182 632 1248 688 pii
1281 636 1328 675 et
1348 631 1557 675 timorati
1589 632 1748 675 fideles
1780 619 2010 674 iudicant
2022 643 2069 673 se

192 729 301 771 opus
335 698 501 758 bonum
533 715 695 766 facere,
731 710 768 754 si
802 723 856 753 ex
890 707 1199 752 misericordia
1233 707 1343 750 dent
1376 706 1563 762 pauperi
1599 707 1947 760 eleemosynam,
1980 705 2068 749 etsi

196 792 248 834 de
281 789 497 833 ulteriore
531 789 621 830 fine
658 799 748 829 non
781 782 1035 840 cogitent‘2.)

341 863 542 906 Tandem
587 861 624 904 si
667 861 776 903 haec
817 859 954 902 verba
996 862 1288 912 praeceptum
1337 856 1638 912 continerent,
1687 870 1778 900 non
1811 861 2072 899 teneremur

193 940 335 982 solum
371 937 522 980 omnia
556 949 690 990 opera
722 940 952 988 utcunque
984 932 1032 974 in
1055 933 1201 975 Deum
1230 933 1412 986 referre,
1444 932 1522 975 sed
1555 932 1613 975 ad
1645 931 1695 974 id
1725 935 1985 974 teneremur
2016 943 2071 972 ex

194 1013 365 1056 motivo
400 1011 630 1063 caritatis;
663 1024 768 1053 nam
804 1008 897 1051 suis
930 1007 1107 1050 actibus
1139 1007 1333 1062 gloriam
1357 1006 1442 1050 Dei
1477 1019 1703 1061 quaerere,
1736 1006 1796 1049 ad
1829 1005 2070 1049 caritatem

193 1088 414 1143 pertinet;
459 1085 589 1141 atqui
621 1085 789 1127 falsum
824 1089 907 1137 est,
952 1096 1006 1125 ex
1039 1081 1212 1124 motivo
1245 1081 1456 1124 caritatis
1490 1081 1643 1125 omnia
1675 1094 1810 1136 opera
1841 1080 1890 1123 in
1923 1080 2070 1123 Deum

193 1176 286 1205 esse
325 1161 581 1205 referenda:
633 1162 894 1213 sequeretur
933 1157 1053 1200 enim
1097 1170 1274 1200 omnem
1319 1156 1561 1211 actionem,
1611 1168 1725 1210 quae
1770 1169 1859 1198 non
1899 1156 1986 1198 fiat
2018 1167 2073 1197 ex

194 1236 366 1279 motivo
401 1235 611 1278 caritatis
644 1238 879 1288 peccatum
914 1245 1022 1286 esse,
1055 1231 1103 1274 id
1137 1231 1256 1286 quod
1288 1244 1420 1274 nemo
1454 1232 1685 1289 affirmat-2

66 1372 87 1449 1,
343 1385 438 1439 68.
483 1384 758 1436 Sententia
799 1382 1042 1435 secunda.
1090 1383 1135 1434 1.
1181 1381 1294 1432 Alii
1338 1380 1538 1432 docent
1578 1399 1769 1432 omnes
1807 1381 2070 1446 actiones,

194 1483 254 1527 ut
295 1477 403 1526 sint
443 1473 721 1526 moraliter
767 1473 956 1538 bonae,
1011 1471 1327 1541 referendas
1380 1489 1487 1522 esse
1546 1471 1618 1523 acl
1650 1471 1807 1537 finem
1840 1472 2074 1540 positive

194 1567 475 1630 honestum,
519 1566 552 1616 i.
598 1583 640 1617 e.
684 1564 838 1628 ratic,
883 1581 1023 1632 quae
1065 1560 1410 1612 voluntatem
1451 1561 1522 1611 ad
1564 1560 1844 1628 agendum
1886 1568 2075 1611 movet

197 1663 248 1705 et
291 1655 635 1719 determinat,
693 1653 855 1705 debet
910 1661 1031 1703 esse'
1077 1650 1285 1702 bonum
1345 1652 1582 1719 positive
1640 1650 1933 1701 honestum
1977 1668 2073 1701 seu

196 1747 467 1796 motivum
508 1743 743 1795 alicuius
773 1743 1009 1807 virtutiS,
1054 1759 1155 1792 nec
1198 1741 1417 1807 sufficit,
1461 1749 1520 1791 ut
1563 1742 1631 1792 sit
1659 1749 1754 1792 aut
1781 1740 2071 1792 delectatio

199 1843 293 1885 aut
335 1832 685 1884 commodum
727 1840 972 1884 naturae.

346 1923 411 1966 Ut
455 1922 669 1976 actiones,
720 1921 882 1975 quibus
917 1921 1049 1963 homo
1083 1919 1281 1963 consulit
1315 1919 1508 1963 sanitati
1543 1932 1651 1962 suae
1683 1919 1755 1962 vel
1789 1932 1868 1974 per
1901 1918 2077 1962 victum

200 1999 346 2042 vitam
381 2003 630 2051 conservat,
665 1996 759 2039 sint
782 1995 1017 2039 moraliter
1039 1995 1194 2049 bonae,
1228 1995 1444 2037 voluntas
1468 2007 1542 2037 eas
1564 1993 1666 2037 ideo
1690 1997 1905 2048 appetere
1929 1992 2079 2047 debet,

202 2074 308 2129 quia
341 2087 377 2119 e.
412 2087 453 2128 g.
489 2074 611 2116 Deus
653 2072 722 2115 ita
764 2071 1004 2126 praecipit,
1052 2071 1124 2113 vel
1174 2069 1281 2125 quia
1327 2069 1474 2113 vitam
1520 2072 1800 2112 sustentant.
1867 2067 2079 2123 Largitio

187 2136 523 2202 eleemosynae,
557 2161 644 2202 qua
668 2146 768 2201 quis
790 2146 995 2190 intendit
1017 2145 1254 2188 sublevare
1275 2144 1584 2199 indigentiam
1611 2143 1840 2199 pauperis,
1873 2148 1944 2187 est
1967 2156 2081 2198 opus

202 2223 437 2267 moraliter
470 2222 650 2277 bonum,
685 2221 791 2276 quia
814 2222 870 2264 fit
893 2235 946 2264 ex
969 2220 1141 2263 motivo
1165 2219 1365 2275 positive
1387 2220 1591 2273 honesto,
1624 2233 1787 2275 nempe
1819 2233 1874 2263 ex
1906 2218 2080 2262 motivo

202 2298 392 2342 virtutis
425 2297 774 2341 misericordiae.

353 2373 502 2416 Huius
534 2372 789 2416 sententiae
821 2375 1002 2426 praeter
1033 2370 1387 2426 augustinianos
1420 2374 1528 2413 sunt
1575 2370 1828 2424 complures
1877 2367 2079 2412 cuiusvis

205 2449 381 2492 scholae
403 2448 621 2503 theologi,
653 2461 742 2490 non
765 2448 909 2490 solum
933 2445 1195 2500 thomistae,
1222 2446 1299 2488 sed
1322 2443 1590 2500 praesertim
1614 2444 1844 2499 scotistae,
1878 2443 1970 2498 qui,
2004 2442 2080 2485 ad-

206 2525 444 2568 mittentes
478 2530 606 2567 actus
638 2524 687 2566 in
718 2522 958 2566 individuo
989 2522 1322 2576 indifferentes,
1364 2522 1422 2564 ad
1456 2521 1552 2576 hoc,
1595 2524 1647 2563 ut
1681 2522 1811 2563 actus
1844 2518 2082 2562 moraliter

206 2599 309 2642 boni
343 2598 450 2653 sint,
483 2598 691 2653 exigunt,
724 2602 778 2641 ut
810 2597 1008 2653 positive
1040 2597 1100 2640 ad
1131 2597 1270 2640 finem
1304 2597 1547 2639 honestum
1581 2595 1865 2639 ordinentur.

356 2691 404 2742 2.
447 2689 652 2740 Eorum
696 2696 1054 2758 aryumentum
1083 2686 1186 2737 hoc
1216 2694 1324 2737 est:
1368 2685 1531 2737 homo
1562 2704 1778 2755 semper
1802 2694 1856 2736 et
1883 2685 1941 2736 in
1970 2701 2082 2735 om-

208 2778 371 2829 nibus
410 2787 627 2828 tenetur
667 2778 882 2847 operari
925 2784 983 2827 ut
1018 2775 1182 2827 homo
1218 2794 1312 2827 seu
1350 2784 1411 2826 ut
1454 2793 1551 2826 ens
1591 2774 1888 2826 rationale:
1933 2774 2088 2826 Deus.

209 2870 355 2918 enim
397 2869 712 2936 permittere
770 2885 878 2918 non
919 2874 1114 2942 potest,
1173 2873 1232 2917 ut
1287 2865 1451 2917 homo
1507 2864 1810 2917 deliberate
1867 2883 1962 2916 seu
2022 2870 2082 2914 ut

364 3061 395 3114 ι>
425 3061 492 3104 Cf.
526 3074 700 3116 propos.
735 3060 804 3103 25.
839 3060 1027 3104 baiana:
1086 3061 1244 3103 Omnia
1287 3073 1424 3116 opera
1468 3059 1718 3116 infidelium
1763 3062 1870 3102 sunt
1889 3059 2081 3114 peccata

212 3139 254 3178 et
272 3136 645 3192 philosophorum
678 3136 866 3179 virtutes
897 3138 1003 3179 sunt
1033 3135 1154 3180 vitia.

363 3209 396 3265 2)
428 3211 495 3254 Cf.
538 3223 715 3265 propos.
748 3210 787 3252 9.
823 3210 1084 3252 Alexandri
1116 3209 1262 3254 VIIL:
1297 3209 1477 3252 Revera
1506 3210 1677 3264 peccat,
1709 3208 1788 3263 qui
1816 3207 1917 3250 odio
1948 3206 2085 3250 habet

208 3288 436 3340 peccatum
468 3298 594 3327 mere
635 3285 686 3328 ob
719 3285 818 3327 eins
854 3284 1175 3339 tmpitndinem
1221 3286 1265 3326 et
1303 3283 1730 3327 disconvenientiam
1776 3296 1872 3326 cum
1911 3284 2081 3325 natura

213 3360 310 3402 sine
342 3360 430 3402 ullo
464 3360 525 3402 ad
555 3360 702 3402 Deum
736 3360 954 3415 offensum
995 3362 1214 3414 respectu.
1278 3359 1401 3413 Ergo
1442 3371 1532 3401 non
1565 3362 1722 3413 peccat
1751 3369 1897 3412 neque
1928 3359 2081 3399 actum

214 3434 383 3476 malum
417 3434 613 3488 peragit,
646 3433 722 3488 qui
755 3446 810 3476 ex
841 3433 1013 3476 motivo
1046 3432 1301 3475 honestatis
1331 3432 1558 3475 naturalis
1596 3432 1693 3475 sinc
1723 3430 1941 3475 ulteriore
1971 3430 2085 3473 rela-

214 3508 338 3551 tione
368 3508 426 3551 ad
457 3508 602 3550 Deum
636 3511 788 3551 actum
823 3507 989 3551 doloris
1023 3507 1076 3550 de
1108 3507 1306 3562 peccatis
1337 3507 1432 3550 suis
1464 3506 1602 3550 elicit.
1909 3563 1920 3570 ι
2145 3510 2148 3513 ’

1970 3589 1978 3599 2
2043 3573 2110 3620 ᾗ
2153 3581 2201 3622 &¹

1674 3641 1690 3648 ,Α
1707 3647 1713 3652 ,
1729 3618 1850 3656 ‘pst-fi:-
1889 3603 1995 3655 *prs*
2022 3611 2102 3636 rba
2140 3639 2153 3647 ἱ

587 3680 589 3682 Ι
678 3657 697 3683 ¹¹1
804 3668 861 3680 ->ae‘—
1316 3665 1319 3674 L
1371 3653 1401 3666 ’μ
1725 3652 1768 3671 JK>
1803 3659 1806 3663 .
1956 3677 1962 3684 ,
2001 3658 2010 3663 u

61 3728 136 3787 04
165 3727 172 3736 “
389 3655 427 3721 l
559 3719 564 3726 '
771 3694 773 3696 -
880 3694 910 3742 f
962 3693 967 3699 Ι
1021 3716 1027 3730 '
1098 3718 1108 3734 s
1143 3705 1164 3738 ι’
1261 3713 1298 3730 ν’»
1406 3697 1421 3732 l
1486 3693 1529 3732 :sr
1573 3693 1593 3732 s
1629 3705 1672 3724 *Ψ
1724 3696 1740 3717 ’·“
1848 3686 2028 3733 Ovs-1⁸<
2093 3692 2141 3719 .'¹⁴
2187 3678 2197 3689 '

428 3717 502 3777 ¹,th
691 3747 708 3769 s
724 3769 743 3773 ,,
815 3734 838 3755 '3
880 3736 989 3777 ''fri‘'
1016 3735 1019 3743 '
1131 3741 1181 3770 Α.)
1255 3729 1309 3769 Curf*
1332 3734 1407 3765 ofili*
1582 3728 1627 3753 ss*
1641 3727 1657 3753 (⁷
1691 3747 1702 3756 ,
1786 3715 1825 3751 ΓῨ

469 3778 499 3789 ka
896 3771 906 3789 v.

61 3814 130 3881 3
186 3766 476 3898 volt]
