2269 3898
653 109 719 150 De
752 107 1048 150 celebratione
1081 106 1373 150 matrimonii.
1868 106 1952 149 163

84 243 345 309 hibuerit‚
389 243 518 311 quia
558 241 860 292 assistendo
903 258 1012 291 11011
1055 248 1274 291 exercet
1314 247 1498 291 actum
1538 240 1948 305 iurisdictionis,

82 332 178 384 sed
224 331 395 384 solum
439 332 554 398 agit
594 338 786 381 testem
829 328 1221 397 qualificatum.

236 421 280 471 b.
326 419 522 470 Valide
579 419 781 470 assistit
837 419 1001 468 etiam
1054 418 1316 486 parochus·
1362 419 1655 486 putativus)
1715 420 1807 487 qui
1865 437 1954 487 pa-

86 510 285 561 rochus
343 527 453 560 non
507 515 601 573 est,
660 508 755 558 sed
797 525 975 558 errore
1031 508 1306 561 communi
1363 506 1486 557 talis
1544 525 1659 558 esse
1714 514 1953 576 putatur,

88 597 249 649 modo
292 596 494 648 habeat
523 595 743 647 titulum
787 595 1118 661 coloratum3
1163 594 1346 646 valide
1376 604 1559 646 autem
1601 614 1710 646 non
1752 597 1956 646 assistit

87 684 360 756 parochus
426 688 676 750 intrusa-5,
749 687 876 753 quia
943 703 1044 736 nec
1111 683 1383 752 parochus
1451 702 1551 734 nec
1617 703 1648 734 a
1712 683 1956 752 legitima

91 775 414 826 auctoritate
457 776 576 840 (etsi
620 773 887 842 invalide)
930 772 1205 842 parochus
1246 774 1561 824 nominatus
1604 780 1697 824 est.

241 878 281 905 α.
329 863 446 906 Num
495 862 647 906 valide
695 862 885 905 assistat
934 861 1154 916 parochus
1195 861 1452 915 putativus,
1497 861 1573 916 qui
1614 862 1783 904 nullum
1827 862 1961 904 habes

89 939 265 981 titulum
301 939 566 987 coloratum,
597 941 803 978 auctores
835 949 924 978 non
958 935 1248 989 conveniunt,
1297 935 1401 988 quia
1444 949 1533 978 non
1577 940 1770 990 constat,
1804 940 1957 978 utrum

89 1013 277 1056 ecclesia
318 1012 366 1055 in
408 1012 491 1054 hoc
533 1024 639 1053 casu
683 1009 895 1064 suppleat
928 1009 1303 1052 iurisdictionem.
1368 1010 1420 1051 111
1454 1010 1582 1063 praxi
1617 1010 1957 1053 matrimonium

90 1092 373 1130 contractum
419 1099 567 1128 coram
611 1085 806 1139 parocho
851 1084 1063 1138 putativo
1107 1097 1197 1126 non
1241 1083 1437 1126 habente
1478 1083 1667 1128 titulum
1711 1085 1959 1127 coloratum

86 1174 170 1216 pro
197 1162 295 1203 foro
319 1164 504 1203 externo
528 1159 682 1202 haberi
708 1158 838 1201 debet
866 1158 1085 1212 validum,
1120 1159 1196 1201 sed
1230 1159 1287 1201 ad
1322 1158 1545 1201 cautelam
1580 1158 1860 1212 procuranda
1893 1163 1960 1200 est

91 1235 186 1278 eius
221 1234 583 1288 convalidat101).

243 1310 281 1358 β.
315 1309 542 1351 Paroclius
576 1309 784 1350 intrusus·
818 1307 1000 1361 dicitur,
1034 1306 1109 1361 qui
1144 1306 1309 1361 absque
1351 1306 1593 1361 superioris
1635 1306 1835 1360 legitimi
1868 1320 1963 1349 con·

93 1397 227 1427 sensu
259 1383 315 1426 ab
348 1383 624 1426 auctoritate
657 1382 906 1437 illegitima
939 1395 975 1425 0.
1009 1395 1051 1437 g.
1087 1382 1211 1424 civili
1246 1381 1509 1424 nominatus
1542 1384 1585 1423 et
1609 1380 1856 1423 institutus
1880 1385 1962 1423 est.

92 1458 225 1501 Hunc
258 1471 346 1500 non
380 1471 508 1512 posse
541 1456 846 1500 matrimoniis
879 1456 1030 1499 valide
1071 1456 1283 1499 assistere
1324 1455 1540 1498 habemus
1573 1467 1627 1497 ex
1656 1454 1964 1497 declaratione

85 1546 126 1574 s.
176 1532 322 1575 sedis:
380 1531 633 1587 „Quoniam
677 1531 883 1574 intrusus
930 1530 1116 1573 minime
1159 1535 1226 1573 est
1270 1530 1491 1584 parochus
1539 1529 1776 1583 legitimus
1823 1542 1965 1582 neque

93 1606 237 1649 ullum
272 1606 406 1649 habet
450 1606 640 1649 titulum
687 1619 763 1648 seu
803 1618 957 1648 verum
1005 1618 1082 1648 seu
1125 1605 1389 1657 coloratum,
1436 1604 1777 1646 matrimonium
1820 1616 1964 1645 coram

94 1693 143 1723 eo
177 1684 459 1723 contractum
493 1679 665 1722 nullius
698 1686 817 1722 certe
850 1678 1020 1721 roboris
1054 1676 1177 1731 est-2).

245 1829 373 1882 154.
429 1829 513 1881 De
570 1828 977 1881 matrimoniis
1033 1841 1339 1893 vagorum.
1423 1833 1468 1878 1.
1524 1826 1655 1896 I'ayi
1711 1825 1970 1876 dicuntur

93 1920 188 1988 qui
245 1917 442 1969 nullibi
500 1936 601 1969 1100
644 1917 983 1969 domicilium
1027 1935 1128 1967 nec
1183 1913 1704 1984 quasi-domicilium
1747 1913 1966 1965 habent.

97 2009 530 2076 Distinguuntur
569 2005 914 2058 habitualiter
954 2007 1099 2074 vagi,
1143 2007 1236 2074 qui
1280 2005 1538 2056 continuo
1570 2011 1758 2054 carent
1800 2002 1966 2054 domi·

98 2097 222 2148 cilio
266 2107 361 2148 aut
404 2096 883 2166 quasi-domicilio7
928 2106 980 2146 et
1022 2094 1304 2146 actualiter
1333 2095 1477 2161 vagi,
1521 2094 1614 2162 qui
1658 2110 1718 2143 00
1748 2092 1970 2162 quidem

97 2195 360 2256 tempore,
419 2205 524 2256 quo
569 2187 980 2237 matrimonium
1038 2184 1386 2249 contrahunt,
1444 2182 1722 2234 domicilio
1767 2191 1970 2247 carent,

98 2275 263 2346 paulo
307 2284 469 2328 antea
511 2293 640 2326 vero
684 2274 818 2327 illud
859 2274 1140 2326 habebant
1182 2282 1234 2324 et
1274 2281 1462 2342 postea
1488 2274 1683 2323 iterum
1728 2271 1968 2323 habituri

100 2374 257 2418 sunt:

250 2455 298 2507 2.
342 2454 607 2505 Paroclzus
642 2454 900 2523 proprius
942 2470 1208 2521 vagorum
1252 2460 1331 2502 est
1371 2450 1660 2521 parochus,
1719 2451 1775 2502 in
1819 2452 1973 2501 cuius

96 2543 366 2614 *parochia
421 2550 546 2594 actu
606 2551 911 2609 versantur,
975 2560 1158 2593 coram
1216 2559 1322 2610 quo
1381 2539 1563 2591 valide
1626 2538 1972 2603 contrahunt,

94 2633 230 2685 ⁴licet
270 2632 529 2684 alteruter
576 2640 792 2684 tantum
836 2650 1011 2700 vagus
1053 2632 1136 2692 sit,
1198 2640 1249 2681 et
1288 2630 1417 2681 licet
1475 2628 1814 2681 domicilium
1858 2628 1974 2679 reli-

94 2724 339 2792 querint7
382 2730 442 2772 ut
483 2729 638 2773 extra
671 2721 806 2774 illud
851 2720 1173 2773 contrahere
1213 2721 1440 2790 possint.

254 2812 393 2854 quta
425 2811 717 2865 sententiam,
751 2824 883 2865 quam
911 2825 946 2852 s.
972 2810 1232 2865 Alsthonsns
1264 2813 1325 2861 (n.
1353 2809 1484 2854 1089}
1516 2812 1648 2851 vocat
1681 2820 1977 2861 communem,

98 2886 215 2941 *vagi
250 2899 397 2928 coram
432 2884 633 2939 quolibet
667 2884 874 2938 parocho,
910 2897 1040 2938 quem
1072 2883 1310 2938 elegerint,
1334 2883 1485 2925 valide
1509 2882 1798 2925 contrahunt.
1840 2881 1976 2923 quta

98 2962 222 3004 *hanc
271 2959 561 3003 sententiam.
605 2972 695 3001 non
737 2959 878 3001 solum
925 2958 1161 3012 parochus,
1204 2957 1252 2999 in
1296 2957 1423 2999 cuius
1469 2956 1697 2999 territorio
1741 2959 1847 2998 actu
1893 2968 1978 2997 mo-

107 3039 282 3089 rantur,
323 3034 399 3076 sed
432 3033 570 3076 etiam
605 3032 796 3087 quilibet
830 3032 947 3075 alius
979 3031 1278 3075 necessariam
1314 3030 1645 3085 delegationem
1679 3030 1737 3072 ad
1770 3029 1979 3072 assisten-

110 3112 216 3154 dum
251 3122 403 3152 eorum
438 3106 728 3150 matrimonio
763 3107 868 3150 dare
901 3110 1066 3161 potest.
1113 3105 1231 3148 Huic
1263 3109 1417 3147 tamen
1453 3104 1707 3148 sententiae
1729 3104 1980 3158 complures

111 3188 315 3228 auctores
349 3187 448 3225 tum
482 3185 657 3225 veteres
690 3186 789 3223 tum
823 3186 1024 3224 recentes
1059 3178 1427 3223 cont1·adieunt³;.

265 3318 296 3371 ¹)
328 3318 393 3360 Cf.
433 3316 662 3371 Gasparri
691 3329 734 3357 n.
768 3315 868 3357 913.

265 3392 298 3443 2)
330 3391 447 3433 Pius
492 3390 560 3432 VI.
599 3390 657 3432 ad
690 3389 919 3444 episcopos
953 3387 1131 3442 Galliae
1163 3387 1233 3429 ⁶26.
1268 3390 1380 3441 sept.
1418 3386 1545 3428 1791.

265 3465 298 3519 3)
330 3465 396 3508 Cf.
434 3463 664 3518 Gasparrz'
695 3463 754 3505 11.
788 3477 832 3506 n.
866 3462 966 3506 917.

1720 3531 1801 3572 11*
