2269 3898
292 138 350 180 34
1034 136 1101 178 De
1134 135 1438 179 matrimonio.

294 278 445 332 ipsum
479 273 798 331 privilegium;
844 270 984 313 immo
1006 283 1098 325 per
1140 283 1190 312 se
1230 269 1356 313 vitae
1403 269 1776 313 consuetudinem
1820 268 2078 313 instaurare
2116 273 2178 313 te-

295 356 476 404 nentur,
510 362 610 392 cum
645 345 990 390 matrimonium
1025 344 1148 387 inter
1178 343 1302 399 ipsos
1334 344 1483 387 adhuc
1516 344 1701 388 existat.

445 498 540 554 32.
608 495 849 554 Qu-atuor
900 494 1232 545 condic-iones
1280 493 1655 562 requiruntur,
1711 502 1772 544 ut
1825 511 1952 562 pars
2001 493 2179 546 fidelis

297 589 367 640 ad
410 587 546 640 alias
588 587 809 654 nuptias
849 585 1082 635 transire
1126 583 1325 652 possit:

453 695 499 744 1.
544 690 619 742 Ut
659 689 1074 740 matrimonium
1116 689 1172 738 isn
1209 687 1525 755 &fidelitate
1555 695 1877 739 contractum
1919 688 2008 753 Sit3
2056 705 2184 758 quo·

305 786 452 836 circa
493 783 537 832 si
581 781 787 832 coniux
828 798 859 829 a
901 777 1010 829 fide
1046 776 1268 828 deficiat
1309 795 1408 846 per
1449 778 1800 846 apostasiam,
1844 777 2015 829 altera
2056 796 2184 847 pars

303 871 481 925 fidelis
523 888 631 922 non
674 876 852 938 potest
893 885 1101 918 novum
1145 867 1563 917 matrimonium
1605 867 1761 920 inire.

455 960 538 1004 Uti
571 966 763 1015 possunt
804 955 1048 1012 privilegio
1092 954 1278 1010 paulino
1325 955 1412 998 duo
1457 954 1671 1010 coniuges
1718 955 1766 998 in
1811 955 2189 1011 protestantismo

309 1036 424 1091 nati,
458 1035 494 1078 si
530 1037 706 1077 constet
740 1046 812 1075 eos
847 1035 955 1075 ante
988 1030 1337 1073 matrimonium
1372 1030 1634 1086 baptizatos
1666 1044 1757 1074 non
1789 1031 1986 1086 fuisse1).

455 1127 503 1177 9..
562 1123 637 1175 Ut
690 1140 800 1173 una
855 1140 981 1190 pars
1030 1139 1134 1190 per
1188 1129 1482 1190 susceptum
1544 1120 1860 1190 baptismum
1914 1122 1987 1173 ad
2033 1121 2189 1186 fidem

304 1223 669 1268 convertatur:
723 1210 1081 1281 privilegium
1137 1211 1284 1261 enim
1340 1228 1664 1261 concessum
1714 1219 1794 1262 est
1843 1213 1900 1262 in
1941 1211 2188 1263 favorem

305 1323 510 1370 eorum,
556 1305 650 1373 qui
692 1302 763 1354 ad
805 1302 972 1353 fidem
1016 1308 1434 1366 convertuntur,
1478 1318 1547 1351 ne
1590 1299 1801 1352 scilicet
1842 1300 1912 1353 ab
1955 1299 2189 1370 amplec-

306 1395 473 1447 tenda
515 1392 623 1445 fide
665 1391 940 1444 absterrea
952 1398 1090 1442 ntur.

457 1484 559 1527 Ideo
594 1482 945 1526 catechumenus
977 1493 1067 1523 non
1101 1484 1253 1534 potest
1287 1479 1359 1522 uti
1393 1479 1474 1522 hoc
1499 1478 1765 1535 privilegio;
1802 1479 2014 1534 quoniam
2038 1482 2192 1523 autem

306 1559 536 1604 conversio
577 1559 635 1602 ad
668 1557 807 1600 fidem
841 1569 920 1611 per
953 1554 1286 1609 susceptionem
1322 1542 1541 1610 baptismi
1575 1556 1647 1608 fit,
1687 1555 1788 1598 ideo
1828 1555 1911 1598 hoc
1950 1553 2193 1610 privilegio

308 1635 401 1679 frui
434 1640 586 1689 potest
617 1632 754 1676 etiam
790 1630 1009 1686 infidelis,
1043 1630 1118 1684 qui
1143 1629 1200 1673 ad
1226 1634 1395 1672 sectam
1431 1629 1707 1673 haereticam
1732 1629 2029 1685 convertitur,
2062 1629 2194 1673 modo

311 1710 462 1755 valide
495 1705 812 1763 baptizetur2).

462 1800 511 1852 3.
556 1798 630 1850 Ut
671 1815 797 1866 pars
838 1793 1080 1846 infidelis
1124 1793 1394 1857 discedat,-
1439 1792 1723 1844 discedere
1759 1801 1945 1844 autem
1974 1793 2192 1859 dicitur,

315 1891 408 1943 ubi
464 1890 604 1940 haec
661 1886 768 1937 duo
826 1891 1193 1936 concurrunt:
1253 1903 1302 1934 a.
1359 1884 1402 1933 si
1457 1881 1698 1933 infidelis
1747 1881 1883 1934 nolit
1927 1885 2192 1950 converti,

314 1981 359 2032 b.
402 1997 504 2031 nec
546 1976 778 2047 pacifice
820 1993 947 2027 cum
989 1981 1144 2044 parte
1185 1972 1336 2025 fideli
1379 1971 1718 2025 cohabitare.

464 2097 504 2125 a.
540 2081 739 2138 Paeifice
772 2078 1033 2123 cohabitare
1059 2092 1150 2121 non
1173 2078 1291 2132 vult,
1325 2077 1362 2121 si
1386 2076 1647 2120 cohabitare
1672 2077 1853 2120 omnino
1876 2091 1967 2121 non
1989 2079 2091 2121 vult
2115 2083 2196 2122 aut

315 2160 461 2203 solum
497 2170 593 2201 eum
628 2155 894 2199 contumelia
933 2154 1160 2197 creatoris
1191 2152 1220 2195 i.
1245 2166 1281 2196 e.
1315 2152 1398 2207 ita,
1431 2157 1485 2195 ut
1518 2151 1614 2195 sive
1648 2151 1817 2195 directe
1850 2151 1945 2196 sive
1977 2152 2199 2197 indirecte

320 2239 496 2290 partem
521 2232 701 2275 fidelem
729 2230 786 2274 ad
820 2233 1007 2284 peccata
1039 2228 1201 2284 gravia
1233 2228 1436 2282 inducat,
1468 2227 1593 2270 ut‘si
1626 2227 1778 2270 fidelis
1811 2232 1996 2282 propter
2027 2228 2203 2272 cohabi-

320 2308 543 2352 tationem
579 2320 678 2349 cum
714 2309 844 2360 parte
876 2304 1054 2347 infideli
1078 2306 1333 2359 exponatur
1366 2302 1564 2358 periculo
1597 2302 1881 2345 amittendae
1913 2303 2022 2346 fidei
2054 2304 2123 2347 vel
2160 2303 2198 2346 si

316 2383 518 2427 infidelis
549 2381 633 2424 Dei
667 2381 849 2424 laudem
874 2383 919 2423 et
945 2379 1294 2422 domesticorum
1329 2377 1666 2421 conversionem
1700 2376 1953 2434 prohibeat,
1987 2378 2024 2421 si
2058 2378 2199 2434 prolis

316 2458 630 2503 educationem
687 2455 986 2498 christianam
1041 2468 1131 2498 non
1194 2453 1453 2509 permittat,
1522 2452 1559 2495 si
1625 2451 1896 2496 concubinas
1964 2453 2199 2498 dimittere

313 2539 478 2578 renuat
512 2537 596 2575 etc.

467 2609 505 2650 h.
540 2606 586 2650 Si
619 2619 723 2661 pars
761 2604 964 2648 infidelis
997 2607 1160 2647 renuat
1195 2603 1377 2657 quidem
1414 2601 1633 2655 converti,
1666 2607 1716 2644 at
1749 2600 1936 2656 pacifice
1969 2615 2069 2644 cum
2104 2615 2201 2645 con-

318 2697 449 2727 versa
480 2681 689 2725 habitare
722 2680 850 2735 velit,
898 2680 1009 2722 haec
1040 2692 1131 2722 non
1164 2681 1318 2732 potest
1369 2676 1416 2720 vi
1471 2675 1705 2731 privilegii
1756 2676 1932 2731 paulini
1981 2677 2039 2719 ad
2085 2676 2200 2720 alias

317 2758 506 2814 nuptias
538 2755 752 2800 transire:
788 2754 856 2798 ait
889 2754 1009 2798 enim
1043 2767 1075 2796 s.
1108 2752 1301 2796 Paulus:
1336 2751 1380 2794 si
1410 2750 1617 2801 discedit,
1649 2750 1883 2805 dsscedat;
1915 2764 2021 2806 ergo
2055 2751 2200 2794 solum

319 2833 402 2876 sub
426 2831 687 2875 condicione
710 2830 940 2873 discessus
963 2841 1107 2872 novae
1129 2827 1320 2882 nuptiae
1342 2841 1368 2870 a
1392 2840 1425 2869 s.
1441 2826 1583 2869 Paulo
1606 2825 1956 2881 permittuntur.
1979 2827 2202 2869 Attamen

319 2908 376 2950 ab
409 2906 586 2949 infideli
620 2905 769 2959 quoad
801 2909 953 2947 torum
987 2906 1033 2946 et
1074 2914 1275 2944 mensam
1318 2913 1363 2943 se
1405 2914 1626 2955 separare,
1669 2901 1809 2944 immo
1853 2914 1932 2956 per
1976 2901 2201 2956 dispensa-

322 2982 493 3024 tionem
528 2979 694 3023 summi
729 2977 961 3034 pontificis
994 2976 1134 3021 etiam
1168 2976 1225 3018 ad
1259 2975 1374 3018 alias
1405 2975 1594 3030 nuptias
1627 2975 1823 3019 transire
1855 2980 2021 3030 potest.

473 3068 506 3099 c.
541 3054 637 3096 Hoc
670 3053 965 3109 privilegium
997 3065 1089 3095 non
1122 3051 1265 3094 solum
1301 3050 1439 3103 valen
1473 3050 1551 3093 ubi
1585 3064 1690 3105 pars
1737 3050 1939 3094 infidelis
1980 3055 2087 3094 ante
2130 3050 2202 3093 vel

322 3130 457 3186 paulo
501 3133 604 3184 post
650 3133 910 3184 susceptum
952 3127 1234 3183 baptismum
1278 3125 1524 3181 compartis
1569 3125 1777 3179 discedit,
1824 3125 1903 3168 Sed
1945 3125 2084 3169 etiam
2124 3123 2202 3167 ubi

323 3209 482 3260 postea
516 3204 724 3258 discedit,
759 3203 938 3258 quando
971 3203 1062 3246 iam
1097 3215 1176 3257 per
1208 3202 1360 3256 plures
1394 3213 1535 3243 annos
1569 3213 1671 3243 cum
1705 3204 1837 3255 parte
1868 3198 1996 3243 fideli
2029 3198 2204 3242 cohabi-

476 3368 508 3423 ¹)
544 3367 590 3410 S.
630 3367 836 3424 Officium
873 3367 942 3409 13.
976 3370 1110 3409 mart.
1146 3364 1274 3408 1901.

477 3441 510 3496 2)
543 3442 611 3485 Cf.
644 3442 890 3492 Palmieri,
923 3442 989 3484 De
1022 3439 1223 3484 matrim.
1258 3439 1415 3483 christ.
1438 3439 1555 3483 thes.
1579 3439 1650 3482 27.
1675 3438 1843 3482 Archiv
1864 3439 1896 3480 f.
1921 3438 1965 3481 k.
1988 3437 2205 3482 Kirchen-

324 3517 449 3560 recht
484 3516 735 3559 XXXXVI.
770 3515 811 3560 S.
845 3517 931 3560 402
967 3518 1014 3557 ff.
