<?xml version="1.0" encoding="UTF-8"?>
<!DOCTYPE html PUBLIC "-//W3C//DTD XHTML 1.0 Transitional//EN"
    "http://www.w3.org/TR/xhtml1/DTD/xhtml1-transitional.dtd">
<html xmlns="http://www.w3.org/1999/xhtml" xml:lang="en" lang="en">
 <head>
  <title>
</title>
<meta http-equiv="Content-Type" content="text/html;charset=utf-8" />
  <meta name='ocr-system' content='tesseract 3.04.00' />
  <meta name='ocr-capabilities' content='ocr_page ocr_carea ocr_par ocr_line ocrx_word'/>
</head>
<body>
  <div class='ocr_page' id='page_1' title='image "./summatheologiaem00nold_0394.png"; bbox 0 0 2269 3898; ppageno 0'>
   <div class='ocr_carea' id='block_1_1' title="bbox 310 115 1483 163">
    <p class='ocr_par' dir='ltr' id='par_1_1' title="bbox 310 115 1483 163">
     <span class='ocr_line' id='line_1_1' title="bbox 310 115 1483 163; baseline -0.002 -1"><span class='ocrx_word' id='word_1_1' title='bbox 310 115 367 163; x_wconf 56' lang='lat'>426</span> <span class='ocrx_word' id='word_1_2' title='bbox 1048 118 1115 160; x_wconf 90' lang='lat' dir='ltr'>De</span> <span class='ocrx_word' id='word_1_3' title='bbox 1147 117 1454 161; x_wconf 88' lang='lat' dir='ltr'>matrimonio.</span> <span class='ocrx_word' id='word_1_4' title='bbox 1479 143 1483 145; x_wconf 17' lang='grc' dir='ltr'><strong>Α</strong></span> 
     </span>
    </p>
   </div>
   <div class='ocr_carea' id='block_1_2' title="bbox 312 249 2193 382">
    <p class='ocr_par' dir='ltr' id='par_1_2' title="bbox 312 249 2193 382">
     <span class='ocr_line' id='line_1_2' title="bbox 313 249 2193 306; baseline -0.001 -10"><span class='ocrx_word' id='word_1_5' title='bbox 313 253 478 296; x_wconf 85' lang='lat' dir='ltr'>bonum</span> <span class='ocrx_word' id='word_1_6' title='bbox 513 264 747 295; x_wconf 89' lang='lat' dir='ltr'>commune</span> <span class='ocrx_word' id='word_1_7' title='bbox 779 252 920 301; x_wconf 88' lang='lat' dir='ltr'>latae;</span> <span class='ocrx_word' id='word_1_8' title='bbox 966 263 1073 306; x_wconf 83' lang='lat' dir='ltr'>ergo</span> <span class='ocrx_word' id='word_1_9' title='bbox 1105 250 1220 293; x_wconf 88' lang='lat' dir='ltr'><strong>nihil</strong></span> <span class='ocrx_word' id='word_1_10' title='bbox 1255 249 1319 294; x_wconf 92' lang='lat' dir='ltr'>eis</span> <span class='ocrx_word' id='word_1_11' title='bbox 1363 251 1504 305; x_wconf 85' lang='lat' dir='ltr'>deest,</span> <span class='ocrx_word' id='word_1_12' title='bbox 1537 250 1777 305; x_wconf 81' lang='lat' dir='ltr'>quominus</span> <span class='ocrx_word' id='word_1_13' title='bbox 1821 252 1868 295; x_wconf 90' lang='lat' dir='ltr'>in</span> <span class='ocrx_word' id='word_1_14' title='bbox 1914 251 2193 296; x_wconf 81' lang='lat' dir='ltr'>conscientia,</span> 
     </span>
     <span class='ocr_line' id='line_1_3' title="bbox 312 327 529 382; baseline -0.009 -12"><span class='ocrx_word' id='word_1_15' title='bbox 312 327 529 382; x_wconf 81' lang='lat' dir='ltr'>obligent.</span> 
     </span>
    </p>
   </div>
   <div class='ocr_carea' id='block_1_3' title="bbox 311 413 2196 989">
    <p class='ocr_par' dir='ltr' id='par_1_3' title="bbox 311 413 2196 989">
     <span class='ocr_line' id='line_1_4' title="bbox 463 413 2192 470; baseline 0 -13"><span class='ocrx_word' id='word_1_16' title='bbox 463 430 495 458; x_wconf 73' lang='lat' dir='ltr'>e.</span> <span class='ocrx_word' id='word_1_17' title='bbox 532 415 653 467; x_wconf 79' lang='lat' dir='ltr'>Quae</span> <span class='ocrx_word' id='word_1_18' title='bbox 687 413 981 457; x_wconf 88' lang='lat' dir='ltr'>matrimonia</span> <span class='ocrx_word' id='word_1_19' title='bbox 1013 413 1182 468; x_wconf 80' lang='lat' dir='ltr'>valida,</span> <span class='ocrx_word' id='word_1_20' title='bbox 1231 426 1344 468; x_wconf 89' lang='lat' dir='ltr'>quae</span> <span class='ocrx_word' id='word_1_21' title='bbox 1375 413 1582 456; x_wconf 89' lang='lat' dir='ltr'>invalida</span> <span class='ocrx_word' id='word_1_22' title='bbox 1615 414 1723 468; x_wconf 89' lang='lat' dir='ltr'>sint,</span> <span class='ocrx_word' id='word_1_23' title='bbox 1756 419 1960 469; x_wconf 83' lang='lat' dir='ltr'>potestas</span> <span class='ocrx_word' id='word_1_24' title='bbox 2005 415 2192 470; x_wconf 83' lang='lat' dir='ltr'>politica</span> 
     </span>
     <span class='ocr_line' id='line_1_5' title="bbox 314 487 2193 542; baseline -0.001 -9"><span class='ocrx_word' id='word_1_25' title='bbox 314 490 481 533; x_wconf 88' lang='lat' dir='ltr'>discere</span> <span class='ocrx_word' id='word_1_26' title='bbox 516 489 648 532; x_wconf 82' lang='lat' dir='ltr'>debet</span> <span class='ocrx_word' id='word_1_27' title='bbox 682 488 737 531; x_wconf 90' lang='lat' dir='ltr'>ab</span> <span class='ocrx_word' id='word_1_28' title='bbox 771 488 976 537; x_wconf 87' lang='lat' dir='ltr'>ecclesia;</span> <span class='ocrx_word' id='word_1_29' title='bbox 1012 487 1103 530; x_wconf 89' lang='lat' dir='ltr'>iam</span> <span class='ocrx_word' id='word_1_30' title='bbox 1127 501 1232 531; x_wconf 81' lang='lat' dir='ltr'>vero</span> <span class='ocrx_word' id='word_1_31' title='bbox 1256 487 1574 542; x_wconf 79' lang='lat' dir='ltr'>matrimoniis,</span> <span class='ocrx_word' id='word_1_32' title='bbox 1609 501 1722 542; x_wconf 89' lang='lat' dir='ltr'>quae</span> <span class='ocrx_word' id='word_1_33' title='bbox 1745 487 1801 531; x_wconf 92' lang='lat' dir='ltr'>ab</span> <span class='ocrx_word' id='word_1_34' title='bbox 1824 488 2010 531; x_wconf 87' lang='lat' dir='ltr'>ecclesia</span> <span class='ocrx_word' id='word_1_35' title='bbox 2031 487 2193 531; x_wconf 88' lang='lat' dir='ltr'>haben-</span> 
     </span>
     <span class='ocr_line' id='line_1_6' title="bbox 316 561 2192 618; baseline -0.001 -11"><span class='ocrx_word' id='word_1_36' title='bbox 316 573 390 607; x_wconf 91' lang='lat' dir='ltr'>tur</span> <span class='ocrx_word' id='word_1_37' title='bbox 422 563 591 618; x_wconf 73' lang='lat' dir='ltr'>valida,</span> <span class='ocrx_word' id='word_1_38' title='bbox 624 576 703 618; x_wconf 89' lang='lat' dir='ltr'>per</span> <span class='ocrx_word' id='word_1_39' title='bbox 736 575 781 605; x_wconf 91' lang='lat' dir='ltr'>se</span> <span class='ocrx_word' id='word_1_40' title='bbox 815 563 1067 616; x_wconf 76' lang='lat' dir='ltr'>concedere,</span> <span class='ocrx_word' id='word_1_41' title='bbox 1100 562 1158 605; x_wconf 90' lang='lat' dir='ltr'>iis</span> <span class='ocrx_word' id='word_1_42' title='bbox 1190 575 1309 616; x_wconf 75' lang='lat' dir='ltr'>vero,</span> <span class='ocrx_word' id='word_1_43' title='bbox 1343 575 1456 616; x_wconf 89' lang='lat' dir='ltr'>quae</span> <span class='ocrx_word' id='word_1_44' title='bbox 1488 561 1544 604; x_wconf 91' lang='lat' dir='ltr'>ab</span> <span class='ocrx_word' id='word_1_45' title='bbox 1577 561 1763 605; x_wconf 86' lang='lat' dir='ltr'>ecclesia</span> <span class='ocrx_word' id='word_1_46' title='bbox 1794 561 2001 606; x_wconf 79' lang='lat' dir='ltr'>invalida</span> <span class='ocrx_word' id='word_1_47' title='bbox 2032 561 2192 605; x_wconf 84' lang='lat' dir='ltr'>haben-</span> 
     </span>
     <span class='ocr_line' id='line_1_7' title="bbox 315 635 2195 692; baseline -0.001 -11"><span class='ocrx_word' id='word_1_48' title='bbox 315 646 389 681; x_wconf 90' lang='lat' dir='ltr'>tur</span> <span class='ocrx_word' id='word_1_49' title='bbox 422 651 501 692; x_wconf 85' lang='lat' dir='ltr'>per</span> <span class='ocrx_word' id='word_1_50' title='bbox 533 651 579 681; x_wconf 89' lang='lat' dir='ltr'>se</span> <span class='ocrx_word' id='word_1_51' title='bbox 611 650 778 692; x_wconf 83' lang='lat' dir='ltr'>negare</span> <span class='ocrx_word' id='word_1_52' title='bbox 801 641 984 680; x_wconf 87' lang='lat' dir='ltr'>tenetur</span> <span class='ocrx_word' id='word_1_53' title='bbox 1007 638 1197 680; x_wconf 80' lang='lat' dir='ltr'>effectus</span> <span class='ocrx_word' id='word_1_54' title='bbox 1221 636 1390 680; x_wconf 85' lang='lat' dir='ltr'>civiles.</span> <span class='ocrx_word' id='word_1_55' title='bbox 1456 635 1626 689; x_wconf 79' lang='lat' dir='ltr'>Quodsi</span> <span class='ocrx_word' id='word_1_56' title='bbox 1649 641 1803 680; x_wconf 88' lang='lat' dir='ltr'>tamen</span> <span class='ocrx_word' id='word_1_57' title='bbox 1833 636 2195 691; x_wconf 83' lang='lat' dir='ltr'>matrimonium,</span> 
     </span>
     <span class='ocr_line' id='line_1_8' title="bbox 315 709 2192 766; baseline -0.001 -11"><span class='ocrx_word' id='word_1_58' title='bbox 315 712 432 766; x_wconf 88' lang='lat' dir='ltr'>quod</span> <span class='ocrx_word' id='word_1_59' title='bbox 466 711 513 754; x_wconf 90' lang='lat' dir='ltr'>in</span> <span class='ocrx_word' id='word_1_60' title='bbox 546 710 663 754; x_wconf 76' lang='lat' dir='ltr'>facie</span> <span class='ocrx_word' id='word_1_61' title='bbox 696 711 908 755; x_wconf 84' lang='lat' dir='ltr'>ecclesiae</span> <span class='ocrx_word' id='word_1_62' title='bbox 941 711 1145 754; x_wconf 86' lang='lat' dir='ltr'>validum</span> <span class='ocrx_word' id='word_1_63' title='bbox 1193 715 1277 764; x_wconf 90' lang='lat' dir='ltr'>est,</span> <span class='ocrx_word' id='word_1_64' title='bbox 1321 709 1432 753; x_wconf 90' lang='lat' dir='ltr'>bono</span> <span class='ocrx_word' id='word_1_65' title='bbox 1466 710 1691 753; x_wconf 86' lang='lat' dir='ltr'>communi</span> <span class='ocrx_word' id='word_1_66' title='bbox 1725 724 1829 755; x_wconf 86' lang='lat' dir='ltr'>vere</span> <span class='ocrx_word' id='word_1_67' title='bbox 1861 711 2192 765; x_wconf 81' lang='lat' dir='ltr'>adversaretur,</span> 
     </span>
     <span class='ocr_line' id='line_1_9' title="bbox 313 784 2196 842; baseline -0.001 -13"><span class='ocrx_word' id='word_1_68' title='bbox 313 790 517 842; x_wconf 87' lang='lat' dir='ltr'>potestas</span> <span class='ocrx_word' id='word_1_69' title='bbox 550 785 740 840; x_wconf 88' lang='lat' dir='ltr'>politica</span> <span class='ocrx_word' id='word_1_70' title='bbox 785 785 1007 829; x_wconf 90' lang='lat' dir='ltr'>eiusmodi</span> <span class='ocrx_word' id='word_1_71' title='bbox 1051 785 1344 829; x_wconf 89' lang='lat' dir='ltr'>matrimonio</span> <span class='ocrx_word' id='word_1_72' title='bbox 1385 786 1575 828; x_wconf 85' lang='lat' dir='ltr'>effectus</span> <span class='ocrx_word' id='word_1_73' title='bbox 1623 784 1779 828; x_wconf 82' lang='lat' dir='ltr'>civiles</span> <span class='ocrx_word' id='word_1_74' title='bbox 1818 798 1985 840; x_wconf 86' lang='lat' dir='ltr'>negare</span> <span class='ocrx_word' id='word_1_75' title='bbox 2027 788 2196 841; x_wconf 85' lang='lat' dir='ltr'>potest,</span> 
     </span>
     <span class='ocr_line' id='line_1_10' title="bbox 312 858 2192 915; baseline 0 -12"><span class='ocrx_word' id='word_1_76' title='bbox 312 860 420 915; x_wconf 89' lang='lat' dir='ltr'>quin</span> <span class='ocrx_word' id='word_1_77' title='bbox 454 865 608 903; x_wconf 90' lang='lat' dir='ltr'>tamen</span> <span class='ocrx_word' id='word_1_78' title='bbox 644 861 697 903; x_wconf 91' lang='lat' dir='ltr'>de</span> <span class='ocrx_word' id='word_1_79' title='bbox 730 860 826 903; x_wconf 85' lang='lat' dir='ltr'>eius</span> <span class='ocrx_word' id='word_1_80' title='bbox 860 859 1105 903; x_wconf 83' lang='lat' dir='ltr'>validitate</span> <span class='ocrx_word' id='word_1_81' title='bbox 1138 860 1209 902; x_wconf 79' lang='lat' dir='ltr'>vel</span> <span class='ocrx_word' id='word_1_82' title='bbox 1245 860 1298 902; x_wconf 89' lang='lat' dir='ltr'>de</span> <span class='ocrx_word' id='word_1_83' title='bbox 1331 858 1569 903; x_wconf 83' lang='lat' dir='ltr'>effectibus</span> <span class='ocrx_word' id='word_1_84' title='bbox 1603 859 1921 903; x_wconf 63' lang='lat' dir='ltr'>essentialibus</span> <span class='ocrx_word' id='word_1_85' title='bbox 1945 860 2192 915; x_wconf 86' lang='lat' dir='ltr'>quidquam</span> 
     </span>
     <span class='ocr_line' id='line_1_11' title="bbox 311 941 822 989; baseline 0 -12"><span class='ocrx_word' id='word_1_86' title='bbox 311 944 514 978; x_wconf 84' lang='lat' dir='ltr'>statuere</span> <span class='ocrx_word' id='word_1_87' title='bbox 547 941 822 989; x_wconf 83' lang='lat' dir='ltr'>praesumat.</span> 
     </span>
    </p>
   </div>
   <div class='ocr_carea' id='block_1_4' title="bbox 312 1022 2200 1881">
    <p class='ocr_par' dir='ltr' id='par_1_4' title="bbox 312 1022 2200 1881">
     <span class='ocr_line' id='line_1_12' title="bbox 462 1022 2193 1092; baseline -0.001 -16"><span class='ocrx_word' id='word_1_88' title='bbox 462 1025 511 1076; x_wconf 83' lang='lat'>3.</span> <span class='ocrx_word' id='word_1_89' title='bbox 566 1024 886 1075; x_wconf 81' lang='lat' dir='ltr'>Auctoritas</span> <span class='ocrx_word' id='word_1_90' title='bbox 936 1022 1116 1074; x_wconf 80' lang='lat' dir='ltr'>civilis</span> <span class='ocrx_word' id='word_1_91' title='bbox 1160 1022 1412 1074; x_wconf 70' lang='lat' dir='ltr'>indirecte</span> <span class='ocrx_word' id='word_1_92' title='bbox 1453 1030 1682 1073; x_wconf 75' lang='lat' dir='ltr'>statu-cre</span> <span class='ocrx_word' id='word_1_93' title='bbox 1736 1029 1914 1091; x_wconf 89' lang='lat' dir='ltr'>potest</span> <span class='ocrx_word' id='word_1_94' title='bbox 1969 1022 2193 1092; x_wconf 90' lang='lat' dir='ltr'>impedi-</span> 
     </span>
     <span class='ocr_line' id='line_1_13' title="bbox 313 1110 2194 1181; baseline -0.002 -16"><span class='ocrx_word' id='word_1_95' title='bbox 313 1123 497 1165; x_wconf 91' lang='lat' dir='ltr'>menta</span> <span class='ocrx_word' id='word_1_96' title='bbox 558 1113 898 1164; x_wconf 83' lang='lat' dir='ltr'>matrimonii</span> <span class='ocrx_word' id='word_1_97' title='bbox 959 1111 1358 1181; x_wconf 72' lang='lat' dir='ltr'>impedientia,</span> <span class='ocrx_word' id='word_1_98' title='bbox 1420 1119 1600 1180; x_wconf 91' lang='lat' dir='ltr'>potest</span> <span class='ocrx_word' id='word_1_99' title='bbox 1658 1130 1859 1181; x_wconf 89' lang='lat' dir='ltr'>nempe</span> <span class='ocrx_word' id='word_1_100' title='bbox 1921 1110 2194 1180; x_wconf 89' lang='lat' dir='ltr'>quaedam</span> 
     </span>
     <span class='ocr_line' id='line_1_14' title="bbox 313 1200 2196 1271; baseline -0.001 -17"><span class='ocrx_word' id='word_1_101' title='bbox 313 1203 666 1254; x_wconf 86' lang='lat' dir='ltr'>matrimonia</span> <span class='ocrx_word' id='word_1_102' title='bbox 718 1203 932 1254; x_wconf 89' lang='lat' dir='ltr'>ratione</span> <span class='ocrx_word' id='word_1_103' title='bbox 985 1202 1116 1254; x_wconf 91' lang='lat' dir='ltr'>boni</span> <span class='ocrx_word' id='word_1_104' title='bbox 1174 1202 1484 1253; x_wconf 89' lang='lat' dir='ltr'>communis</span> <span class='ocrx_word' id='word_1_105' title='bbox 1539 1202 1703 1253; x_wconf 89' lang='lat' dir='ltr'>etiam</span> <span class='ocrx_word' id='word_1_106' title='bbox 1754 1200 1962 1252; x_wconf 88' lang='lat' dir='ltr'>additis</span> <span class='ocrx_word' id='word_1_107' title='bbox 2003 1201 2196 1271; x_wconf 89' lang='lat' dir='ltr'>poenis</span> 
     </span>
     <span class='ocr_line' id='line_1_15' title="bbox 312 1290 2196 1362; baseline -0.001 -19"><span class='ocrx_word' id='word_1_108' title='bbox 312 1291 621 1362; x_wconf 88' lang='lat' dir='ltr'>prohibere.</span> <span class='ocrx_word' id='word_1_109' title='bbox 685 1292 905 1343; x_wconf 84' lang='lat' dir='ltr'>Etenim</span> <span class='ocrx_word' id='word_1_110' title='bbox 949 1293 994 1343; x_wconf 89' lang='lat' dir='ltr'>si</span> <span class='ocrx_word' id='word_1_111' title='bbox 1037 1290 1245 1342; x_wconf 91' lang='lat' dir='ltr'>bonum</span> <span class='ocrx_word' id='word_1_112' title='bbox 1276 1309 1586 1358; x_wconf 76' lang='lat' dir='ltr'>commune,</span> <span class='ocrx_word' id='word_1_113' title='bbox 1631 1292 1788 1342; x_wconf 89' lang='lat' dir='ltr'>cuius</span> <span class='ocrx_word' id='word_1_114' title='bbox 1818 1310 1950 1342; x_wconf 90' lang='lat' dir='ltr'>cura</span> <span class='ocrx_word' id='word_1_115' title='bbox 1979 1292 2026 1342; x_wconf 91' lang='lat' dir='ltr'>ei</span> <span class='ocrx_word' id='word_1_116' title='bbox 2055 1309 2196 1342; x_wconf 91' lang='lat' dir='ltr'>com-</span> 
     </span>
     <span class='ocr_line' id='line_1_16' title="bbox 312 1378 2198 1450; baseline -0.001 -17"><span class='ocrx_word' id='word_1_117' title='bbox 312 1383 480 1433; x_wconf 90' lang='lat' dir='ltr'>missa</span> <span class='ocrx_word' id='word_1_118' title='bbox 522 1389 618 1447; x_wconf 79' lang='lat' dir='ltr'>est,</span> <span class='ocrx_word' id='word_1_119' title='bbox 662 1381 719 1432; x_wconf 90' lang='lat' dir='ltr'>id</span> <span class='ocrx_word' id='word_1_120' title='bbox 762 1383 963 1450; x_wconf 76' lang='lat' dir='ltr'>exigat,</span> <span class='ocrx_word' id='word_1_121' title='bbox 1010 1391 1187 1433; x_wconf 89' lang='lat' dir='ltr'>certas</span> <span class='ocrx_word' id='word_1_122' title='bbox 1222 1380 1577 1432; x_wconf 78' lang='lat' dir='ltr'>condiciones</span> <span class='ocrx_word' id='word_1_123' title='bbox 1615 1378 1990 1450; x_wconf 85' lang='lat' dir='ltr'>praescribere</span> <span class='ocrx_word' id='word_1_124' title='bbox 2018 1388 2198 1449; x_wconf 89' lang='lat' dir='ltr'>potest</span> 
     </span>
     <span class='ocr_line' id='line_1_17' title="bbox 313 1470 2200 1541; baseline -0.002 -18"><span class='ocrx_word' id='word_1_125' title='bbox 313 1471 383 1523; x_wconf 91' lang='lat' dir='ltr'>ab</span> <span class='ocrx_word' id='word_1_126' title='bbox 427 1472 494 1522; x_wconf 91' lang='lat' dir='ltr'>iis</span> <span class='ocrx_word' id='word_1_127' title='bbox 537 1471 856 1537; x_wconf 78' lang='lat' dir='ltr'>servandas,</span> <span class='ocrx_word' id='word_1_128' title='bbox 903 1472 1010 1541; x_wconf 87' lang='lat' dir='ltr'>qui</span> <span class='ocrx_word' id='word_1_129' title='bbox 1038 1472 1453 1522; x_wconf 89' lang='lat' dir='ltr'>matrimonium</span> <span class='ocrx_word' id='word_1_130' title='bbox 1496 1471 1637 1521; x_wconf 89' lang='lat' dir='ltr'>inire</span> <span class='ocrx_word' id='word_1_131' title='bbox 1672 1470 1883 1537; x_wconf 80' lang='lat' dir='ltr'>volunt,</span> <span class='ocrx_word' id='word_1_132' title='bbox 1927 1478 1980 1522; x_wconf 91' lang='lat' dir='ltr'>et</span> <span class='ocrx_word' id='word_1_133' title='bbox 2019 1477 2200 1539; x_wconf 87' lang='lat' dir='ltr'>potest</span> 
     </span>
     <span class='ocr_line' id='line_1_18' title="bbox 314 1558 2194 1630; baseline -0.001 -18"><span class='ocrx_word' id='word_1_134' title='bbox 314 1562 665 1613; x_wconf 88' lang='lat' dir='ltr'>matrimonia</span> <span class='ocrx_word' id='word_1_135' title='bbox 708 1579 913 1626; x_wconf 82' lang='lat' dir='ltr'>eorum,</span> <span class='ocrx_word' id='word_1_136' title='bbox 974 1562 1067 1630; x_wconf 89' lang='lat' dir='ltr'>qui</span> <span class='ocrx_word' id='word_1_137' title='bbox 1123 1559 1245 1611; x_wconf 89' lang='lat' dir='ltr'>illas</span> <span class='ocrx_word' id='word_1_138' title='bbox 1288 1559 1644 1612; x_wconf 86' lang='lat' dir='ltr'>condiciones</span> <span class='ocrx_word' id='word_1_139' title='bbox 1685 1578 1796 1612; x_wconf 89' lang='lat' dir='ltr'>non</span> <span class='ocrx_word' id='word_1_140' title='bbox 1839 1567 2079 1627; x_wconf 85' lang='lat' dir='ltr'>servant⁷</span> <span class='ocrx_word' id='word_1_141' title='bbox 2124 1558 2194 1611; x_wconf 90' lang='lat' dir='ltr'>ef-</span> 
     </span>
     <span class='ocr_line' id='line_1_19' title="bbox 315 1649 2197 1720; baseline -0.001 -18"><span class='ocrx_word' id='word_1_142' title='bbox 315 1650 553 1702; x_wconf 89' lang='lat' dir='ltr'>fectibus</span> <span class='ocrx_word' id='word_1_143' title='bbox 595 1649 856 1701; x_wconf 87' lang='lat' dir='ltr'>civilibus</span> <span class='ocrx_word' id='word_1_144' title='bbox 897 1651 1134 1719; x_wconf 87' lang='lat' dir='ltr'>privare.</span> <span class='ocrx_word' id='word_1_145' title='bbox 1212 1649 1474 1701; x_wconf 84' lang='lat' dir='ltr'>Attamen</span> <span class='ocrx_word' id='word_1_146' title='bbox 1521 1649 1591 1701; x_wconf 84' lang='lat' dir='ltr'>ad</span> <span class='ocrx_word' id='word_1_147' title='bbox 1634 1649 1924 1701; x_wconf 87' lang='lat' dir='ltr'>ecclesiam</span> <span class='ocrx_word' id='word_1_148' title='bbox 1967 1656 2197 1720; x_wconf 78' lang='lat' dir='ltr'>spectat,</span> 
     </span>
     <span class='ocr_line' id='line_1_20' title="bbox 315 1738 2196 1807; baseline 0 -17"><span class='ocrx_word' id='word_1_149' title='bbox 315 1739 383 1791; x_wconf 90' lang='lat' dir='ltr'>de</span> <span class='ocrx_word' id='word_1_150' title='bbox 424 1740 634 1792; x_wconf 87' lang='lat' dir='ltr'>iustitia</span> <span class='ocrx_word' id='word_1_151' title='bbox 675 1739 873 1790; x_wconf 91' lang='lat' dir='ltr'>harum</span> <span class='ocrx_word' id='word_1_152' title='bbox 914 1738 1098 1807; x_wconf 84' lang='lat' dir='ltr'>legum</span> <span class='ocrx_word' id='word_1_153' title='bbox 1141 1738 1410 1791; x_wconf 88' lang='lat' dir='ltr'>iudicium</span> <span class='ocrx_word' id='word_1_154' title='bbox 1453 1740 1609 1803; x_wconf 86' lang='lat' dir='ltr'>ferre,</span> <span class='ocrx_word' id='word_1_155' title='bbox 1655 1758 1780 1791; x_wconf 87' lang='lat' dir='ltr'>cum</span> <span class='ocrx_word' id='word_1_156' title='bbox 1823 1739 2088 1791; x_wconf 88' lang='lat' dir='ltr'>ecclesiae</span> <span class='ocrx_word' id='word_1_157' title='bbox 2126 1740 2196 1791; x_wconf 89' lang='lat' dir='ltr'>sit</span> 
     </span>
     <span class='ocr_line' id='line_1_21' title="bbox 315 1828 1309 1881; baseline 0.001 -2"><span class='ocrx_word' id='word_1_158' title='bbox 315 1828 383 1879; x_wconf 88' lang='lat' dir='ltr'>de</span> <span class='ocrx_word' id='word_1_159' title='bbox 427 1828 733 1880; x_wconf 82' lang='lat' dir='ltr'>moralitate</span> <span class='ocrx_word' id='word_1_160' title='bbox 775 1837 999 1880; x_wconf 88' lang='lat' dir='ltr'>actuum</span> <span class='ocrx_word' id='word_1_161' title='bbox 1042 1828 1309 1881; x_wconf 89' lang='lat' dir='ltr'>iudicare.</span> 
     </span>
    </p>
   </div>
   <div class='ocr_carea' id='block_1_5' title="bbox 314 1931 2201 2137">
    <p class='ocr_par' dir='ltr' id='par_1_5' title="bbox 314 1931 2201 2137">
     <span class='ocr_line' id='line_1_22' title="bbox 466 1931 2201 1989; baseline 0.001 -14"><span class='ocrx_word' id='word_1_162' title='bbox 466 1932 703 1976; x_wconf 86' lang='lat' dir='ltr'>Eiusmodi</span> <span class='ocrx_word' id='word_1_163' title='bbox 736 1933 860 1987; x_wconf 80' lang='lat' dir='ltr'>leges</span> <span class='ocrx_word' id='word_1_164' title='bbox 895 1931 1239 1975; x_wconf 86' lang='lat' dir='ltr'>matrimonium</span> <span class='ocrx_word' id='word_1_165' title='bbox 1274 1933 1475 1976; x_wconf 86' lang='lat' dir='ltr'>reddunt</span> <span class='ocrx_word' id='word_1_166' title='bbox 1509 1932 1739 1988; x_wconf 83' lang='lat' dir='ltr'>illicitum,</span> <span class='ocrx_word' id='word_1_167' title='bbox 1773 1947 1862 1976; x_wconf 86' lang='lat' dir='ltr'>non</span> <span class='ocrx_word' id='word_1_168' title='bbox 1897 1933 2077 1988; x_wconf 89' lang='lat' dir='ltr'>quidem</span> <span class='ocrx_word' id='word_1_169' title='bbox 2121 1946 2201 1989; x_wconf 86' lang='lat' dir='ltr'>per</span> 
     </span>
     <span class='ocr_line' id='line_1_23' title="bbox 314 2007 2200 2063; baseline 0 -13"><span class='ocrx_word' id='word_1_170' title='bbox 314 2020 358 2050; x_wconf 87' lang='lat' dir='ltr'>se</span> <span class='ocrx_word' id='word_1_171' title='bbox 392 2012 437 2051; x_wconf 84' lang='lat' dir='ltr'>et</span> <span class='ocrx_word' id='word_1_172' title='bbox 473 2007 641 2051; x_wconf 89' lang='lat' dir='ltr'>directe</span> <span class='ocrx_word' id='word_1_173' title='bbox 677 2013 900 2061; x_wconf 88' lang='lat' dir='ltr'>quatenus</span> <span class='ocrx_word' id='word_1_174' title='bbox 934 2007 1049 2050; x_wconf 89' lang='lat' dir='ltr'>illud</span> <span class='ocrx_word' id='word_1_175' title='bbox 1084 2011 1152 2049; x_wconf 89' lang='lat' dir='ltr'>est</span> <span class='ocrx_word' id='word_1_176' title='bbox 1186 2012 1315 2050; x_wconf 92' lang='lat' dir='ltr'>actus</span> <span class='ocrx_word' id='word_1_177' title='bbox 1349 2007 1590 2062; x_wconf 79' lang='lat' dir='ltr'>religiosus</span> <span class='ocrx_word' id='word_1_178' title='bbox 1636 2012 1681 2051; x_wconf 89' lang='lat' dir='ltr'>et</span> <span class='ocrx_word' id='word_1_179' title='bbox 1723 2008 2080 2063; x_wconf 88' lang='lat' dir='ltr'>sacramentalis,</span> <span class='ocrx_word' id='word_1_180' title='bbox 2122 2008 2200 2052; x_wconf 84' lang='lat' dir='ltr'>sed</span> 
     </span>
     <span class='ocr_line' id='line_1_24' title="bbox 317 2082 1969 2137; baseline 0.001 -13"><span class='ocrx_word' id='word_1_181' title='bbox 317 2082 539 2125; x_wconf 87' lang='lat' dir='ltr'>indirecte</span> <span class='ocrx_word' id='word_1_182' title='bbox 573 2089 617 2125; x_wconf 85' lang='lat' dir='ltr'>et</span> <span class='ocrx_word' id='word_1_183' title='bbox 651 2095 730 2137; x_wconf 88' lang='lat' dir='ltr'>per</span> <span class='ocrx_word' id='word_1_184' title='bbox 762 2082 983 2137; x_wconf 87' lang='lat' dir='ltr'>accidens,</span> <span class='ocrx_word' id='word_1_185' title='bbox 1019 2086 1244 2136; x_wconf 86' lang='lat' dir='ltr'>quatenus</span> <span class='ocrx_word' id='word_1_186' title='bbox 1278 2082 1549 2126; x_wconf 80' lang='lat' dir='ltr'>adversatur</span> <span class='ocrx_word' id='word_1_187' title='bbox 1582 2083 1694 2126; x_wconf 91' lang='lat' dir='ltr'>bono</span> <span class='ocrx_word' id='word_1_188' title='bbox 1729 2083 1969 2126; x_wconf 90' lang='lat' dir='ltr'>communi.</span> 
     </span>
    </p>
   </div>
   <div class='ocr_carea' id='block_1_6' title="bbox 463 2246 1552 2313">
    <p class='ocr_par' dir='ltr' id='par_1_6' title="bbox 463 2246 1552 2313">
     <span class='ocr_line' id='line_1_25' title="bbox 463 2246 1552 2313; baseline 0.002 -15"><span class='ocrx_word' id='word_1_189' title='bbox 463 2246 557 2299; x_wconf 76' lang='lat'>26.</span> <span class='ocrx_word' id='word_1_190' title='bbox 600 2246 673 2299; x_wconf 91' lang='lat' dir='ltr'>Iu</span> <span class='ocrx_word' id='word_1_191' title='bbox 717 2246 1104 2300; x_wconf 87' lang='lat' dir='ltr'>matrimonia</span> <span class='ocrx_word' id='word_1_192' title='bbox 1144 2247 1479 2301; x_wconf 79' lang='lat' dir='ltr'>Infidelium</span> <span class='ocrx_word' id='word_1_193' title='bbox 1497 2247 1552 2313; x_wconf 85' lang='lat'>¹).</span> 
     </span>
    </p>
   </div>
   <div class='ocr_carea' id='block_1_7' title="bbox 312 2350 2201 2917">
    <p class='ocr_par' dir='ltr' id='par_1_7' title="bbox 312 2350 2201 2917">
     <span class='ocr_line' id='line_1_26' title="bbox 464 2350 2198 2407; baseline 0.001 -14"><span class='ocrx_word' id='word_1_194' title='bbox 464 2351 744 2393; x_wconf 77' lang='lat' dir='ltr'>Momentum</span> <span class='ocrx_word' id='word_1_195' title='bbox 781 2350 1031 2405; x_wconf 88' lang='lat' dir='ltr'>practicum</span> <span class='ocrx_word' id='word_1_196' title='bbox 1065 2351 1201 2394; x_wconf 88' lang='lat' dir='ltr'>huius</span> <span class='ocrx_word' id='word_1_197' title='bbox 1236 2351 1516 2406; x_wconf 91' lang='lat' dir='ltr'>quaestionis</span> <span class='ocrx_word' id='word_1_198' title='bbox 1555 2351 1604 2394; x_wconf 91' lang='lat' dir='ltr'>in</span> <span class='ocrx_word' id='word_1_199' title='bbox 1651 2351 1745 2394; x_wconf 89' lang='lat' dir='ltr'>dies</span> <span class='ocrx_word' id='word_1_200' title='bbox 1779 2355 1994 2407; x_wconf 81' lang='lat' dir='ltr'>augetur:</span> <span class='ocrx_word' id='word_1_201' title='bbox 2031 2351 2198 2396; x_wconf 88' lang='lat' dir='ltr'>etenim</span> 
     </span>
     <span class='ocr_line' id='line_1_27' title="bbox 312 2424 2201 2481; baseline 0.001 -14"><span class='ocrx_word' id='word_1_202' title='bbox 312 2439 401 2468; x_wconf 90' lang='lat' dir='ltr'>non</span> <span class='ocrx_word' id='word_1_203' title='bbox 435 2425 579 2468; x_wconf 87' lang='lat' dir='ltr'>solum</span> <span class='ocrx_word' id='word_1_204' title='bbox 614 2424 890 2468; x_wconf 88' lang='lat' dir='ltr'>missionarii</span> <span class='ocrx_word' id='word_1_205' title='bbox 925 2425 1137 2469; x_wconf 86' lang='lat' dir='ltr'>catholici</span> <span class='ocrx_word' id='word_1_206' title='bbox 1170 2439 1313 2481; x_wconf 92' lang='lat' dir='ltr'>usque</span> <span class='ocrx_word' id='word_1_207' title='bbox 1343 2440 1485 2470; x_wconf 79' lang='lat' dir='ltr'>novas</span> <span class='ocrx_word' id='word_1_208' title='bbox 1522 2425 1780 2469; x_wconf 87' lang='lat' dir='ltr'>infidelium</span> <span class='ocrx_word' id='word_1_209' title='bbox 1819 2426 2024 2481; x_wconf 81' lang='lat' dir='ltr'>regiones</span> <span class='ocrx_word' id='word_1_210' title='bbox 2054 2426 2201 2481; x_wconf 75' lang='lat' dir='ltr'>ingre-</span> 
     </span>
     <span class='ocr_line' id='line_1_28' title="bbox 317 2499 2200 2556; baseline 0.002 -14"><span class='ocrx_word' id='word_1_211' title='bbox 317 2499 507 2543; x_wconf 86' lang='lat' dir='ltr'>diuntur</span> <span class='ocrx_word' id='word_1_212' title='bbox 549 2513 793 2554; x_wconf 88' lang='lat' dir='ltr'>earumque</span> <span class='ocrx_word' id='word_1_213' title='bbox 825 2500 997 2543; x_wconf 87' lang='lat' dir='ltr'>incolas</span> <span class='ocrx_word' id='word_1_214' title='bbox 1030 2501 1089 2544; x_wconf 90' lang='lat' dir='ltr'>ad</span> <span class='ocrx_word' id='word_1_215' title='bbox 1121 2501 1260 2545; x_wconf 91' lang='lat' dir='ltr'>fidem</span> <span class='ocrx_word' id='word_1_216' title='bbox 1295 2500 1592 2544; x_wconf 87' lang='lat' dir='ltr'>christianam</span> <span class='ocrx_word' id='word_1_217' title='bbox 1626 2501 1897 2556; x_wconf 86' lang='lat' dir='ltr'>perducunt,</span> <span class='ocrx_word' id='word_1_218' title='bbox 1942 2501 2019 2544; x_wconf 89' lang='lat' dir='ltr'>sed</span> <span class='ocrx_word' id='word_1_219' title='bbox 2052 2506 2200 2545; x_wconf 88' lang='lat' dir='ltr'>terrae</span> 
     </span>
     <span class='ocr_line' id='line_1_29' title="bbox 316 2573 2200 2630; baseline 0.001 -14"><span class='ocrx_word' id='word_1_220' title='bbox 316 2573 575 2617; x_wconf 89' lang='lat' dir='ltr'>infidelium</span> <span class='ocrx_word' id='word_1_221' title='bbox 608 2574 860 2618; x_wconf 87' lang='lat' dir='ltr'>identidem</span> <span class='ocrx_word' id='word_1_222' title='bbox 895 2575 1034 2618; x_wconf 89' lang='lat' dir='ltr'>etiam</span> <span class='ocrx_word' id='word_1_223' title='bbox 1085 2575 1308 2630; x_wconf 88' lang='lat' dir='ltr'>potestati</span> <span class='ocrx_word' id='word_1_224' title='bbox 1357 2574 1613 2630; x_wconf 84' lang='lat' dir='ltr'>principum</span> <span class='ocrx_word' id='word_1_225' title='bbox 1663 2574 2014 2619; x_wconf 88' lang='lat' dir='ltr'>christianorum</span> <span class='ocrx_word' id='word_1_226' title='bbox 2064 2575 2200 2619; x_wconf 88' lang='lat' dir='ltr'>subii·</span> 
     </span>
     <span class='ocr_line' id='line_1_30' title="bbox 317 2649 2198 2705; baseline 0.001 -14"><span class='ocrx_word' id='word_1_227' title='bbox 317 2649 515 2704; x_wconf 87' lang='lat' dir='ltr'>ciuntur,</span> <span class='ocrx_word' id='word_1_228' title='bbox 548 2649 687 2692; x_wconf 88' lang='lat' dir='ltr'>immo</span> <span class='ocrx_word' id='word_1_229' title='bbox 722 2649 843 2693; x_wconf 88' lang='lat' dir='ltr'>inter</span> <span class='ocrx_word' id='word_1_230' title='bbox 875 2650 997 2705; x_wconf 85' lang='lat' dir='ltr'>ipsos</span> <span class='ocrx_word' id='word_1_231' title='bbox 1030 2650 1189 2694; x_wconf 89' lang='lat' dir='ltr'>fideles</span> <span class='ocrx_word' id='word_1_232' title='bbox 1221 2650 1269 2693; x_wconf 91' lang='lat' dir='ltr'>in</span> <span class='ocrx_word' id='word_1_233' title='bbox 1305 2650 1398 2693; x_wconf 77' lang='lat' dir='ltr'>(lies</span> <span class='ocrx_word' id='word_1_234' title='bbox 1445 2650 1606 2693; x_wconf 86' lang='lat' dir='ltr'>crescit</span> <span class='ocrx_word' id='word_1_235' title='bbox 1650 2663 1802 2693; x_wconf 90' lang='lat' dir='ltr'>eorum</span> <span class='ocrx_word' id='word_1_236' title='bbox 1851 2663 2080 2705; x_wconf 86' lang='lat' dir='ltr'>numerus,</span> <span class='ocrx_word' id='word_1_237' title='bbox 2122 2649 2198 2705; x_wconf 90' lang='lat' dir='ltr'>qui</span> 
     </span>
     <span class='ocr_line' id='line_1_31' title="bbox 314 2713 2196 2780; baseline 0.001 -14"><span class='ocrx_word' id='word_1_238' title='bbox 314 2724 434 2767; x_wconf 90' lang='lat' dir='ltr'>filios</span> <span class='ocrx_word' id='word_1_239' title='bbox 477 2738 580 2768; x_wconf 88' lang='lat' dir='ltr'>suos</span> <span class='ocrx_word' id='word_1_240' title='bbox 611 2738 668 2768; x_wconf 91' lang='lat' dir='ltr'>ne</span> <span class='ocrx_word' id='word_1_241' title='bbox 701 2725 1002 2780; x_wconf 87' lang='lat' dir='ltr'>baptizandos</span> <span class='ocrx_word' id='word_1_242' title='bbox 1036 2724 1217 2780; x_wconf 90' lang='lat' dir='ltr'>quidem</span> <span class='ocrx_word' id='word_1_243' title='bbox 1253 2729 1436 2768; x_wconf 89' lang='lat' dir='ltr'>curant:</span> <span class='ocrx_word' id='word_1_244' title='bbox 1472 2725 1519 2767; x_wconf 92' lang='lat' dir='ltr'>hi</span> <span class='ocrx_word' id='word_1_245' title='bbox 1553 2724 1742 2780; x_wconf 88' lang='lat' dir='ltr'>proinde</span> <span class='ocrx_word' id='word_1_246' title='bbox 1775 2713 1897 2769; x_wconf 82' lang='lat' dir='ltr'>inore</span> <span class='ocrx_word' id='word_1_247' title='bbox 1937 2724 2196 2768; x_wconf 86' lang='lat' dir='ltr'>infidelium</span> 
     </span>
     <span class='ocr_line' id='line_1_32' title="bbox 316 2798 2201 2855; baseline 0 -13"><span class='ocrx_word' id='word_1_248' title='bbox 316 2799 583 2843; x_wconf 88' lang='lat' dir='ltr'>adolescunt</span> <span class='ocrx_word' id='word_1_249' title='bbox 617 2805 663 2843; x_wconf 91' lang='lat' dir='ltr'>et</span> <span class='ocrx_word' id='word_1_250' title='bbox 696 2799 1040 2843; x_wconf 88' lang='lat' dir='ltr'>matrimonium</span> <span class='ocrx_word' id='word_1_251' title='bbox 1075 2799 1223 2855; x_wconf 86' lang='lat' dir='ltr'>civile,</span> <span class='ocrx_word' id='word_1_252' title='bbox 1258 2800 1376 2854; x_wconf 90' lang='lat' dir='ltr'>quod</span> <span class='ocrx_word' id='word_1_253' title='bbox 1410 2799 1518 2842; x_wconf 90' lang='lat' dir='ltr'>solis</span> <span class='ocrx_word' id='word_1_254' title='bbox 1551 2799 1730 2854; x_wconf 85' lang='lat' dir='ltr'>legibus</span> <span class='ocrx_word' id='word_1_255' title='bbox 1763 2798 1975 2842; x_wconf 85' lang='lat' dir='ltr'>civilibus</span> <span class='ocrx_word' id='word_1_256' title='bbox 2006 2799 2201 2854; x_wconf 59' lang='lat' dir='ltr'>regitur,</span> 
     </span>
     <span class='ocr_line' id='line_1_33' title="bbox 317 2875 607 2917; baseline 0.003 -1"><span class='ocrx_word' id='word_1_257' title='bbox 317 2875 607 2917; x_wconf 88' lang='lat' dir='ltr'>contrahunt.</span> 
     </span>
    </p>
   </div>
   <div class='ocr_carea' id='block_1_8' title="bbox 314 2962 2198 3302">
    <p class='ocr_par' dir='ltr' id='par_1_8' title="bbox 314 2962 2198 3302">
     <span class='ocr_line' id='line_1_34' title="bbox 468 2962 2195 3032; baseline -0.001 -17"><span class='ocrx_word' id='word_1_258' title='bbox 468 2962 858 3016; x_wconf 83' lang='lat' dir='ltr'>Controversia</span> <span class='ocrx_word' id='word_1_259' title='bbox 900 2971 980 3015; x_wconf 88' lang='lat' dir='ltr'>est</span> <span class='ocrx_word' id='word_1_260' title='bbox 1022 2966 1164 3015; x_wconf 89' lang='lat' dir='ltr'>inter</span> <span class='ocrx_word' id='word_1_261' title='bbox 1205 2963 1504 3032; x_wconf 74' lang='lat' dir='ltr'>theologos,</span> <span class='ocrx_word' id='word_1_262' title='bbox 1547 2983 1682 3015; x_wconf 88' lang='lat' dir='ltr'>num</span> <span class='ocrx_word' id='word_1_263' title='bbox 1723 2964 2078 3015; x_wconf 87' lang='lat' dir='ltr'>matrimonia</span> <span class='ocrx_word' id='word_1_264' title='bbox 2118 2965 2195 3014; x_wconf 91' lang='lat' dir='ltr'>in·</span> 
     </span>
     <span class='ocr_line' id='line_1_35' title="bbox 318 3051 2198 3123; baseline 0 -19"><span class='ocrx_word' id='word_1_265' title='bbox 318 3052 564 3104; x_wconf 87' lang='lat' dir='ltr'>fidelium</span> <span class='ocrx_word' id='word_1_266' title='bbox 625 3052 840 3106; x_wconf 89' lang='lat' dir='ltr'>subsint</span> <span class='ocrx_word' id='word_1_267' title='bbox 898 3055 1157 3123; x_wconf 87' lang='lat' dir='ltr'>potestati</span> <span class='ocrx_word' id='word_1_268' title='bbox 1214 3055 1556 3105; x_wconf 88' lang='lat' dir='ltr'>auctoritatis</span> <span class='ocrx_word' id='word_1_269' title='bbox 1618 3053 1814 3106; x_wconf 83' lang='lat' dir='ltr'>civilis.</span> <span class='ocrx_word' id='word_1_270' title='bbox 1910 3051 2198 3105; x_wconf 87' lang='lat' dir='ltr'>Sententia</span> 
     </span>
     <span class='ocr_line' id='line_1_36' title="bbox 315 3142 2194 3213; baseline 0.001 -20"><span class='ocrx_word' id='word_1_271' title='bbox 315 3151 500 3194; x_wconf 92' lang='lat' dir='ltr'>tamen</span> <span class='ocrx_word' id='word_1_272' title='bbox 543 3142 842 3209; x_wconf 72' lang='lat' dir='ltr'>affirmans7</span> <span class='ocrx_word' id='word_1_273' title='bbox 891 3162 1031 3213; x_wconf 89' lang='lat' dir='ltr'>quae</span> <span class='ocrx_word' id='word_1_274' title='bbox 1073 3145 1214 3195; x_wconf 90' lang='lat' dir='ltr'>inter</span> <span class='ocrx_word' id='word_1_275' title='bbox 1257 3144 1605 3213; x_wconf 88' lang='lat' dir='ltr'>antiquitatis</span> <span class='ocrx_word' id='word_1_276' title='bbox 1646 3142 1928 3212; x_wconf 83' lang='lat' dir='ltr'>theologos</span> <span class='ocrx_word' id='word_1_277' title='bbox 1969 3161 2101 3194; x_wconf 85' lang='lat' dir='ltr'>vera</span> <span class='ocrx_word' id='word_1_278' title='bbox 2143 3148 2194 3194; x_wconf 88' lang='lat' dir='ltr'>et</span> 
     </span>
     <span class='ocr_line' id='line_1_37' title="bbox 314 3231 2193 3302; baseline 0 -19"><span class='ocrx_word' id='word_1_279' title='bbox 314 3238 537 3301; x_wconf 88' lang='lat' dir='ltr'>recepta</span> <span class='ocrx_word' id='word_1_280' title='bbox 579 3240 709 3295; x_wconf 70' lang='lat' dir='ltr'>erat,</span> <span class='ocrx_word' id='word_1_281' title='bbox 754 3234 961 3285; x_wconf 89' lang='lat' dir='ltr'>recenti</span> <span class='ocrx_word' id='word_1_282' title='bbox 1003 3241 1250 3302; x_wconf 89' lang='lat' dir='ltr'>tempore</span> <span class='ocrx_word' id='word_1_283' title='bbox 1287 3252 1319 3284; x_wconf 88' lang='lat' dir='ltr'>a</span> <span class='ocrx_word' id='word_1_284' title='bbox 1355 3231 1635 3284; x_wconf 89' lang='lat' dir='ltr'>nonnullis</span> <span class='ocrx_word' id='word_1_285' title='bbox 1673 3234 1999 3302; x_wconf 84' lang='lat' dir='ltr'>impugnata</span> <span class='ocrx_word' id='word_1_286' title='bbox 2026 3231 2193 3284; x_wconf 89' lang='lat' dir='ltr'>hodie</span> 
     </span>
    </p>
   </div>
   <div class='ocr_carea' id='block_1_9' title="bbox 316 3353 541 3356">
    <p class='ocr_par' dir='ltr' id='par_1_9' title="bbox 316 3353 541 3356">
     <span class='ocr_line' id='line_1_38' title="bbox 316 3353 541 3356; baseline 0 0"><span class='ocrx_word' id='word_1_287' title='bbox 316 3353 541 3356; x_wconf 95' lang='lat' dir='ltr'> </span> 
     </span>
    </p>
   </div>
   <div class='ocr_carea' id='block_1_10' title="bbox 314 3409 2200 3541">
    <p class='ocr_par' dir='ltr' id='par_1_10' title="bbox 314 3409 2200 3541">
     <span class='ocr_line' id='line_1_39' title="bbox 473 3409 2200 3466; baseline -0.001 -13"><span class='ocrx_word' id='word_1_288' title='bbox 473 3409 501 3461; x_wconf 79' lang='lat'>²)</span> <span class='ocrx_word' id='word_1_289' title='bbox 540 3409 608 3453; x_wconf 82' lang='lat' dir='ltr'>Cf.</span> <span class='ocrx_word' id='word_1_290' title='bbox 652 3410 922 3463; x_wconf 43' lang='lat' dir='ltr'>Resemansj</span> <span class='ocrx_word' id='word_1_291' title='bbox 963 3411 1031 3454; x_wconf 90' lang='lat' dir='ltr'>De</span> <span class='ocrx_word' id='word_1_292' title='bbox 1073 3411 1381 3466; x_wconf 87' lang='lat' dir='ltr'>competentia</span> <span class='ocrx_word' id='word_1_293' title='bbox 1422 3410 1547 3455; x_wconf 88' lang='lat' dir='ltr'>civili</span> <span class='ocrx_word' id='word_1_294' title='bbox 1587 3411 1636 3454; x_wconf 90' lang='lat' dir='ltr'>in</span> <span class='ocrx_word' id='word_1_295' title='bbox 1680 3410 1912 3454; x_wconf 80' lang='lat' dir='ltr'>vinculum</span> <span class='ocrx_word' id='word_1_296' title='bbox 1959 3409 2200 3465; x_wconf 84' lang='lat' dir='ltr'>coniugale</span> 
     </span>
     <span class='ocr_line' id='line_1_40' title="bbox 314 3483 1736 3541; baseline 0.001 -14"><span class='ocrx_word' id='word_1_297' title='bbox 314 3483 571 3528; x_wconf 82' lang='lat' dir='ltr'>infidelium</span> <span class='ocrx_word' id='word_1_298' title='bbox 604 3484 803 3538; x_wconf 85' lang='lat' dir='ltr'>(Romae.</span> <span class='ocrx_word' id='word_1_299' title='bbox 839 3485 1037 3528; x_wconf 79' lang='lat' dir='ltr'>Desclee.</span> <span class='ocrx_word' id='word_1_300' title='bbox 1072 3485 1219 3539; x_wconf 70' lang='lat'>1887).</span> <span class='ocrx_word' id='word_1_301' title='bbox 1284 3486 1479 3529; x_wconf 77' lang='lat' dir='ltr'>Leitner</span> <span class='ocrx_word' id='word_1_302' title='bbox 1511 3500 1552 3541; x_wconf 86' lang='lat' dir='ltr'>p.</span> <span class='ocrx_word' id='word_1_303' title='bbox 1587 3486 1644 3529; x_wconf 73' lang='lat'>&lt;26</span> <span class='ocrx_word' id='word_1_304' title='bbox 1679 3500 1736 3529; x_wconf 87' lang='lat' dir='ltr'>ss.</span> 
     </span>
    </p>
   </div>
  </div>
 </body>
</html>
