2269 3898
779 111 846 154 De
879 111 1055 154 actibus
1088 112 1314 155 humanis.
1925 117 1980 159 45

108 243 336 294 effeetus
376 242 594 295 veniale
636 252 925 312 peecatum
954 253 1049 309 est,
1096 247 1260 296 etiam
1289 245 1457 297 laesio
1490 249 1770 316 praecepti
1797 250 1982 316 gravis

108 332 284 383 solum
326 332 559 383 venialis
601 334 718 386 erit.

257 422 306 474 3.
348 422 507 472 Licet
546 430 836 489 peceatum
872 423 1114 473 exterius
1143 423 1499 492 compleatur,
1544 424 1764 492 quando
1808 426 1980 493 sequi-

105 517 195 561 tur
250 511 476 561 effeetus
519 510 606 561 vel
664 510 884 579 quando
943 513 1164 562 omissio
1223 515 1404 581 reipsa
1461 512 1693 578 accidit3
1756 513 1982 563 effeetus

106 607 292 650 tamen
333 599 422 650 vel
478 601 698 650 omissio
754 601 809 650 in
854 618 909 651 se
963 619 1072 651 non
1124 610 1203 652 est
1254 609 1549 670 peecatum
1606 619 1707 651 nee
1765 603 1830 667 ei,
1891 603 1982 670 qui

107 707 331 740 eausam
383 690 582 757 posuit,
637 690 959 757 imputatur,
1016 691 1059 740 si
1117 708 1290 759 prava
1332 690 1589 741 voluntas
1644 691 1864 741 interim
1907 709 1982 741 re-

106 786 341 829 traetata
381 778 517 844 fuit3
576 778 771 847 quodsi
826 786 1120 829 retraetata
1162 797 1273 830 non
1313 779 1432 845 fuit,
1490 781 1538 830 ei
1582 781 1884 847 imputatur
1925 787 1982 829 ut

108 867 575 936 complementum
617 875 907 918 externum
950 869 1163 935 peceati
1207 869 1424 921 interni.

253 957 360 999 Ideo
393 957 612 1010 sacerdos,
646 956 722 1010 qui
755 955 1029 1000 breviarium
1062 956 1245 1011 proiicit
1276 956 1324 999 in
1359 970 1494 1011 mare,
1527 971 1582 1000 ne
1607 956 1769 1000 debeat
1790 956 1980 999 recitare

106 1030 324 1085 officium,
357 1031 435 1073 sed
457 1030 617 1073 statim
644 1031 778 1084 dolet,
802 1044 891 1073 non
915 1034 1098 1073 tenetur
1121 1030 1327 1073 confiteri
1363 1031 1626 1074 omissiones
1660 1030 1801 1074 officii
1828 1030 1982 1073 diebus

106 1105 398 1160 sequentibus
431 1105 676 1160 praecepti.
727 1131 782 1134 ——
833 1104 918 1158 Qui
952 1105 1149 1160 porrigit
1183 1105 1317 1148 alteri
1351 1118 1590 1159 venenum,
1626 1106 1703 1148 sed
1736 1110 1980 1159 antequam

104 1179 184 1223 ille
216 1180 439 1223 moriatur
471 1182 700 1224 confessus
734 1185 804 1224 est
838 1186 1089 1235 peecatum,
1124 1184 1283 1235 postea
1307 1184 1453 1224 morte
1488 1184 1644 1224 secuta
1676 1194 1766 1223 non
1800 1185 1982 1223 tenetur

103 1254 271 1298 iterum
306 1254 512 1297 confiteri
556 1259 792 1309 peceatum
833 1254 1094 1306 homicidii;
1143 1255 1221 1298 sed
1269 1258 1424 1298 tamen
1475 1255 1688 1298 damnum
1739 1254 1980 1297 homicidio

105 1329 289 1372 illatum
322 1341 531 1383 reparare
567 1329 713 1373 debet.

257 1477 351 1530 37.
412 1477 804 1532 Condiciones
861 1477 1212 1543 requisitae,
1271 1479 1339 1530 ut
1399 1493 1576 1531 eausa
1632 1477 1774 1530 mali
1815 1477 1984 1530 licita

107 1568 209 1621 sit.
278 1567 397 1618 Etsi
438 1585 536 1636 per
577 1584 633 1617 se
674 1575 962 1617 teneamur
1004 1568 1253 1618 omittere
1297 1585 1519 1618 eausam
1567 1566 1695 1618 mali
1740 1567 1981 1631 effeetus,

107 1656 439 1727 quandoque
491 1664 680 1708 tamen
734 1655 863 1707 lieet
912 1674 1032 1707 eam
1075 1675 1295 1725 ponere,
1340 1658 1596 1726 quamvis
1639 1655 1767 1706 inde
1810 1654 1985 1706 malus

108 1747 337 1799 effeetus
392 1754 679 1797 secuturus
734 1745 1140 1814 praevideatur.
1224 1744 1594 1797 Condiciones
1636 1752 1837 1810 autem,
1882 1742 1982 1795 sub

107 1835 307 1906 quibus
348 1836 403 1886 id
444 1835 658 1886 licitum
701 1843 796 1897 est,
841 1836 1087 1886 eontinet
1126 1835 1232 1887 hoe
1274 1836 1644 1904 principium:

255 1926 480 1976 Licitani,
532 1935 607 1976 est
649 1944 852 1995 ponere
913 1945 1141 1991 causam,
1206 1944 1270 1976 ew
1331 1944 1433 1994 qua
1494 1927 1727 1994 sequitur
1787 1922 1984 1993 duptam

107 2014 330 2086 effectus,
375 2015 510 2066 alter
552 2014 714 2066 bonus
755 2024 804 2066 et
845 2015 981 2066 alter
1022 2015 1207 2081 malus,
1265 2017 1312 2066 si
1360 2016 1482 2084 ipsa
1524 2032 1686 2065 causa.
1726 2015 1794 2064 sit
1834 2014 1890 2064 in
1931 2030 1982 2061 se

106 2106 243 2157 bona
283 2105 363 2157 vel
402 2105 586 2156 saltem
626 2103 953 2174 indiffer6m7
1009 2106 1057 2155 st
1107 2105 1270 2155 bonus
1331 2102 1540 2173 effectus
1593 2101 1777 2153 saltem
1827 2120 1983 2170 (teque
2028 2150 2035 2176 ζ

105 2195 404 2246 immediate
460 2202 708 2263 sequatur
763 2213 822 2244 cte
876 2192 1062 2259 mala-3,
1122 2195 1168 2244 εἰ
1217 2193 1361 2245 adsit
1401 2193 1541 2243 ratio
1577 2193 1983 2262 proportionata
2030 2177 2040 2241 ἶ

104 2285 283 2352 gravis
336 2291 385 2334 et
426 2283 553 2351 finis
609 2284 811 2353 agentis
863 2284 932 2334 sit
984 2284 1242 2336 honestus.
1325 2282 1577 2346 Quatuor
1631 2300 1756 2350 ergo
1801 2279 1982 2332 eondi-

108 2375 292 2425 eiones
333 2373 704 2442 requiruntur⁷
760 2380 820 2423 ut
866 2371 1081 2423 licitum
1123 2373 1192 2423 sit
1234 2390 1456 2423 eausam
1503 2389 1721 2440 ponere,
1766 2388 1835 2420 ex
1877 2387 1983 2438 qua

106 2470 393 2515 secuturus
435 2463 783 2530 cognoscitur
825 2462 1050 2512 effeetus
1092 2460 1298 2512 malus:

257 2572 304 2606 α.
356 2552 422 2603 Ut
461 2569 637 2614 causa.
698 2571 828 2620 quae
879 2553 1119 2620 ponitur,
1174 2553 1243 2601 stt
1297 2550 1433 2601 bona
1474 2548 1552 2600 vel
1592 2549 1780 2600 saltem
1819 2546 1983 2612 indif-

108 2642 314 2704 ferens:
355 2642 400 2692 si
443 2642 590 2692 enim
634 2649 775 2692 esset
817 2640 977 2707 mala,
1022 2641 1131 2692 iam
1175 2641 1296 2709 ipsa
1337 2640 1535 2708 positio
1567 2656 1765 2690 causae
1810 2639 1866 2688 in
1909 2654 1980 2702 se,

107 2730 546 2800 independenter
586 2730 655 2781 ab
700 2732 850 2782 omni
893 2731 1108 2792 effeetU‚
1165 2728 1494 2798 imputanda
1546 2736 1687 2779 esset
1739 2727 1810 2778 ad
1862 2744 1982 2795 pee-

108 2827 290 2872 catum
335 2839 379 2870 e.
410 2838 458 2889 g.
491 2821 546 2870 in
574 2838 654 2886 eo,
698 2821 792 2890 qui
835 2837 890 2871 se
928 2818 1166 2871 inebriat
1196 2818 1526 2887 praevidens
1556 2817 1686 2868 inde
1715 2817 1979 2868 oriturum

107 2909 488 2961 homicidium.

256 2998 302 3042 Si
334 3002 489 3041 tamen
533 3011 668 3041 eausa
715 2999 837 3041 mala
884 3001 1002 3041 esset
1049 3011 1139 3041 non
1187 2996 1387 3052 praecise
1436 2995 1489 3038 ob
1539 2998 1800 3038 secuturum
1850 2993 1981 3035 illum

104 3076 334 3127 effectum,
364 3072 674 3127 imputaretur
706 3072 888 3116 malitia
921 3085 1096 3126 causae,
1129 3085 1218 3114 non
1252 3075 1406 3114 autem
1442 3069 1624 3113 malitia
1657 3070 1868 3120 effeetus3
1919 3067 1981 3110 sio

107 3148 164 3203 ei,
197 3147 274 3202 qui
307 3147 564 3190 valetudini
597 3160 705 3190 suae
736 3151 868 3190 nocet
901 3146 1172 3201 praevidens
1204 3147 1415 3188 futurum
1450 3156 1559 3197 esse,
1592 3147 1646 3185 ut
1668 3142 1871 3185 ieiunare
1892 3154 1981 3183 non

107 3221 267 3278 possit,
299 3235 389 3264 non
420 3221 681 3275 imputatur
714 3221 896 3264 omissio
928 3220 1105 3275 ieiunii,
1138 3219 1244 3274 quia
1275 3232 1366 3261 non
1398 3218 1499 3261 ideo
1533 3217 1848 3260 valetudinem
1882 3228 1977 3257 eon-

107 3309 286 3341 servare
318 3299 515 3349 tenetur,
547 3300 601 3338 ut
632 3295 836 3338 ieiunare
867 3295 1027 3350 possit.

260 3371 302 3424 b.
365 3370 430 3421 Ut
481 3368 689 3438 effectas
735 3370 897 3420 bonus
949 3368 1136 3420 saltem
1177 3386 1335 3437 aeque
1375 3365 1675 3417 immediate
1718 3382 1781 3414 6oe
1821 3381 1982 3413 causa

110 3469 356 3529 sequatur
397 3478 458 3510 ac
501 3457 684 3523 matu-5,
727 3467 780 3510 et
820 3476 930 3510 non
972 3457 1251 3509 mediante
1293 3457 1492 3507 effectu
1536 3452 1706 3504 malo:
1752 3453 1797 3503 si
1834 3452 1980 3502 enim
