2269 3898
311 164 397 207 132
1042 157 1115 200 ΙΙΙ.
1148 157 1215 200 De
1247 156 1439 211 legibus.

460 309 500 338 α.
534 295 645 338 Inde
680 292 885 347 sequitur
916 291 1025 346 legi,
1058 303 1172 345 quae
1205 289 1456 344 praecipiat
1488 303 1581 333 rem
1614 289 1919 342 inhonestam,
1953 287 2178 342 obtempe-

313 370 507 414 randum
541 382 629 411 non
663 379 784 419 esse;
820 365 868 408 in
907 365 1041 408 dubio
1074 368 1244 418 autem,
1275 377 1385 406 num
1418 364 1465 407 id
1499 364 1664 407 bonum
1689 363 1764 417 sit,
1798 363 1913 417 quod
1937 363 2038 416 lege
2059 375 2183 415 prae·

314 444 497 499 cipitur,
531 440 785 496 generatim
818 439 1196 494 praesumendum
1230 443 1299 481 est
1331 438 1447 480 illud
1480 451 1574 481 esse
1618 438 1858 481 honestum
1899 440 1945 480 et
1988 436 2183 479 licitum.

469 517 504 558 b.
538 516 759 558 Attamen
799 512 939 555 etiam
982 511 1183 555 actiones
1226 525 1280 554 ex
1322 525 1368 554 se
1401 511 1717 567 indifferentes
1747 516 1937 565 possunt
1969 524 2064 554 esse
2095 525 2181 553 ma-

315 590 432 634 teria
464 589 603 644 legis:
638 602 744 632 nam
778 587 917 629 etiam
951 586 1152 629 actiones
1183 585 1499 629 indifferentes
1532 590 1723 640 possunt
1770 599 1864 628 esse
1911 585 2024 628 bono
2073 598 2185 627 com·

316 664 562 708 munitatis
593 663 731 706 utiles
764 662 836 705 vel
868 660 1067 703 nocivae.
1131 659 1373 703 Eiusmodi
1405 659 1619 714 actiones,
1651 672 1701 702 eo
1725 659 1841 713 quod
1865 665 1972 701 sunt
1993 658 2190 701 materia

312 738 444 794 legis,
484 737 755 780 ordinantur
797 735 855 778 ad
898 735 1064 777 bonum
1115 733 1399 777 subditorum
1434 739 1480 776 et
1513 747 1590 788 pro
1625 733 1813 787 motivo,
1857 745 1911 775 ex
1944 745 2029 786 quo
2063 745 2184 786 prae-

315 812 548 868 cipiuntur
580 811 652 854 vel
686 809 997 865 prohibentur,
1031 809 1153 851 fiunt
1185 807 1409 851 obiectum
1443 807 1635 851 alicuius
1668 806 1872 861 virtutis,
1915 819 1951 849 e.
1987 819 2030 861 g.
2065 810 2189 849 certo

317 887 388 930 (lie
420 885 647 930 abstinere
681 898 707 927 a
740 883 948 926 carnibus
982 884 1039 925 fit
1072 882 1338 926 exercitium
1362 881 1746 936 mortificationis,
1780 885 1901 924 stare
1923 880 2046 924 inter
2062 893 2185 923 oran-

317 962 424 1005 dum
458 959 723 1004 exercitium
757 957 1008 1012 religionis.

463 1109 586 1162 115.
651 1107 922 1160 Iustum:
979 1105 1071 1156 lex
1124 1124 1194 1156 ex
1246 1105 1450 1174 triplici
1510 1107 1691 1174 capite
1748 1104 1952 1155 dicitur
2012 1104 2189 1154 iusta:

318 1219 364 1252 α,
422 1199 634 1248 ratione
671 1196 821 1264 flniS,
881 1213 943 1246 eo
998 1194 1145 1264 quod
1198 1193 1432 1245 refertur
1479 1194 1550 1245 ad
1602 1193 1810 1245 bonum
1866 1210 2190 1256 commune3

319 1288 362 1340 b.
418 1288 631 1338 ratione
686 1285 955 1348 materiae,
1010 1301 1071 1334 eo
1128 1282 1274 1352 quod
1328 1282 1563 1334 subditis
1619 1283 1983 1351 imponuntur
2023 1299 2192 1332 onera

319 1385 536 1429 servata
562 1375 914 1444 proportione
943 1372 1291 1442 aequalitatis
1332 1373 1474 1423 inter
1502 1389 1669 1423 onera
1697 1389 1997 1440 eorumque
2023 1369 2190 1421 facul-

318 1476 483 1531 tates3
540 1485 579 1516 c.
638 1465 985 1533 potissimum
1029 1481 1159 1514 vero
1215 1463 1430 1514 ratione
1472 1463 1719 1527 auctori&
1776 1479 1837 1512 eo
1883 1459 2030 1530 quod
2080 1477 2192 1511 non

320 1554 541 1606 excedit
568 1561 894 1622 potestatem
921 1551 1263 1621 legislatoris.
1322 1550 1534 1616 Quodsi
1573 1551 1911 1620 praecipitur
1939 1549 2012 1615 id,
2045 1548 2193 1618 quod

321 1643 504 1713 aliquo
560 1642 721 1693 modo
776 1643 1018 1693 iustitiae
1069 1651 1357 1711 repugnat,
1409 1639 1664 1691 subditus
1717 1658 1814 1708 per
1869 1658 1925 1691 se
1967 1639 2196 1690 obedire

321 1751 433 1784 non
480 1741 723 1797 tenetur3
778 1750 877 1801 per
929 1731 1188 1782 accidens
1245 1740 1428 1782 autem
1470 1729 1540 1781 ad
1583 1729 1640 1780 id.
1681 1729 1857 1780 teneri
1900 1736 2081 1797 potest
2121 1746 2192 1777 ex

320 1830 614 1892 praecepto
659 1822 903 1872 caritatis
944 1839 1074 1889 erga
1116 1839 1172 1872 se
1214 1822 1414 1889 ipsum,
1472 1838 1540 1870 ne
1594 1819 1804 1870 scilicet
1846 1837 1902 1869 se
1945 1817 2193 1886 periculo

323 1911 547 1962 maioris
590 1908 720 1961 mali
764 1920 1021 1979 exponat,
1067 1929 1110 1962 e.
1138 1929 1189 1979 g.
1221 1911 1265 1961 si
1306 1917 1547 1979 potestas
1587 1907 1812 1977 politica
1855 1917 2058 1958 statuat
2097 1907 2192 1957 im-

321 2001 643 2070 pedimenta
685 2001 1023 2051 matrimonii
1064 1999 1153 2050 vel
1194 1998 1403 2050 tributa
1444 1999 1649 2049 iniusta
1689 1999 1956 2066 imponat.

474 2120 618 2170 Num
660 2118 745 2169 lenc
786 2120 1014 2169 lmmana
1052 2118 1222 2186 possit
1258 2119 1567 2186 praecipere
1599 2125 1745 2167 actus
1774 2134 1907 2166 mere
1930 2116 2199 2166 internos:

477 2222 518 2250 a.
550 2208 694 2250 Actus
726 2220 851 2249 mere
884 2207 1058 2249 interni
1088 2211 1186 2249 tum
1221 2210 1352 2249 actus
1399 2205 1570 2249 interni
1620 2205 1848 2260 dicuntur,
1897 2204 1973 2260 qui
2020 2204 2195 2247 nullum

326 2286 480 2325 actum
514 2286 751 2325 externum
786 2280 1055 2324 adiunctum
1089 2279 1274 2335 habent,
1307 2285 1407 2323 tum
1440 2284 1570 2323 actus
1603 2280 1789 2335 interni,
1823 2294 1933 2334 quos
1965 2284 2095 2322 actus
2128 2292 2197 2322 ex-

327 2355 447 2399 terni
480 2368 560 2410 per
592 2355 799 2398 accidens
831 2354 1071 2397 adiunctos
1104 2354 1286 2397 habent.
1350 2355 1493 2397 Actus
1525 2354 1644 2397 enim
1678 2354 1813 2396 mixti
1853 2358 1960 2396 sunt
2003 2353 2201 2408 duplicis

329 2431 529 2486 generis:
563 2431 658 2486 alii,
690 2431 738 2474 in
773 2431 934 2484 quibus
966 2436 1096 2473 actus
1127 2430 1335 2474 internus
1368 2434 1449 2473 aut
1470 2443 1562 2486 per
1593 2443 1643 2473 se
1685 2433 1731 2473 et
1777 2434 1944 2472 natura
1990 2441 2072 2471 sua
2117 2432 2202 2470 aut

330 2509 449 2549 certe
481 2506 581 2560 lege
614 2505 775 2548 morali
806 2504 1057 2559 requiritur
1088 2505 1145 2548 ad
1178 2509 1330 2547 actum
1365 2508 1602 2547 externum
1635 2503 1724 2547 rite
1745 2503 2071 2558 perficiendum
2094 2515 2128 2545 e.
2154 2515 2200 2556 g.

332 2584 461 2623 actus
491 2579 729 2634 religionis
769 2580 817 2622 in
858 2580 1130 2634 iuramento,
1182 2579 1348 2622 doloris
1396 2579 1445 2622 in
1492 2578 1785 2632 confessione,
1831 2576 2106 2621 attentionis
2151 2576 2200 2619 in

333 2653 558 2706 oratione3
592 2653 688 2708 alii,
719 2653 768 2696 in
801 2653 964 2707 quibus
996 2658 1126 2696 actus
1147 2653 1357 2696 internus
1383 2654 1526 2695 solum
1542 2667 1633 2709 pet·
1658 2652 1867 2696 accidens
1889 2665 1988 2694 cum
2014 2655 2202 2694 externo

333 2728 641 2782 coniungitur,
675 2728 752 2782 qui
786 2727 926 2771 etiam
960 2728 1057 2770 sine
1089 2727 1168 2770 illo
1201 2728 1291 2770 rite
1323 2729 1455 2771 fieret
1485 2733 1540 2771 ut
1574 2727 1881 2771 determinata
1921 2724 2120 2768 intentio
2151 2724 2200 2767 in

331 2802 534 2845 oratione
566 2802 813 2845 recitanda.
878 2803 1021 2845 Actus
1052 2802 1222 2845 interni
1257 2815 1335 2857 per
1366 2802 1573 2845 accidens
1605 2816 1705 2845 cum
1739 2800 1940 2845 externis
1973 2797 2201 2842 coniuncti

331 2877 387 2919 ad
421 2882 549 2919 actus
582 2890 702 2919 mere
733 2876 937 2919 internos
969 2876 1193 2920 referendi
1227 2881 1347 2919 sunt.

483 2951 519 2992 h.
553 2951 696 2993 Actus
728 2950 912 3004 interni,
947 2950 1024 3005 qui
1056 2964 1147 2993 non
1181 2951 1325 2994 solum
1349 2964 1429 3006 per
1453 2950 1660 2993 accidens
1682 2950 1740 2993 ad
1764 2949 1933 2992 mixtos
1956 2946 2206 3002 pertinent,

334 3023 504 3080 duplici
539 3025 669 3067 modo
702 3024 901 3080 praecipi
934 3030 1139 3080 possunt,
1173 3025 1358 3077 dilecte,
1405 3024 1443 3067 si
1490 3025 1587 3079 ipse
1633 3027 1762 3068 actus
1808 3023 2016 3066 internus
2063 3021 2111 3064 in
2158 3034 2208 3063 se

336 3098 629 3154 praecipitur,
663 3106 709 3142 et
742 3099 977 3152 indirecte,
1024 3099 1063 3142 si
1111 3100 1232 3142 solus
1279 3104 1493 3142 externus
1540 3099 1589 3141 in
1622 3112 1668 3142 se
1701 3104 1747 3141 et
1777 3098 1987 3141 internus
2019 3099 2206 3150 propter

336 3187 461 3217 suam
497 3173 859 3217 coniunctionem
893 3187 993 3216 cum
1027 3177 1133 3216 actu
1166 3179 1354 3217 externo
1401 3173 1694 3228 praecipitur,
1742 3172 1818 3227 qui
1866 3184 1920 3214 ex
1967 3170 2060 3214 alia
2104 3170 2208 3223 lege

334 3248 423 3291 rite
454 3248 554 3292 fieri
589 3247 733 3291 debet.

487 3325 531 3376 1.
579 3321 803 3373 Certum
846 3331 926 3373 est
967 3322 1126 3390 legem
1165 3323 1447 3373 humanam
1503 3321 1692 3387 (etiam
1750 3318 1993 3384 civilem)
2047 3334 2205 3386 posse

337 3412 654 3480 praecipere
711 3419 857 3462 actus
910 3411 1119 3474 mixtos,
1173 3419 1328 3462 actus
1381 3409 1592 3462 scilicet
1638 3411 1899 3471 internos,
1943 3408 2037 3477 qui
2080 3424 2206 3457 cum

339 3501 580 3550 externis
621 3501 696 3551 ita
738 3508 865 3551 sunt
906 3500 1203 3566 coniuncti,
1263 3508 1321 3551 ut
1380 3500 1592 3550 externi
1647 3499 1765 3550 sine
1806 3496 1913 3548 illis
1953 3497 2055 3547 rite
2097 3514 2206 3546 non
