2269 3898
670 154 736 195 De
768 152 1018 195 virtutibus
1051 150 1368 194 cardinalibus.
1861 148 1946 189 279

90 301 235 342 neque
268 287 492 330 cruciatus
525 284 666 328 animi
700 284 785 327 etsi
819 283 1207 326 vehementissimi
1248 283 1305 325 ad
1352 295 1507 325 verum
1550 280 1818 335 martyrium
1863 282 1950 322 suf-

92 361 269 404 ficiunt.
315 359 460 413 Quare
482 358 622 402 etiam
646 357 685 399 b.
711 357 841 412 virgo
865 356 1009 399 Maria
1032 357 1175 398 solum
1198 369 1277 410 per
1300 355 1647 398 similitudinem
1672 358 1845 408 martyr
1867 356 1950 397 est.

240 450 288 500 2.
347 449 496 499 Mors
549 448 606 497 in
663 446 838 496 odium
886 445 1015 512 fidei
1068 443 1251 494 illata:
1309 445 1631 511 martyrium
1685 443 1831 492 enim
1874 447 1953 490 est

88 538 463 589 testimonium
507 534 724 586 Christo
766 541 938 585 morte
980 532 1209 583 tolerata
1252 533 1466 595 datum3
1523 531 1617 582 sed
1659 548 1801 580 mors
1842 547 1950 579 non

89 634 170 678 est
209 625 584 677 testimonium
629 622 845 675 Christo
890 622 1095 687 datum,
1140 622 1245 671 nisi
1289 622 1345 671 in
1399 620 1586 670 odium
1629 618 1832 671 Christi
1874 618 1950 666 in·

87 715 308 766 feratur.
351 713 482 764 Ideo
524 731 563 763 S.
600 712 952 781 Anyti-stimi&
992 718 1273 779 martyrem
1312 728 1416 759 non
1448 727 1624 777 poena
1663 707 1753 757 secl
1792 723 1953 756 caasa

87 804 286 870 faciel).

236 891 473 942 Nomine
529 896 714 940 autem
762 888 893 955 fidei
967 886 1291 954 intelligitur
1347 903 1458 936 non
1515 883 1688 935 solum
1750 883 1952 931 veritas

87 980 218 1031 fidei
260 978 552 1044 credenda,
597 977 691 1028 sed
734 977 901 1029 etiam
943 976 1172 1044 quaevis
1223 976 1400 1025 Virtus
1441 971 1766 1036 exercenda,
1828 987 1952 1038 qua-

86 1078 247 1120 tenus
288 1087 319 1119 a
358 1068 478 1119 Deo
519 1067 857 1136 praecipitur
899 1074 951 1115 et
992 1062 1426 1115 commendatur.
1478 1062 1596 1113 Etsi
1624 1060 1949 1128 requiratur,

88 1166 148 1208 ut
203 1175 347 1208 mors
403 1155 492 1206 vel
546 1163 818 1206 tormenta
879 1155 935 1204 in
992 1152 1180 1203 odium
1241 1151 1369 1202 fidei
1427 1151 1750 1214 inferantur,
1815 1148 1951 1198 ratio

88 1246 339 1313 martyrii
367 1252 552 1295 tamen
579 1262 690 1294 non
717 1242 926 1294 tollitur
952 1259 1031 1308 eo,
1060 1240 1206 1310 quod
1236 1249 1504 1308 tyrannus
1533 1239 1752 1290 titulum
1781 1237 1950 1288 alium

90 1334 278 1401 fingat,
323 1332 620 1383 dummodo
666 1351 830 1383 causa
873 1331 1001 1382 fidei
1044 1349 1172 1381 Vere
1214 1338 1519 1382 concurrat.

238 1435 279 1463 a.
312 1422 381 1464 Ex
413 1421 483 1463 his
516 1424 645 1475 patet
676 1434 765 1463 nou
799 1428 928 1475 posse
960 1433 1054 1463 esse
1086 1424 1348 1473 martyrem,
1382 1418 1457 1472 qui
1489 1431 1579 1460 non
1623 1415 1759 1458 habet
1801 1426 1953 1457 veram

88 1496 242 1550 fidem,
274 1508 418 1549 neque
451 1508 566 1547 eum,
602 1494 678 1548 qui
702 1495 895 1537 moritur
917 1508 996 1549 pro
1020 1493 1215 1537 veritate
1237 1491 1562 1547 philosophica,
1586 1503 1684 1533 cum
1710 1490 1763 1531 de
1780 1487 1955 1530 rat-ione

87 1568 298 1622 martyrii
332 1569 407 1622 sit,
441 1573 493 1610 ut
526 1568 625 1622 quis
659 1568 882 1611 moriatur
914 1581 992 1622 pro
1025 1580 1132 1610 vera
1163 1567 1254 1609 fide
1285 1567 1358 1608 vel
1390 1578 1468 1620 pro
1494 1564 1668 1606 virtute
1692 1561 1954 1605 christiana.

90 1643 236 1696 Quare
270 1643 307 1685 si
340 1643 601 1685 haereticus
633 1643 725 1685 sice
749 1643 972 1699 formalis
1003 1642 1095 1684 sire
1127 1640 1385 1683 materialis
1417 1641 1665 1682 moreretur
1696 1649 1774 1690 pro
1809 1636 1955 1678 defen-

87 1718 212 1760 sione
244 1716 428 1760 articuli
460 1716 569 1770 veri,
603 1730 734 1770 quem
769 1717 927 1769 credit,
960 1717 1031 1759 vel
1055 1729 1134 1770 pro
1157 1728 1264 1758 vera
1285 1714 1474 1768 virtute,
1506 1726 1595 1755 non
1618 1715 1735 1754 esset
1758 1712 1951 1762 martyr:

89 1805 247 1834 verum
282 1790 400 1833 enim
434 1790 705 1844 martyrium
740 1797 809 1833 est
851 1790 1164 1833 testimonium
1219 1793 1454 1832 externum
1502 1800 1633 1829 verae
1680 1784 1810 1835 fidei;
1859 1783 1955 1837 ipse

85 1878 191 1908 vero
225 1864 424 1908 exterius
457 1864 610 1919 potius
644 1864 958 1908 testimonium
991 1865 1082 1907 fert
1116 1866 1273 1906 contra
1304 1875 1456 1905 veram
1489 1861 1642 1904 fidem.

238 1939 274 1983 b.
308 1938 414 1982 Ideo
448 1938 649 1993 virgines
683 1939 736 1981 ob
785 1938 1047 1981 castitatem
1095 1937 1367 1980 interemtae
1414 1948 1517 1978 vere
1564 1937 1785 1986 martyres
1835 1936 1955 1985 sunt,

89 2003 208 2056 sicut
241 2026 274 2055 s.
308 2012 494 2055 Ioannes
527 2012 733 2067 baptista
765 2016 950 2067 propter
982 2011 1372 2066 reprehensionem
1407 2008 1622 2053 adulterii
1658 2007 1826 2050 occisus
1853 2018 1955 2049 vere
1993 2022 1997 2024 ·

86 2090 263 2140 martyr
297 2090 378 2129 est.

235 2162 284 2214 3.
328 2162 475 2212 Mors
509 2161 782 2230 patienter
824 2161 1013 2229 absque
1053 2160 1355 2210 resistentia
1385 2158 1642 2208 tolerata:
1682 2156 1775 2224 qui
1805 2155 1951 2205 enim

86 2257 318 2300 mortem
381 2250 635 2300 inferenti
692 2250 909 2316 resistit,
971 2267 1079 2300 non
1148 2255 1399 2299 censetur
1477 2246 1613 2296 mori
1680 2249 1737 2295 ut
1802 2244 1956 2293 testis

88 2336 311 2403 Christi,
372 2337 466 2388 sed
518 2346 578 2388 ut
632 2337 786 2388 miles
841 2337 910 2388 ab
967 2339 1121 2388 hoste
1170 2337 1365 2388 victus.
1458 2337 1689 2402 Insuper
1744 2339 1952 2399 martyr

85 2427 292 2477 imitari
335 2425 498 2476 debet
540 2424 837 2492 Christum,
881 2427 974 2494 qui
1016 2427 1268 2494 passione
1321 2433 1372 2474 et
1414 2434 1585 2474 morte
1638 2440 1735 2473 sua
1776 2421 1952 2471 factus

86 2522 168 2564 θεῖ
208 2514 491 2582 exemplar
530 2522 865 2583 martyrum,
908 2516 1059 2583 atqui
1104 2512 1352 2564 Christus
1394 2531 1586 2581 passus
1626 2518 1706 2561 est
1746 2509 1953 2578 absque

83 2603 409 2656 resistentia.

235 2690 342 2733 Ideo
375 2691 547 2734 milites
578 2691 627 2734 in
650 2692 774 2754 >bello
807 2692 915 2734 fidei
949 2692 1088 2735 etiam
1123 2704 1176 2734 ex
1209 2690 1453 2745 purissima
1474 2688 1729 2732 intentione
1751 2698 1952 2741 pugnan-

87 2768 157 2807 tes
191 2768 235 2807 et
268 2765 581 2809 occumbentes
613 2765 669 2808 ab
703 2766 889 2809 ecclesia
920 2779 1151 2820 nunquam
1186 2765 1333 2808 habiti
1367 2768 1473 2807 sunt
1506 2768 1558 2806 ut
1606 2766 1848 2815 martyres:
1900 2759 1952 2802 si-

86 2838 267 2892 quidem
302 2841 481 2894 marfffl'
512 2852 599 2881 non
631 2842 866 2894 repnfflmt.

236 2986 367 3040 255.
421 2986 637 3039 Debita
685 2987 1007 3054 dispositio
1064 2986 1135 3038 ad
1190 2985 1640 3055 consequendum
1694 2985 1947 3035 effectum

85 3076 339 3142 martyrii
383 3083 463 3125 est
501 3082 672 3126 status
728 3077 938 3143 gratiae
993 3075 1081 3127 vel
1135 3074 1326 3126 saltem
1371 3075 1574 3126 attritio
1618 3074 1680 3124 cle
1710 3073 1946 3142 peccatis

85 3182 388 3216 commissis

138 3312 141 3314 ,
236 3272 284 3307 a.
327 3252 392 3303 In
434 3270 513 3319 eo,
558 3254 651 3321 qui
693 3260 772 3304 est
811 3255 868 3304 in
910 3260 1052 3304 statu
1105 3253 1335 3321 peccati,
1393 3251 1463 3302 ad
1521 3252 1771 3301 effectum
1814 3266 1947 3298 mar-

85 3342 217 3407 tyrii
261 3341 709 3409 consequendum
751 3343 955 3410 requiri
983 3340 1225 3393 dolorem
1263 3340 1329 3391 de
1368 3340 1608 3409 peccatis
1645 3337 1948 3389 commissis

245 3487 276 3542 ¹)
312 3487 463 3531 Sermo
497 3489 535 3530 2.
569 3488 617 3531 in
650 3502 713 3542 ps.
749 3487 819 3530 34.
852 3502 894 3531 n.
932 3488 1000 3531 13.
