2269 3898
652 157 717 198 De
749 156 1091 211 impedimentis
1125 157 1418 201 matrimonii.
1928 162 1976 203 (ὃ

98 288 264 331 Verum
300 289 408 331 haec
441 289 790 332 communicatio
823 290 871 332 in
905 291 1042 333 sacris
1075 291 1175 345 lege
1208 292 1513 335 ecclesiastica
1547 293 1833 347 prohibetur;
1880 308 1976 337 con-

99 375 220 405 cessa
253 370 405 406 autem
442 363 779 418 dispensatione
810 363 997 406 ineundi
1022 365 1364 408 matrimonium
1391 366 1603 421 mixtum,
1635 380 1683 410 eo
1714 367 1813 422 ipso
1837 368 1975 411 etiam

99 437 207 480 haec
242 437 590 480 communicatio
623 437 671 480 in
705 437 842 479 sacris
876 439 1178 492 permittitur.

250 585 401 628 Nota.
467 585 582 638 Quia
616 585 909 628 matrimonia
953 586 1099 629 mixta
1150 599 1228 641 per
1272 600 1317 629 se
1360 594 1456 630 tum
1505 589 1597 643 legi
1648 589 1830 633 divinae
1878 598 1976 633 tum

98 659 191 714 legi
224 659 552 702 ecclesiasticae
585 660 888 703 adversantur
920 666 965 703 et
998 661 1185 704 ecclesia
1229 673 1280 704 ea
1326 675 1500 716 semper
1545 663 1822 716 detestatur:
1873 665 1980 719 quia

97 733 283 788 insuper
326 734 548 777 eiusmodi
592 734 885 777 matrimonia
933 735 1161 778 ordinarie
1202 735 1430 779 infelicem
1474 737 1649 780 exitum
1693 738 1976 782 sortiuntur:

99 809 320 863 parochus
354 822 530 852 omnem
566 823 717 852 curam
751 810 1000 865 adhibebit,
1034 817 1088 855 ut
1119 817 1295 866 partem
1327 812 1597 854 catholicam
1622 826 1648 855 a
1671 814 1978 857 contrahendo

99 883 320 926 eiusmodi
362 884 653 928 matrimonio
697 890 894 928 avertat,
958 886 1017 927 Et
1067 886 1278 940 quoniam
1331 891 1448 929 teste
1496 887 1778 941 experientia
1828 888 1979 942 sponsi

98 958 229 1001 initis
279 958 564 1013 sponsalibus
604 965 686 1002 aut
734 960 994 1014 praemissis
1037 961 1128 1003 iam
1175 960 1538 1003 diuturnioribus
1578 961 1980 1005 familiaritatibus

100 1033 176 1076 vix
212 1033 410 1088 amplius
445 1034 602 1077 divelli
636 1040 841 1089 possunt,
890 1040 1076 1078 conetur
1115 1035 1351 1090 impedire,
1390 1049 1445 1078 ne
1488 1036 1609 1078 inter
1650 1036 1895 1080 catholicos
1936 1042 1982 1080 et

101 1109 375 1151 acatholicos
419 1109 749 1152 contrahantur
796 1110 1156 1164 familiaritates,
1207 1123 1260 1153 ex
1301 1110 1463 1164 quibus
1508 1111 1802 1154 matrimonia
1835 1111 1984 1154 mixta

101 1182 276 1225 oritura
309 1182 416 1225 sint.
482 1182 650 1236 Quodsi
685 1184 832 1226 omnis
865 1193 1056 1227 conatus
1090 1184 1250 1227 irritus
1285 1184 1386 1238 erit,
1420 1184 1467 1227 id
1503 1184 1665 1227 saltem
1703 1185 1896 1240 curabit,
1929 1189 1983 1228 ut

100 1257 347 1311 requisitae
381 1258 614 1302 cautiones
647 1258 714 1301 ita
749 1259 1065 1313 exhibeantur,
1108 1264 1162 1302 ut
1195 1263 1319 1302 certa
1353 1272 1452 1314 spes
1486 1260 1671 1302 futurae
1704 1259 1984 1303 executionis

101 1331 386 1387 praebeatur,
435 1338 481 1375 et
529 1338 633 1387 post
684 1333 933 1376 celebratas
982 1333 1153 1376 mixtas
1197 1333 1385 1388 nuptias
1421 1333 1667 1388 diligenter
1699 1333 1984 1388 invigilabit,

101 1415 155 1449 ut-
188 1407 436 1461 promissae
471 1407 702 1451 cautiones
736 1408 884 1463 reipsa
918 1407 1227 1453 observentur.

756 1688 1052 1747 Articulus
1092 1690 1321 1746 tertius

426 1829 504 1866 De
536 1826 934 1876 impedimentis
968 1826 1347 1866 dirimentibus
1380 1828 1438 1867 in
1473 1828 1663 1877 specie.

262 1991 349 2044 75.
411 1989 746 2054 Quindecim
809 1989 1209 2058 impedimenta
1252 1990 1569 2041 dirimentia
1627 1989 1696 2041 ad
1753 1998 1989 2060 quatuor

107 2080 307 2132 classes
347 2081 597 2131 revocari
640 2090 894 2148 possunt:

260 2196 303 2246 1.
354 2192 779 2262 Impedimenta,
833 2210 973 2260 quae
1024 2192 1437 2242 matrimonium
1491 2192 1759 2243 dirimunt
1801 2191 1861 2242 ob
1905 2192 1985 2242 de-

107 2284 296 2347 fectum
354 2281 528 2334 validi
587 2301 900 2333 consensus:
965 2299 1128 2346 error,
1193 2281 1463 2344 condicio,
1528 2283 1630 2348 vis,
1687 2291 1877 2350 raptus
1935 2290 1987 2332 et

107 2382 285 2439 aetas3

260 2488 307 2539 2.
359 2485 783 2555 impedimenta,
836 2503 977 2554 quae
1027 2485 1439 2536 matrimonium
1485 2483 1755 2534 dirimunt
1797 2483 1856 2533 ob
1899 2483 1987 2533 de-

95 2577 300 2647 fectum
342 2577 628 2627 materiae:
671 2576 997 2644 impotentia
1040 2582 1091 2625 et
1131 2573 1388 2642 ligamen.
1445 2573 1679 2624 Materia
1713 2574 1856 2623 enim
1897 2580 1993 2623 aut

111 2665 234 2717 ideo
279 2665 481 2731 deficit,
527 2667 659 2735 quia
697 2664 849 2716 deest
890 2664 1167 2715 obiectum
1212 2671 1526 2715 contractus
1569 2661 1992 2714 matrimonialis

113 2757 501 2825 (impotentia),
553 2764 648 2806 aut
690 2757 818 2825 quia
861 2753 1137 2806 obiectum
1182 2762 1498 2806 contractus
1540 2754 1650 2803 iam
1692 2751 1847 2804 alteri
1888 2759 1986 2802 tra·

113 2846 290 2897 ditum
334 2854 415 2896 est
457 2844 760 2913 (liga-men).

263 2960 312 3011 3.
364 2957 790 3027 Impedimenta,
843 2976 982 3026 quae
1033 2957 1447 3008 matrimonium
1492 2954 1761 3006 dirimunt
1802 2952 1862 3003 ob
1905 2952 1991 3002 cle-

100 3049 305 3118 fectam
332 3048 553 3118 formae
596 3046 664 3098 ab
711 3045 942 3098 ecclesia
984 3047 1388 3115 praescriptae:
1434 3043 1867 3096 clandestinitas

263 3163 313 3214 4.
364 3159 788 3229 Impedimenta,
840 3177 981 3228 quae
1033 3159 1447 3210 matrimonium
1491 3157 1759 3208 dirimunt
1809 3153 1868 3204 ob
1911 3153 1992 3203 (Ze-

101 3251 306 3321 fectum
358 3248 658 3301 habilitatis
701 3267 1068 3318 personarum.
1162 3246 1496 3298 Inhabilitas
1550 3243 1989 3296 contrahentium

116 3360 184 3392 ex
228 3341 463 3392 diversis
504 3338 748 3390 fontibus
790 3340 919 3390 oriri
960 3346 1166 3407 potest:
1219 3357 1266 3390 a.
1312 3356 1382 3387 ex
1422 3335 1733 3387 reverentia
1777 3332 1990 3401 propin-

117 3432 239 3500 quis
297 3429 509 3481 debita:
568 3430 842 3497 cognatio,
898 3428 1158 3492 affinitas,
1215 3426 1472 3478 honestas
1525 3423 1777 3493 publica;
1835 3421 1878 3473 b.
1924 3438 1992 3470 ex

117 3520 487 3590 repugnantia
549 3537 674 3570 cum
735 3517 840 3569 alio
912 3526 1058 3570 statu
1116 3516 1289 3568 libere
1349 3514 1552 3566 electo:
1623 3512 1754 3563 ordo
1821 3528 1989 3573 sacer,
