2269 3898
198 116 255 159 88
731 109 792 152 Π.
827 111 893 153 De
926 109 1102 152 actibus
1135 108 1195 151 ad
1226 109 1364 151 finem
1398 108 1533 163 aptis,

344 247 385 291 2.
422 246 720 289 Seotistarnm
753 243 898 298 ratio,
935 256 1029 300 qua
1065 240 1364 287 sententiam
1402 240 1703 287 contrariam
1738 238 2073 287 affirmantem

200 320 540 375 communiunt,
577 323 653 363 est
683 318 827 363 haec:
878 322 932 362 ut
965 317 1104 362 homo
1140 320 1261 374 agat
1294 315 1645 361 convenienter
1678 320 1890 361 naturae
1924 315 2076 361 ratio-

199 396 315 451 nali,
362 406 563 439 necesse
598 406 692 437 non
727 405 848 447 esse,
890 396 945 436 ut
985 405 1179 449 semper
1213 395 1262 436 et
1296 390 1347 435 in
1381 390 1602 436 omnibus
1636 390 1814 435 tendat
1846 389 1895 434 in
1929 389 2075 435 finem

198 469 408 527 positive
432 467 714 523 honestum3
751 466 791 510 si
817 479 934 524 ergo
959 465 1090 511 actio
1126 465 1175 510 in
1201 465 1416 522 aliquam
1441 470 1652 510 naturae
1678 463 2075 509 commoditatem

199 543 456 589 ordinatur
488 540 569 586 vel
605 540 667 585 ad
691 539 1046 586 sublevandam
1081 544 1294 585 naturae
1320 538 1646 596 indigentiam
1671 542 1946 595 exercetur,
1982 551 2077 583 11011

200 617 296 663 erit
318 618 458 671 bona,
496 614 608 673 quia
641 628 735 660 non
768 614 932 660 tendit
964 614 1014 659 in
1047 613 1193 659 finem
1227 614 1499 671 honestum,
1534 626 1626 658 nec
1661 612 1758 658 erit
1783 613 1928 670 mala,
1964 612 2078 670 quia

198 691 310 736 hinc
345 690 539 747 quidem
574 703 667 735 non
702 694 778 735 est
821 693 1031 734 naturae
1075 688 1314 734 rationali
1361 687 1747 744 disconveniens,
1798 687 1911 733 inde
1957 700 2075 733 vero

196 778 367 830 nece-sg-
374 769 635 827 2991&AE
648 777 876 820 -..0111116111
894 761 1944 828 ‚31Qt1011.QJ1.1„„11,<}.-f'„‹},13311„i.11...fillffl.RQQSQEJ
1980 761 2078 808 erit

198 824 315 898 ωἶρζῑῖ)
348 839 649 885 indifferens.
1626 826 1629 828 ’
1808 826 1811 827 ’

346 943 498 987 Etiam
525 943 607 986 hoc
630 948 952 998 argumentum
978 943 1165 986 eandem
1185 942 1408 986 theoriam
1433 942 1667 998 supponit,
1690 942 1891 986 actiones
1913 954 2076 996 nempe

197 1019 394 1075 positive
417 1018 679 1073 dirigendas
702 1032 796 1061 esse
827 1018 875 1060 in
898 1019 1036 1061 finem
1070 1018 1326 1072 honestum,
1359 1022 1414 1060 ut
1447 1017 1588 1061 bonae
1621 1017 1737 1068 sint;
1773 1022 1981 1061 attamen
2013 1017 2075 1059 af-

196 1095 352 1137 firmat
385 1093 488 1136 illas
522 1093 736 1147 actioneS,
771 1106 884 1146 quae
916 1094 1038 1135 fiunt·
1071 1092 1124 1135 ob
1157 1093 1295 1135 finem
1328 1091 1685 1146 indifferentem,
1719 1091 1814 1135 sive
1848 1091 2073 1134 obiectum

200 1182 353 1212 earum
397 1177 465 1211 est
506 1168 670 1210 bonum
716 1168 810 1210 sive
851 1167 1133 1221 indifferens,
1182 1168 1259 1210 sed
1292 1171 1447 1210 tamen
1480 1166 1613 1209 iuxta
1646 1165 1977 1221 praescriptum
2011 1178 2076 1208 ra-

200 1242 339 1285 tionis
374 1242 650 1294 ordinatum,
683 1255 778 1285 esse
812 1241 1047 1284 moraliter
1078 1241 1408 1285 indifferentes.

348 1421 442 1474 75·
489 1437 723 1480 Notanda
760 1437 818 1480 (le
852 1436 945 1480 hac
983 1437 1300 1491 quaestione.
1338 1438 1376 1478 1.
1409 1437 1479 1479 Ex
1502 1435 1764 1492 praemissis
1783 1439 1915 1490 patet
1933 1438 2078 1478 totam

197 1512 550 1556 controversiam
603 1513 657 1555 de
689 1512 866 1555 actibus
900 1511 1278 1555 indifferentibus
1311 1525 1336 1554 a
1373 1511 1547 1554 duobus
1585 1510 1820 1553 doctrinae
1853 1508 2082 1564 capitibus

197 1587 410 1642 pendere:
462 1600 501 1629 a.
549 1600 657 1629 num
704 1586 1006 1630 demonstrari
1049 1586 1195 1641 possit
1244 1585 1468 1641 obligatio
1502 1599 1678 1640 semper
1711 1590 1757 1628 et
1789 1584 1838 1627 in
1873 1583 2081 1627 omnibus

197 1661 451 1704 actionibus
487 1661 748 1705 deliberatis
784 1661 1054 1704 intendendi
1078 1662 1215 1704 finem
1240 1660 1429 1704 bonum:
1467 1660 1635 1703 etenim
1662 1659 1699 1702 si
1722 1659 1832 1702 haec
1855 1658 2078 1714 obligatio

197 1735 372 1789 existit,
406 1735 607 1778 actiones
641 1736 694 1779 ob
729 1737 866 1779 finem
899 1735 1241 1779 indifferentem
1277 1734 1454 1790 positae
1478 1739 1664 1789 propter
1686 1734 1943 1789 neglectam
1963 1734 2079 1776 hanc

199 1809 525 1864 obligationem
565 1811 768 1853 evadunt
801 1811 960 1854 malae.
1027 1810 1064 1852 b.
1108 1809 1277 1863 Quodsi
1324 1810 1377 1852 de
1410 1810 1494 1852 hac
1539 1808 1821 1864 obligatione
1859 1822 1950 1851 non
1982 1822 2080 1852 con-

199 1888 307 1939 stat,
341 1884 535 1928 ulterius
569 1885 819 1939 quaeritur,
851 1890 1007 1928 utrum
1040 1885 1148 1928 illae
1181 1884 1397 1939 actiones,
1433 1897 1545 1939 quae
1571 1888 1839 1927 exercentur
1862 1882 1917 1925 ob
1939 1883 2079 1926 finem

197 1959 550 2014 indifferentem,
601 1960 677 2003 sed
719 1964 875 2003 tamen
920 1960 1053 2003 iuxta
1095 1959 1426 2015 praescriptum
1470 1957 1678 2013 rationis,
1729 1957 1944 2001 dicendae
1986 1956 2080 2000 sint

202 2033 342 2077 bonae
374 2048 432 2077 an
464 2033 792 2078 indifferentes.

348 2139 388 2184 2.
445 2138 676 2194 Quidquid
712 2140 904 2194 dicatur,
938 2144 1058 2183 certe
1100 2139 1277 2183 ferendi
1321 2153 1411 2182 non
1445 2142 1553 2182 sunt
1597 2137 1815 2192 theologi,
1862 2136 1938 2192 qui
1971 2136 2078 2180 hinc

200 2212 382 2267 quidem
417 2219 591 2268 negant
623 2219 752 2257 actus
785 2214 833 2256 in
858 2214 1098 2257 individuo
1132 2213 1464 2269 indifferentes,
1496 2213 1603 2257 inde
1632 2226 1737 2256 vero
1771 2213 1827 2255 ad
1862 2212 2078 2255 moralem

200 2287 452 2331 bonitatem
487 2293 616 2331 actus
639 2289 846 2332 absolute
870 2289 1078 2344 exigunt,
1111 2294 1163 2332 ut
1187 2289 1385 2344 positive
1407 2289 1680 2332 intendatur
1702 2287 1809 2330 finis
1835 2288 2075 2330 honestus:

200 2361 324 2417 rigor
358 2362 477 2405 enim
511 2363 647 2406 huius
682 2363 914 2407 doctrinae
945 2364 1138 2406 nimium
1163 2365 1434 2423 adversatur
1468 2363 1611 2406 menti
1635 2366 1682 2405 et
1704 2361 2079 2425 praxiafidelssijyn,

201 2436 363 2490 quibus
396 2450 660 2491 persuasum
694 2452 784 2481 non
817 2443 885 2482 est
926 2438 973 2481 in
1016 2439 1226 2482 omnibus
1260 2439 1442 2482 omnino
1476 2427 1734 2481 actionibus
1768 2436 2077 2491 quaerendum

200 2523 295 2554 esse
337 2512 474 2554 finem
518 2512 715 2567 positive
758 2514 1015 2568 honestum,
1062 2526 1119 2556 ne
1159 2513 1254 2556 sint
1297 2513 1457 2555 malae.
1523 2511 1740 2565 Quocirca
1786 2524 1932 2564 nemo,
1983 2510 2080 2553 sive

199 2585 325 2628 rudis
359 2592 426 2629 est
463 2587 557 2630 sive
591 2588 764 2642 doctus,
798 2587 893 2631 sive
925 2589 1056 2631 laxae
1089 2587 1185 2631 sive
1218 2587 1463 2630 timoratae
1505 2585 1822 2641 conscientiae,
1862 2586 2079 2628 moralem

203 2660 428 2704 defectum
453 2662 660 2716 agnoscit
683 2661 731 2705 in
755 2662 921 2706 omissa
943 2663 1027 2705 hac
1052 2662 1169 2705 bona
1190 2662 1461 2716 intentione,
1493 2661 1683 2715 ideoque
1715 2674 1846 2704 nemo
1878 2673 2079 2714 unquam

204 2735 257 2778 de
291 2748 339 2778 eo
374 2749 419 2778 se
452 2741 647 2779 accusat.
724 2737 784 2779 Et
817 2750 923 2780 sane
967 2736 1171 2792 intelligi
1213 2737 1389 2791 nequit,
1433 2749 1511 2779 cur
1543 2749 1566 2779 e
1614 2749 1658 2791 g.
1693 2735 1814 2778 mala
1851 2735 1913 2778 sit
1945 2735 2080 2788 actio,

205 2823 292 2863 qua
333 2810 432 2864 quis
479 2816 669 2854 conatur
713 2811 898 2866 abigere
941 2824 1121 2854 sensum
1161 2810 1350 2865 frigoris
1396 2812 1541 2854 solum
1585 2811 1643 2853 ad
1686 2810 1928 2854 levandam
1962 2810 2080 2853 hanc

203 2884 460 2927 molestiam
505 2884 672 2939 absque
715 2886 879 2929 altiore
922 2887 1033 2941 fine,;
1084 2898 1191 2940 ergo
1234 2886 1307 2928 ‘vel
1349 2885 1464 2929 bona
1507 2886 1579 2929 vel
1613 2886 1777 2928 saltem
1809 2884 2080 2928 indifferens

205 2959 313 3010 erit;
352 2960 566 3003 scotistae
599 2974 696 3004 eam
732 2961 891 3004 dicunt
923 2960 1280 3015 indifferentem,
1315 2961 1391 3004 sed
1417 2961 1551 3004 iuxta
1576 2960 1799 3003 theoriam
1823 2959 2078 3015 expositam

206 3033 393 3077 dicenda
427 3040 496 3078 est
529 3036 764 3078 moraliter
797 3035 925 3091 bona,
960 3035 997 3078 si
1031 3049 1172 3091 agens
1205 3048 1303 3079 eam
1337 3035 1513 3078 licitam
1549 3034 1726 3077 iudicat
1748 3037 1793 3077 et
1818 3048 1905 3088 qua
1937 3034 2079 3077 talem

203 3107 426 3164 implicite
458 3109 674 3153 intendit.

356 3286 449 3339 76.
473 3286 558 3340 De
583 3287 1039 3341 omissionibus.
1066 3287 1380 3352 Quaeritur,
1406 3305 1539 3338 num
1559 3288 1881 3339 omissiones
1899 3288 2081 3356 operis

207 3375 338 3427 boni
392 3384 620 3446 peccata
674 3378 797 3431 sint.
841 3410 911 3415 ——
955 3377 1194 3430 Omissio
1248 3378 1428 3446 operis
1470 3377 1600 3429 boni
1642 3377 1825 3429 locum
1874 3375 2080 3428 habere

206 3482 316 3516 non
376 3474 555 3535 potest
616 3468 732 3518 sine
795 3469 1174 3536 prosecutione
1235 3467 1469 3519 alicuius
1541 3467 1699 3532 boni3
1775 3467 1886 3519 iam
1946 3483 2078 3518 vero

647 3616 650 3617 ⁷
678 3582 696 3619 f
792 3624 796 3637 Ἴ,
950 3623 955 3626 ,
1142 3617 1148 3630 ,
1247 3567 1343 3630 ’,0
1379 3582 1382 3584 ·
1411 3572 1480 3638 ‹⁴ss5
1535 3560 1633 3622 „2:7²
1700 3555 1847 3631 f*

398 3622 401 3624 .
444 3613 448 3623 Ι

266 3644 286 3663 ἰ
323 3639 394 3669 52„
433 3662 437 3670 Ι
