2269 3898
691 118 757 160 De
789 116 1119 161 revalidatione
1152 117 1447 162 matrimonii.
1921 120 2007 162 181

135 258 371 302 novetur
413 268 598 302 coram
637 250 876 319 parocho
908 259 960 302 et
984 252 1230 315 testibus,
1276 251 1371 302 sed
1400 251 1618 318 sufficit,
1662 259 1721 303 ut
1748 253 2007 321 privatim

134 341 278 391 inter
342 339 482 391 solos
543 339 929 391 contrahentes
989 339 1100 393 fiat.
1195 339 1334 391 Cum
1393 342 1538 391 enim
1594 342 2008 393 matrimonium

131 431 189 479 in
245 428 388 479 facie
443 427 705 479 ecclesiae
764 427 1101 480 celebratum
1158 428 1340 495 fuerit,
1392 430 1502 480 iam
1552 429 1789 481 obtineri
1832 438 2009 499 potest

131 517 258 568 finis
300 517 370 568 ab
413 517 646 569 ecclesia
687 518 949 581 intentus,
1007 536 1133 569 cum
1184 517 1416 569 formam
1458 518 1818 570 tridentinam
1858 537 2007 588 prae-

130 605 424 672 scriberet3
470 624 638 676 quare
680 625 904 658 necesse
945 624 1054 658 non
1098 614 1193 672 est,
1237 614 1297 657 ut
1338 606 1516 658 denuo
1560 609 1617 658 in
1658 607 1799 659 facie
1840 606 2011 659 eccle-

131 697 244 747 siae
287 694 608 747 celebretur.

751 947 1046 1004 Articulus
1089 946 1386 1004 secundus

576 1069 670 1107 De
719 1069 1120 1108 sanatione
1167 1068 1243 1107 in
1291 1067 1563 1108 radice.

282 1200 414 1253 169.
458 1199 823 1254 Declaratio.
873 1203 916 1253 1.
961 1199 1188 1252 Sanatio
1231 1202 1288 1252 in
1331 1200 1519 1252 radice
1562 1208 1640 1252 est
1680 1199 1773 1251 illa
1813 1199 2005 1251 revali-

127 1289 370 1342 dationis
424 1290 651 1359 species,
711 1308 819 1359 qua
873 1291 1288 1341 matrimonium
1347 1289 1634 1359 hucusque
1694 1288 2005 1341 invalidum

124 1380 244 1429 sine
286 1396 430 1430 novo
475 1396 747 1430 consensu
789 1378 1042 1431 redditur
1077 1378 1328 1430 validum
1358 1387 1411 1430 et
1436 1378 1598 1430 simul
1628 1396 1817 1430 omnes
1847 1377 2004 1429 nulli-

124 1469 252 1519 tatis
309 1469 427 1519 eius
481 1468 708 1520 effectus
768 1468 1110 1533 auferuntur,
1173 1487 1238 1519 ac
1299 1469 1343 1520 si
1406 1468 1474 1520 ab
1538 1469 1694 1520 initio
1755 1466 2002 1519 validum

124 1557 332 1624 fuisset,
385 1575 447 1608 eo
504 1558 650 1627 quod
700 1565 1017 1609 removetur
1068 1558 1546 1628 impedimentum,
1591 1557 1737 1628 quod
1780 1575 2004 1608 consen-

122 1665 246 1698 sum
288 1647 446 1698 initio
490 1648 816 1715 praestitum
859 1648 1171 1699 vitiaverat.

275 1766 315 1793 α.
366 1751 569 1794 Primum
619 1752 876 1806 exemplum
926 1751 1209 1794 matrimonii
1258 1751 1305 1794 in
1353 1750 1504 1794 radice
1553 1750 1702 1793 sanati
1751 1748 1833 1793 sub
1867 1750 2004 1792 Boni-

114 1825 246 1881 facio
283 1825 408 1868 VIII.
440 1825 484 1880 (†
519 1825 651 1880 1303)
683 1825 899 1875 occurrit;
934 1831 1093 1880 postea
1125 1824 1410 1880 frequentius
1443 1824 1736 1868 matrimonia
1756 1823 1889 1867 irrita
1922 1824 2004 1866 hac

122 1899 199 1943 via
230 1899 560 1954 revalidantur,
594 1900 861 1954 praesertim
894 1899 971 1943 ubi
1007 1901 1155 1943 multa
1183 1899 1319 1942 simul
1353 1898 1648 1943 matrimonia
1669 1898 1874 1941 invalida
1908 1911 2003 1941 con-

122 1974 371 2018 validanda
404 1979 524 2017 sunt.

274 2051 312 2098 13.
336 2050 546 2093 Potestas
580 2048 922 2092 matrimonium
957 2049 1004 2092 in
1037 2048 1188 2092 radice
1221 2048 1414 2091 sanandi
1448 2047 1531 2091 soli
1558 2046 1777 2102 competit
1810 2060 1995 2089 romano

122 2123 346 2179 pontifici,
379 2128 587 2167 attamen
619 2137 739 2166 nunc
772 2123 990 2178 temporis
1023 2123 1162 2166 etiam
1198 2122 1435 2178 episcopis,
1480 2121 1748 2178 praesertim
1781 2120 1827 2163 in
1862 2120 2001 2175 regio-

123 2198 258 2241 nibus
299 2198 583 2253 missionum,
627 2197 812 2253 speciali
855 2198 1035 2241 indulto
1076 2198 1338 2241 conceditur
1377 2198 1487 2241 haec
1527 2200 1746 2252 potestaS,
1794 2195 2000 2249 „quando

121 2273 400 2328 comperit-ur
432 2272 635 2316 adfuisse
671 2272 1049 2327 impedimentum
1087 2272 1319 2326 dirimens,
1352 2284 1488 2325 super
1520 2284 1606 2325 quo
1640 2283 1693 2313 ex
1726 2269 2000 2324 apostolicae

121 2347 241 2391 sedis
285 2347 466 2390 indulto
512 2347 773 2402 dispensare
817 2346 905 2402 ipsi
940 2347 1132 2402 possint,
1177 2358 1485 2402 magnumque
1525 2347 1620 2389 fore
1666 2344 1998 2387 incommodum

118 2422 378 2477 requirendi
411 2436 438 2465 a
470 2427 601 2477 parte
633 2421 820 2465 innoxia
850 2421 1190 2465 renovationem
1227 2421 1511 2465 consensus“.

271 2526 312 2554 a.
340 2510 546 2558 sanatio
581 2510 885 2557 matrimonii
917 2510 968 2556 in
1000 2510 1171 2557 radice
1207 2511 1280 2557 ita
1313 2508 1644 2568 intelligenda
1679 2514 1766 2555 est.
1832 2508 2001 2554 Radix

120 2585 425 2632 matrimonii
474 2585 699 2631 sananda
750 2591 827 2631 est
877 2599 1154 2631 consensus.
1218 2584 1328 2631 Iam
1376 2597 1495 2631 vero
1543 2588 1748 2643 propter
1796 2583 2000 2641 impedi-

120 2666 335 2707 mentum
382 2660 632 2718 dirimens,
682 2660 808 2718 quod
851 2661 1086 2706 obstabat
1130 2660 1191 2705 ab
1236 2659 1394 2716 initio,
1445 2657 1999 2705 consensusinvalidus

119 2741 246 2792 erat,
281 2735 363 2793 qui
398 2748 662 2780 consensus
698 2735 948 2783 invalidus
983 2734 1144 2781 adhuc
1165 2734 1420 2793 perdurat.
1453 2732 1561 2779 Iam
1597 2746 1809 2778 summus
1843 2732 1999 2791 ponti-

119 2809 204 2856 fex
235 2823 326 2869 per
360 2809 777 2869 dispensationem
825 2808 993 2855 aufert
1025 2810 1187 2867 legem
1233 2821 1517 2855 consensum
1560 2807 1860 2865 irritantem,
1905 2820 1998 2865 qua

120 2885 321 2930 sublata
371 2898 658 2930 consensum
707 2884 851 2930 initio
890 2883 1175 2931 >invalidum
1224 2887 1371 2929 sanat
1420 2888 1471 2928 et
1519 2887 1685 2941 aptum
1725 2881 1893 2927 reddit
1937 2881 1999 2926 ad

121 2957 438 3005 efficiendum
492 2958 714 3005 validum
776 2958 1155 3005 matrimonium.
1219 2957 1542 3016 Dispensatio
1596 2956 1853 3002 ordinaria
1904 2969 1998 3001 non

119 3040 354 3082 versatur
390 3034 525 3080 circa
559 3047 862 3090 consensum,
897 3033 985 3079 sed
1009 3033 1161 3079 solum
1188 3030 1356 3078 aufert
1378 3032 1540 3090 legem
1570 3031 1869 3087 irritantem,
1904 3042 1996 3087 qua

119 3109 319 3155 sublata
351 3108 593 3166 putativis
629 3108 914 3166 coniugibus
951 3108 1099 3153 datur
1138 3111 1360 3166 potestas
1395 3105 1627 3152 eliciendi
1660 3118 1835 3152 novum
1870 3117 1997 3150 eum-

120 3196 212 3241 que
255 3182 475 3229 validum
523 3195 836 3239 consensum3
887 3182 1193 3240 dispensatio
1239 3185 1402 3227 autem
1450 3180 1500 3226 in
1548 3180 1720 3226 radice
1764 3182 1999 3224 versatur

121 3257 256 3303 circa
291 3269 577 3302 consensum
622 3257 682 3302 ab
717 3256 860 3302 initio
894 3256 1182 3313 invalidum,
1225 3269 1364 3314 quem
1400 3255 1573 3300 ablata
1618 3253 1728 3311 lege
1762 3252 1996 3298 irritante

119 3329 248 3377 facit
295 3330 530 3377 validum.
594 3330 806 3389 Insuper
851 3344 942 3388 per
990 3330 1196 3376 elindem
1247 3333 1412 3375 actum
1461 3327 1734 3375 sanationis
1784 3340 2001 3372 summus

119 3404 345 3463 pontifex
366 3405 489 3462 vult,
511 3411 566 3451 ut
589 3405 955 3451 matrimonium
974 3405 1132 3464 quoad
1152 3404 1358 3451 effectus
1377 3403 1612 3450 iuridicos
1638 3402 1711 3448 ita
1733 3402 1995 3457 habeatur,

120 3492 179 3526 ac
213 3479 255 3525 si
290 3481 350 3525 ab
386 3478 530 3526 initio
563 3480 782 3526 validum
816 3477 1010 3526 fuisset.
