2269 3898
915 105 1164 149 Formulae.
1883 108 1970 150 211

105 237 161 290 V.
216 237 463 289 Formnlcc
501 256 601 307 pro
633 238 870 306 petenda
917 239 1310 307 dispensatione
1356 241 1413 290 in
1455 241 1642 291 ordine
1685 241 1756 291 acl
1796 244 1968 291 matri-

88 327 321 376 monium
370 327 797 388 contrahendum,
854 327 1064 394 qnando
1117 327 1313 378 adsunt
1360 348 1518 379 mlum
1559 327 1641 378 ‘cel
1670 329 1842 398 plura
1884 330 1969 378 im-

90 414 416 483 pedimenta,
472 424 671 466 natura
723 435 818 466 sua
857 414 1098 484 publica,
1149 418 1644 485 consccnyninitatis,
1689 417 1973 487 affinitatis

90 521 157 553 eae
182 504 373 572 copula
399 503 563 566 licita,
599 504 929 571 cognationis
960 504 1266 572 spiritualis
1292 504 1372 555 vel
1387 505 1638 574 publicae
1665 507 1967 558 honestatis.

450 677 796 723 Illustrissime
835 690 892 722 ac
925 676 1364 723 Reverendissime
1398 677 1627 726 Domine.

243 811 430 857 Paulus
463 811 513 856 A
547 847 556 856 .
594 847 601 855 .
640 847 646 854 .
689 810 955 869 parochiae
1002 825 1036 856 s
1078 811 1281 857 Alberti
1328 819 1374 857 et
1417 812 1578 858 Maria
1610 815 1661 858 A
1695 849 1703 858 .
1743 851 1750 857 .
1789 851 1796 857 .
1830 828 1971 872 paro-

89 886 270 933 chiana
314 899 423 932 mea
465 885 827 930 matrimonium
870 885 995 930 inire
1040 885 1254 943 cupiunt.
1320 884 1501 932 Obstat
1534 901 1651 933 vero
1687 889 1736 932 10
1770 887 1971 946 impedi-

91 968 320 1017 mentum,
367 966 415 1006 et
452 960 643 1018 quidem
680 960 860 1018 duplex
905 960 1353 1018 consanguinitatis
1396 962 1562 1018 quarti
1595 962 1776 1019 gradus
1810 962 1974 1008 lineae

98 1035 406 1081 collateralis
441 1034 582 1079 mixti
615 1048 719 1079 cum
755 1034 968 1079 secundo
1020 1034 1163 1079 simul
1197 1040 1245 1079 et
1279 1035 1430 1080 tertio
1466 1049 1525 1080 ex
1560 1049 1613 1080 eo
1648 1036 1774 1092 quod
1808 1041 1976 1082 orator

90 1110 245 1155 semel
290 1109 482 1166 quidem
528 1114 699 1166 quarto
744 1108 919 1165 gradu,
966 1108 1156 1154 oratrix
1204 1122 1322 1154 vero
1366 1109 1441 1154 bis
1486 1116 1587 1154 tam
1632 1110 1783 1156 tertio
1833 1124 1974 1168 quam

92 1183 304 1230 secundo
353 1183 512 1240 gradu
559 1182 714 1228 distet
762 1197 790 1228 a
836 1183 1077 1228 communi
1122 1183 1290 1241 stipite
1343 1183 1416 1228 uti
1459 1197 1518 1229 ex
1566 1182 1773 1230 inferius
1819 1185 1976 1230 allato

92 1259 347 1305 schemate
384 1262 602 1313 constat3
647 1258 699 1302 20
731 1256 1138 1314 impedimentum
1189 1257 1336 1302 etiam
1384 1257 1563 1316 duplex
1607 1257 1872 1304 affinitatis
1918 1273 1977 1305 ex

93 1332 269 1391 copula
302 1332 445 1378 licita
478 1331 818 1390 provenientis
866 1331 1033 1388 quarti
1066 1331 1248 1388 gradus
1290 1332 1454 1376 lineae
1491 1332 1801 1378 collateralis
1836 1333 1977 1379 mixti

93 1422 201 1453 cum
237 1406 450 1452 seeundo
500 1406 643 1452 simul
692 1411 742 1451 et
787 1406 958 1461 tertio,
1008 1420 1067 1451 ex
1103 1420 1157 1451 eo
1207 1420 1378 1464 nempe
1431 1406 1557 1464 quod
1607 1412 1775 1452 orator
1808 1408 1976 1452 matri-

93 1481 305 1528 monium
353 1481 466 1526 olim
504 1481 751 1526 contraxit
800 1487 849 1526 et
896 1480 1252 1525 consummavit
1287 1494 1393 1525 cum
1425 1479 1617 1526 Ioanna
1649 1481 1697 1526 D
1735 1519 1743 1527 .
1777 1516 1786 1526 .
1825 1518 1832 1526 .
1870 1495 1976 1527 con-

92 1556 372 1614 sanguinea
406 1556 455 1601 in
491 1560 664 1613 quarto
698 1555 858 1612 gradu
893 1555 1044 1600 mixto
1080 1569 1185 1600 cum
1220 1555 1430 1600 secundo
1468 1563 1516 1600 et
1549 1556 1698 1600 tertio
1729 1555 1960 1600 oratricis

94 1645 240 1690 quam
275 1644 400 1677 nunc
437 1630 615 1676 ducere
650 1630 880 1683 intendit,
924 1630 997 1674 uti
1033 1644 1090 1675 ex
1124 1629 1375 1674 schemate
1421 1628 1628 1674 inferius
1676 1630 1832 1674 allato
1867 1643 1975 1675 con-

92 1711 220 1762 stat3
254 1706 306 1750 3⁰
329 1705 729 1762 impedimentum
751 1704 982 1763 publicae
1018 1703 1294 1749 honestatis
1320 1711 1478 1749 ortum
1514 1717 1572 1749 ex
1607 1717 1675 1759 eo,
1712 1704 1838 1761 quod
1873 1717 1979 1749 ora-

94 1780 196 1826 trix
230 1779 344 1825 olim
369 1779 539 1824 valida
575 1779 883 1824 contraxerit
908 1778 1160 1837 sponsalia
1194 1778 1356 1832 (hodie
1393 1777 1650 1833 dissoluta)
1686 1792 1791 1824 cum
1814 1778 1976 1824 fratre

95 1853 337 1910 oratoris3
386 1854 437 1898 40
479 1852 782 1910 cognationis
833 1851 1111 1910 spiritualis
1157 1866 1216 1897 ex
1260 1865 1336 1907 eo.
1388 1852 1512 1910 quod
1557 1852 1749 1898 oratrix
1791 1853 1978 1911 prolem

96 1928 312 1974 oratoris
364 1942 423 1974 ex
470 1927 795 1985 praecedenti
844 1926 1156 1972 matrimonio
1210 1926 1429 1983 genitam
1478 1926 1528 1971 in
1578 1926 1822 1984 baptismo
1879 1941 1980 1972 sus-

98 2001 303 2060 ceperit.

250 2076 418 2134 Quare
438 2075 818 2122 Illustrissimae
837 2075 1181 2121 Dominationi
1202 2076 1415 2122 Vestrae
1436 2075 1733 2134 supplicant,
1758 2082 1814 2121 ut
1834 2089 1982 2133 super

96 2151 233 2197 hisce
284 2151 649 2209 impedimentis
698 2151 910 2208 benigne
963 2151 1250 2208 dispensare
1303 2150 1535 2207 dignetur
1584 2151 1695 2203 (κείς
1739 2158 1793 2195 ut-
1836 2148 1980 2196 Sedis

99 2226 422 2284 Apostolicae
455 2225 870 2284 dispensationem
903 2239 1172 2283 procurare
1209 2225 1472 2282 digneturu

249 2299 430 2346 Testor
481 2300 684 2358 insuper
737 2307 961 2346 oratores
1028 2314 1134 2346 esse
1194 2300 1341 2357 plane
1396 2312 1640 2358 pauperes
1706 2304 1754 2344 et
1808 2300 1979 2345 labore

99 2389 327 2421 manuum
391 2388 588 2420 suarum
641 2375 825 2420 victum
880 2375 974 2421 sibi
1031 2387 1334 2432 comparare,
1389 2374 1516 2419 unde
1572 2374 1759 2419 nullam
1812 2380 1980 2420 tax-am

97 2450 292 2495 solvere
318 2451 514 2506 valent;
548 2464 634 2508 pro
660 2449 889 2508 expensis
908 2455 1079 2494 tamen
1099 2448 1226 2507 apud
1247 2462 1320 2494 me
1342 2448 1673 2506 deposuerunt
1691 2448 1748 2493 10
1765 2446 1979 2495 francos.

97 2523 237 2578 (Vels
270 2523 451 2570 Testor
498 2530 721 2570 oratores
774 2525 938 2569 ambos
991 2522 1260 2569 catholicos
1309 2523 1428 2568 talis
1480 2536 1584 2568 esse
1634 2520 1880 2575 fortunae,
1928 2527 1983 2566 ut

98 2599 244 2644 simul
278 2603 387 2645 octo
434 2598 594 2645 millia
642 2597 924 2644 francorum
977 2597 1181 2644 circiter
1223 2597 1271 2642 in
1306 2611 1373 2644 re.
1426 2611 1483 2643 ae
1517 2597 1688 2643 decem
1739 2596 1896 2642 millia
1932 2597 1983 2641 in

99 2688 186 2732 spe
219 2672 545 2732 possideant).

111 2911 198 2963 VI.
241 2910 496 2962 Fovrmula
530 2929 632 2980 pro
666 2910 902 2980 petenda
945 2910 1345 2979 dispensatione
1385 2910 1443 2960 in
1486 2909 1672 2960 ordine
1702 2908 1774 2958 ad
1804 2910 1979 2959 matri-

101 3002 332 3052 monium
372 2999 796 3061 contrahendum,
839 2999 1051 3068 quando
1095 2999 1245 3050 adest
1283 2999 1705 3068 impedimentum
1752 2998 1981 3067 dispari-

527 3090 653 3140 tatis
694 3089 862 3140 cultus
901 3088 983 3139 vel
1024 3090 1222 3139 vmioetcce
1262 3088 1552 3157 religionis.

459 3251 808 3297 Illustrissime
844 3264 902 3297 ae
934 3250 1372 3297 Reverendissime
1406 3249 1631 3306 Domine,

253 3385 440 3432 Paulus
474 3385 537 3430 A.
571 3383 662 3440 (cel
692 3384 854 3429 Maria
888 3384 947 3430 B.
980 3385 1142 3440 prouti
1182 3397 1375 3440 sponsus
1419 3384 1487 3427 cel
1515 3384 1673 3439 potins
1716 3396 1880 3438 sponsa
1915 3385 1986 3425 est

95 3475 220 3517 pars
265 3460 499 3504 catholiea.
543 3473 657 3515 quae
699 3460 795 3502 sola
841 3460 1090 3515 impetrare
1132 3459 1249 3502 calet
1289 3458 1667 3514 dispensationem
1710 3453 1984 3511 Ecclesiae),

1714 3531 1795 3574 14*
