2269 3898
285 69 343 112 46
818 68 877 110 H.
913 68 981 110 De
1012 66 1190 109 actibus
1223 66 1281 108 ad
1315 67 1465 110 finem,
1485 65 1622 121 aptis.

288 221 357 253 ex
399 220 566 253 causa
607 201 926 253 immediate
968 201 1214 270 sequitur
1255 201 1482 251 effectus
1523 200 1700 251 malus
1741 208 1794 250 et
1833 218 1901 251 ex
1941 199 2047 250 hoe
2074 200 2162 251 de-

288 309 435 341 mum
494 289 686 355 bonus,
746 291 899 341 fieret
954 289 1175 355 malum,
1233 297 1290 340 ut
1331 298 1592 358 sequatur
1633 288 1857 355 bonum,
1914 289 1970 340 id
2013 289 2163 359 quod

225 399 229 402 ⁴
289 397 571 448 nunquam
613 379 767 429 licet:
828 380 1029 429 etenim
1087 397 1192 429 ozon
1250 387 1371 429 sunt
1406 378 1673 447 facienda
1727 379 1889 442 mala,
1941 387 1999 429 ut
2051 397 2160 430 eve·-

287 469 441 518 niant
483 467 686 535 bonas).

436 578 553 621 Hinc
577 579 783 634 graviter
816 584 972 634 peccat
996 581 1147 635 puella
1171 595 1224 625 ex
1249 581 1414 624 delicto
1449 580 1656 635 gravida,
1691 593 1804 634 quae
1833 578 2044 622 abortum
2067 592 2163 634 pro—

288 656 417 694 curat-
441 652 498 694 ad
521 652 761 696 vitandam
794 652 1033 695 infamiam
1053 672 1059 695 ;
1095 653 1283 696 adhibet
1316 653 1437 696 enim
1462 653 1662 696 medium
1685 653 1857 695 malum
1880 653 1938 695 ad
1962 651 2163 694 obtinen-

289 727 394 768 dum
428 727 566 769 finem
601 726 781 769 bonum.
844 727 1046 770 Medicus
1089 728 1215 771 licite
1259 727 1445 782 praebet
1491 726 1764 771 medicinam
1809 727 1867 770 ad
1911 727 2163 770 sanandam

289 801 524 844 mulierem
560 801 815 856 gravidam,
865 802 952 845 etsi
986 802 1252 857 praevideat
1301 804 1412 856 fore,
1459 810 1514 845 ut
1561 801 1748 844 abortus
1796 805 2036 856 sequatur3
2086 800 2164 843 sed

286 875 449 918 illicite
481 876 596 930 agit,
631 877 669 919 si
701 877 951 920 remedium
988 877 1157 920 directe
1190 883 1236 920 et
1268 877 1536 920 immediate
1568 876 1722 920 tendit
1753 876 1812 919 ad
1845 876 2162 931 expellendum

286 951 460 993 foetum
496 958 541 993 et
574 950 709 994 huius
744 952 924 1000 demum
959 952 1164 1007 expulsio
1198 952 1256 995 ad
1290 953 1543 995 sanandum
1578 951 1796 994 morbum.

437 1069 475 1099 c,
540 1048 605 1099 Ut
657 1047 866 1118 effectus
919 1048 1106 1116 malus7
1164 1051 1258 1118 qui
1306 1050 1665 1118 praevidetur
1706 1056 2009 1114 secuturus,
2052 1066 2163 1099 non

288 1137 606 1187 intendatur
647 1156 824 1206 neque
873 1137 1224 1206 approbetur,
1281 1138 1376 1189 sed
1429 1158 1562 1190 mere
1606 1140 1984 1208 permittatur:
2034 1156 2164 1189 nam

289 1227 452 1276 etiam
507 1227 649 1276 actio
706 1228 761 1276 in
820 1244 874 1276 se
928 1226 1158 1277 honesta
1213 1226 1275 1277 fit
1329 1226 1490 1292 mala,
1545 1229 1588 1278 si
1630 1245 1801 1295 agens
1842 1229 1900 1279 in
1943 1247 2006 1280 ea
2047 1246 2164 1297 per-

289 1314 525 1366 ficienda
567 1333 797 1384 pravum
844 1316 1007 1367 finem
1051 1316 1317 1368 intendat.

437 1427 536 1468 Duo
571 1440 677 1481 erga
712 1441 765 1470 ex
798 1428 881 1470 hac
914 1433 1045 1482 parte
1078 1427 1335 1483 praecaveri
1371 1427 1549 1483 debent,
1583 1428 1762 1482 quando
1796 1428 1984 1484 ponitur
2016 1442 2165 1483 causa,

289 1515 342 1544 ex
376 1515 464 1556 qua
514 1512 750 1546 secuturus
798 1503 1092 1557 praevidetur
1141 1504 1288 1546 malus
1337 1506 1547 1546 effectus:
1594 1503 1823 1558 imprimis
1871 1516 1927 1546 116
1975 1506 2166 1546 effectus

290 1576 574 1631 intendatur,
624 1579 802 1632 quando
852 1578 1038 1632 ponitur
1087 1592 1235 1632 causa,
1284 1582 1330 1634 et
1379 1578 1541 1621 deinde
1582 1591 1639 1621 ne
1681 1577 1959 1633 approbetur
2000 1591 2078 1620 seu
2109 1590 2166 1620 ne

289 1653 482 1706 placeat,
528 1653 706 1706 quando
749 1653 899 1707 reipsa
943 1652 1171 1707 sequitur3
1216 1667 1250 1696 e.
1286 1666 1328 1708 g.
1365 1653 1403 1695 si
1438 1652 1537 1707 quis
1570 1653 1668 1696 iure
1702 1666 1781 1696 suo
1815 1659 1950 1696 utens
1982 1654 2163 1696 foveam

286 1726 420 1781 fodit,
469 1727 517 1769 in
562 1740 695 1780 quain
738 1727 977 1782 praevidet
1009 1728 1245 1782 lapsurum
1281 1728 1539 1782 proximum
1574 1741 1722 1782 suum,
1771 1731 1942 1782 peccat,
1992 1731 2092 1770 tum
2127 1727 2164 1770 si

291 1802 460 1844 malum
495 1802 691 1856 proximi
725 1801 946 1856 intendit,
980 1806 1078 1845 tum
1115 1801 1152 1844 51
1189 1802 1241 1845 de
1275 1815 1324 1845 eo
1359 1806 1512 1845 secuto
1545 1802 1731 1857 gaudet.

436 1900 484 1952 cl.
539 1900 603 1951 Ut.
645 1899 788 1951 adsit
828 1900 966 1950 ratio
1002 1900 1410 1968 proportionata
1449 1901 1627 1970 ymnis
1660 1900 1905 1969 ponendi
1936 1917 2161 1950 eausam

289 1997 340 2039 et
381 1990 736 2058 permittendi
779 1990 1036 2040 effect-um
1071 1988 1311 2043 malum:
1355 1989 1656 2042 accedente
1687 1991 1833 2041 enim
1862 2008 2029 2041 eausa
2057 1989 2174 2054 suf--

289 2077 494 2128 fieienti
550 2086 725 2129 cessat
765 2079 871 2144 lex,
928 2080 984 2129 vi
1027 2080 1182 2130 cuius
1225 2080 1450 2130 effectus
1493 2079 1669 2130 malus
1711 2088 1828 2131 erat
1868 2079 2160 2144 vitandus3

290 2177 533 2218 cessante
575 2176 758 2218 autem
799 2168 919 2235 lege
962 2169 1188 2219 effeetus
1241 2168 1416 2220 malus
1468 2168 1617 2220 licite
1673 2170 1915 2238 permitti
1970 2177 2162 2238 potest,

289 2267 347 2306 ut
390 2257 431 2307 si
476 2258 597 2326 quis
639 2257 709 2307 ad
752 2277 806 2308 se
850 2259 1029 2326 ipsum
1074 2259 1517 2310 conservandum
1558 2259 1763 2310 oceidit
1787 2259 2162 2312 invadentem.
2232 2250 2235 2251 ⁷

439 2435 532 2488 3³5.
595 2436 769 2489 Ratio
831 2438 1286 2503 proportionate
1348 2439 1567 2503 gravis,
1647 2437 1738 2490 Ad
1798 2438 2163 2490 obtinendum

288 2527 455 2594 igitur
506 2525 713 2576 bonum
768 2527 1025 2577 effectum
1081 2527 1414 2597 quandoque
1470 2527 1683 2579 licitum
1726 2537 1807 2580 est
1846 2530 2164 2598 permittere

288 2615 511 2681 malum⁷
566 2616 614 2665 si
669 2616 814 2666 adsit
863 2617 1004 2667 ratio
1059 2635 1316 2668 excusans
1364 2620 1773 2688 proportionata
1813 2622 2006 2688 ssavis,
2088 2619 2164 2671 Ut

291 2705 584 2756 diiudicari
626 2708 810 2774 possit,
871 2725 1004 2758 num
1062 2707 1208 2758 adsit
1259 2710 1397 2759 ratio
1441 2727 1710 2760 excusans
1751 2710 2162 2778 proportionate

288 2796 489 2862 gravis7
532 2795 603 2846 ad
644 2795 781 2846 haee
822 2796 1086 2848 adiuncta
1128 2797 1526 2850 attendendum
1569 2806 1676 2849 est:

440 2926 488 2957 α.
542 2906 621 2957 Eo
679 2909 851 2958 maior
905 2908 1068 2959 debet
1110 2928 1224 2961 esse
1266 2911 1403 2961 ratio
1447 2929 1736 2977 excusanS,
1787 2929 1894 2980 quo
1934 2912 2162 2980 gravius

290 3003 371 3045 est
411 2995 631 3062 malum,
691 2998 836 3065 quod
891 3016 960 3049 ex
1003 3017 1166 3050 eausa
1209 3001 1386 3067 posita
1427 3007 1743 3051 secuturum
1787 3001 2159 3070 praevidetur.

440 3107 509 3150 Sic
545 3107 773 3151 nonlicet
808 3109 1005 3152 occidere
1045 3110 1299 3154 invasorem
1349 3112 1406 3154 ad
1455 3113 1764 3156 conservanda
1810 3112 1927 3156 bona
1973 3112 2162 3156 minoris

290 3181 441 3236 pretii,
474 3182 580 3225 licet
614 3187 767 3225 autem
802 3184 857 3226 ad
893 3185 1199 3244 conservanda
1232 3185 1347 3229 bona
1380 3186 1564 3230 maioris
1597 3187 1816 3231 momenti
1840 3188 1913 3230 vel
1934 3188 1992 3230 ad
2013 3187 2162 3242 ipsam

289 3256 432 3299 vitani
467 3257 832 3302 conservandam.

446 3433 474 3486 ι’)
505 3435 570 3476 Cf.
605 3436 733 3478 Rom.
768 3437 808 3490 3,
843 3438 881 3479 8.
