2269 3898
189 141 277 184 350
959 142 1103 185 Index
1135 156 1298 186 rerum.

192 275 391 319 Peccata
426 275 636 317 interna:
685 278 796 329 quot
834 275 1185 330 distinguantur
1231 276 1340 331 2933
1389 291 1499 321 num
1549 279 1696 334 specie
1740 279 1902 323 morali
1941 280 2069 325 diffe-

310 353 415 392 rant
448 349 546 392 293.

222 448 266 453 -
309 424 521 479 capitalia
538 436 553 465 .·
586 437 664 466 cur
694 423 763 467 ita
794 428 1014 467 vocentur
1046 425 1156 478 3013
1192 429 1302 480 quot
1333 431 1631 471 numerentur
1663 428 1765 471 301.

194 498 401 542 Potestas
433 498 632 554 leffl'fera
652 511 667 542 .·
700 498 770 541 0111
805 503 1037 554 competat
1070 500 1155 542 109
1190 514 1222 543 3.

226 597 279 602 ——
313 572 633 627 dispensandi:
669 573 778 628 quid
812 578 858 617 et
891 575 1142 629 quotuplex
1176 575 1238 618 sit
1273 576 1380 627 155;
1431 578 1501 620 cui
1535 581 1766 633 competat
1801 579 1906 632 1563
1957 592 2068 622 num

311 646 371 688 sit
404 647 498 689 late
530 647 878 703 interpret-anda
912 648 1010 691 155.

221 746 274 751 -
310 720 609 764 dominatica:
662 722 770 777 quid
825 724 910 778 sit,
964 737 1050 779 quo
1105 724 1291 768 differat
1344 739 1370 768 a
1422 725 1759 782 iurisdictione,
1812 727 1933 770 unde
1986 727 2068 770 ori-

309 797 414 837 atur
448 795 544 838 105.

192 871 444 925 Praecepta
475 871 590 927 leffl's
621 872 878 915 natmalt's:
913 871 1192 927 quotuplicis
1226 872 1406 928 generis
1439 873 1533 917 sint
1566 873 1645 926 923
1681 889 1723 919 v.
1759 876 1858 920 Lex.

192 945 494 990 Praesumtio·
529 946 637 1000 quid
671 950 715 989 et
751 948 1007 1003 quotuplex
1041 947 1103 990 sit
1137 948 1236 990 144.

193 1020 450 1074 Principium
484 1020 736 1076 theoloffl'ae
768 1023 992 1064 moral15
1040 1021 1149 1076 quid
1185 1022 1248 1065 sit
1282 1023 1359 1074 10;
1411 989 1638 1078 quodnam
1689 1023 1751 1066 sit
1796 1023 2068 1078 prIncipium

311 1107 570 1149 supremum
606 1095 684 1147 23;
719 1110 761 1139 v.
796 1096 943 1142 Theoi.
978 1097 1172 1142 moralis.

222 1194 275 1199 —
300 1169 625 1224 probabilismi
655 1171 754 1215 209.

224 1268 275 1273 —
299 1245 611 1299 possessionis
642 1245 742 1290 221.

224 1344 276 1348 —
310 1320 509 1374 reflexa;
545 1319 655 1374 quid
689 1320 783 1363 sint
815 1321 926 1370 223,·
963 1334 1076 1376 quae
1110 1321 1206 1365 sint
1237 1320 1518 1364 universalia
1561 1321 1670 1372 223ς
1717 1335 1831 1376 quae
1874 1321 2072 1376 particu-

309 1393 425 1437 laria
457 1395 558 1437 224.

196 1467 495 1523 Priviieqium:
529 1469 638 1524 quid
672 1470 733 1513 sit
760 1470 843 1513 167
860 1484 867 1524 ;
904 1470 1155 1525 quotuplex
1178 1470 1240 1513 sit
1265 1471 1372 1525 1683
1408 1470 1508 1526 quis
1533 1471 1773 1514 concedere
1795 1471 1941 1526 possit
1965 1471 2071 1526 1693

313 1543 384 1587 cui
417 1544 599 1587 concedi
631 1545 793 1600 possit,
839 1545 1060 1599 quomodo
1106 1545 1288 1588 concedi
1329 1545 1476 1600 possit
1521 1545 1629 1600 1693
1678 1559 1788 1588 num
1835 1550 2075 1590 teneamur

311 1618 383 1661 uti
415 1618 660 1674 privilegio
694 1620 802 1670 170;
838 1621 1060 1674 quomodo
1092 1619 1491 1675 interpretandum
1526 1619 1589 1663 sit
1620 1620 1917 1676 privilegium
1962 1622 2068 1675 171;

314 1700 424 1748 quot
456 1694 603 1737 modis
636 1699 780 1738 cesset
822 1695 1116 1751 privilegium
1169 1695 1282 1747 172;
1329 1709 1439 1738 num
1489 1696 1719 1738 clausulae
1765 1696 2072 1740 revocatoriae

311 1770 525 1812 auferant
555 1769 801 1824 privilegia
835 1770 934 1813 172.

195 1844 631 1889 Probabiiiorismus:
685 1845 794 1899 quid
845 1846 1018 1899 doceat,
1068 1844 1144 1898 qui
1198 1858 1299 1888 eum
1356 1845 1627 1899 defendant,
1682 1843 1904 1899 quomodo
1955 1846 2072 1887 refu-

314 1923 440 1962 tetur
473 1919 580 1971 207;
617 1920 839 1974 quomodo
872 1918 1272 1974 probabilioristae
1303 1920 1505 1962 forment
1528 1918 1852 1962 conscientiam
1876 1919 2076 1974 practice

315 1998 484 2037 certam
517 1994 617 2037 207.

196 2069 564 2113 Probabilismus:
600 2069 710 2124 quid
745 2070 904 2113 doceat
936 2069 1047 2122 <2093
1083 2069 1160 2124 qui
1194 2082 1295 2112 eum
1331 2070 1579 2112 defendant
1613 2069 1724 2123 2093
1769 2069 1864 2112 eius
1899 2069 2076 2112 demon-

315 2144 480 2188 stratio
513 2145 623 2197 2133
658 2144 754 2188 eius
787 2158 896 2187 usus
929 2144 1039 2198 2143
1090 2143 1230 2187 etiam
1278 2144 1327 2187 in
1375 2158 1482 2187 casu
1528 2143 1645 2199 legis
1694 2144 1915 2187 cessantis
1962 2144 2072 2194 2203

316 2225 540 2274 quatenus
581 2220 636 2262 ab
685 2219 873 2262 ecclesia
920 2218 1201 2274 approbatus
1250 2219 1313 2262 sit
1360 2219 1469 2263 213.
1525 2219 1893 2262 Probabilismus
1939 2219 2077 2262 laxus

315 2308 356 2336 v.
392 2294 636 2338 LaxismuS.

196 2369 521 2413 probabilitas:
571 2369 680 2424 quid
713 2369 774 2412 sit
825 2369 932 2419 199;
982 2369 1231 2424 quotuplex
1279 2368 1342 2411 sit
1389 2369 1498 2422 :2003
1542 2367 1842 2423 probabilitas
1888 2371 2078 2411 externa

319 2443 577 2498 opinionem
611 2444 725 2488 facit
759 2457 863 2488 vere
896 2444 1175 2500 probabilem
1211 2444 1321 2495 212;
1367 2444 1546 2498 quando
1590 2442 1735 2486 maior
1776 2441 2076 2497 probabilitas

315 2519 457 2562 elidat
486 2520 704 2563 minorem
739 2520 839 2563 211.

199 2595 436 2650 Propensio
472 2595 708 2640 naturalis:
741 2608 851 2638 num
885 2597 1067 2638 auferat
1099 2595 1410 2639 voluntarium
1447 2598 1492 2637 et
1525 2596 1761 2649 peccatum
1794 2592 1876 2638 46..

197 2670 529 2724 Propositiones
562 2670 831 2713 damnatae.-
879 2683 993 2725 quae
1035 2670 1094 2713 ad
1141 2683 1235 2713 rem
1279 2670 1494 2713 moralem
1540 2667 1775 2724 pertinent
1823 2666 1872 2720 9;
1922 2679 2076 2710 earum

321 2744 636 2788 commentarii
668 2745 709 2787 9.
742 2748 865 2787 nota.

200 2818 466 2863 Prudentia:
503 2819 611 2873 quid
645 2818 721 2874 sit,
754 2818 851 2862 31113
886 2818 1128 2872 obiectum,
1161 2817 1258 2861 eius
1290 2817 1549 2861 functiones
1582 2817 1667 2860 237
1684 2831 1692 2869 ;
1737 2817 1856 2861 vitia
1887 2817 2078 2872 pruden-

317 2892 411 2935 tiae
444 2893 653 2948 opposita
701 2893 813 2945 2383
864 2893 960 2937 eius
1003 2896 1157 2947 partes
1204 2892 1469 2948 integrales,
1519 2892 1798 2936 subiectivae
1839 2896 1885 2935 et
1924 2895 2077 2946 poten-

316 2967 451 3010 tiales
482 2968 585 3013 239.

1093 3118 1188 3159 Β.

202 3225 392 3269 Beatus:
426 3223 585 3277 culpae
618 3226 664 3265 et
697 3235 865 3277 poenae
899 3222 1008 3277 quid
1042 3222 1104 3265 sit
1136 3221 1236 3265 266.

204 3299 367 3352 Requia
398 3310 572 3340 morum
606 3296 814 3352 proxima
846 3301 894 3340 et
924 3301 1115 3351 remota,
1150 3295 1404 3340 subiectiva
1436 3299 1482 3339 et
1515 3295 1741 3339 obiectiva
1773 3295 1842 3338 87.
1879 3294 1976 3338 183.

202 3374 443 3417 Remorsus
476 3372 797 3416 conscientiae:
831 3372 941 3426 quid
974 3372 1035 3415 sit
1071 3372 1170 3415 184.

203 3448 476 3492 Resistentia
507 3447 792 3490 tentationis.-
825 3447 1075 3501 quotuplex
1109 3446 1169 3489 sit
1202 3446 1278 3498 47;
1325 3459 1439 3501 quae
1471 3450 1518 3490 et
1560 3448 1785 3500 quatenus
1825 3443 2079 3488 necessaria

321 3522 383 3565 sit
415 3522 484 3564 47.
