2269 3898
295 198 380 240 166
1031 195 1096 237 De
1130 192 1435 236 matrimonio.

298 349 479 383 eoram
524 329 768 399 quolibet
809 327 1109 393 sacerdote,
1159 336 1214 379 at
1253 326 1406 378 licita
1447 326 1585 378 haee
1628 327 1900 396 delegatio
1943 347 2052 380 non
2096 337 2180 382 est

298 421 402 472 nisi
431 419 499 471 ob
529 421 729 470 iustam
758 435 995 470 causam.
1078 417 1144 468 In
1185 416 1292 468 hoc
1319 435 1451 468 casu
1477 418 1664 486 sponsi
1692 416 1932 487 aliquem
1975 417 2179 486 eligere

298 510 456 578 eique
500 507 902 576 delegationem
944 506 1230 558 notificare
1272 505 1494 558 debent.

446 627 485 654 α.
520 612 640 655 Nmn
674 611 936 667 capellanus
969 624 1049 653 sen
1084 610 1300 662 sicarius,
1345 609 1421 663 qui
1455 609 1511 652 ab
1545 609 1754 665 episcopo
1787 610 1836 653 in
1868 610 2070 665 aliquam
2104 626 2178 666 pa-

296 687 494 730 rochiam
545 687 602 730 ad
651 686 945 729 exercendam
995 698 1149 728 curam
1198 683 1468 727 auxiliarem
1511 684 1736 739 mittitur,
1782 684 1949 739 absque
1992 685 2178 741 speciali

298 761 583 816 delegatione
616 761 800 816 parochi
834 759 1142 803 matrimoniis
1166 759 1379 802 assistere
1404 759 1565 814 possit,
1599 764 1938 803 controversum
1963 763 2045 803 est.
2088 761 2181 804 Res

295 836 401 879 inde
434 836 628 890 pendere
661 836 859 889 videtur,
905 848 1014 877 num
1057 834 1112 877 ab
1153 834 1361 889 episcopo
1395 834 1453 877 ad
1487 835 1781 878 exercendam
1816 848 1968 878 curam
2002 835 2178 878 univer-

295 923 390 953 sam
425 924 613 965 eamque
645 910 1018 965 independenter,
1065 922 1123 952 an
1167 922 1272 951 vero
1318 909 1626 964 dependenter
1659 922 1685 951 a
1717 908 1910 963 parocho
1944 909 2180 952 mittat-ur.

298 985 460 1028 Censet
492 985 752 1028 Lehmhnlel
791 984 839 1026 in
884 982 1129 1027 Germania
1162 983 1421 1037 capellanos
1455 983 1641 1038 speciali
1676 982 1963 1037 delegatione
1995 981 2181 1037 parochi

295 1059 554 1114 indigere1).

448 1150 485 1199 i3.
520 1148 687 1192 Utrum
724 1147 952 1203 delegatio
987 1151 1132 1190 morte
1166 1146 1455 1190 concedentis
1489 1146 1668 1201 expiret
1700 1160 1758 1190 an
1791 1159 1841 1190 eo
1866 1147 2083 1190 defuncto
2106 1147 2180 1190 ad-

297 1224 381 1266 huc
415 1228 613 1278 maneat,
646 1224 780 1267 valde
813 1227 1153 1266 controversum
1188 1221 1315 1275 est2).
1380 1221 1491 1264 Cum
1533 1227 1689 1265 tamen
1729 1221 1863 1264 iuxta
1903 1220 2179 1276 principium

296 1298 560 1341 canonicum
586 1298 741 1353 gratia
761 1299 888 1341 facta
910 1300 1056 1340 morte
1080 1296 1367 1340 concedentis
1390 1310 1481 1339 non
1505 1296 1697 1351 expiret,
1731 1297 1972 1340 dicendum
1995 1296 2182 1340 videtur

297 1372 411 1415 hanc
446 1372 779 1428 delegationem
813 1375 959 1415 morte
1003 1371 1188 1427 parochi
1231 1371 1519 1415 concedentis
1565 1385 1655 1415 non
1697 1371 1918 1427 expirare,
1965 1372 2070 1427 qnia
2115 1373 2185 1414 est

293 1447 452 1500 ,qratia
486 1448 649 1503 faeta:
701 1454 770 1490 est
817 1461 1013 1502 namque
1062 1451 1266 1503 potestas
1308 1447 1387 1490 alii
1432 1447 1481 1490 in
1524 1448 1728 1490 favorem
1770 1446 1900 1490 tertii
1942 1447 2184 1490 commissa

298 1530 531 1576 tamquam
566 1522 795 1566 executori
828 1521 1133 1576 necessario&

446 1641 599 1687 Nota.
664 1642 767 1685 Etsi
813 1643 1035 1698 parochus
1080 1642 1176 1686 sine
1224 1642 1349 1686 iusta
1394 1656 1530 1686 causa
1578 1642 1717 1685 alium
1769 1642 2047 1686 sacerdotem
2097 1641 2183 1685 sibi

298 1716 575 1760 substituere
607 1731 697 1761 non
733 1717 907 1772 debeat,
952 1717 1059 1772 quia
1105 1717 1195 1760 iuri
1229 1717 1480 1773 parochiali
1514 1717 1610 1760 sine
1644 1731 1780 1761 causa
1812 1717 2058 1761 cedendum
2093 1731 2184 1760 non

298 1796 389 1840 est;
425 1805 604 1835 necesse
639 1797 793 1836 tamen
825 1806 915 1836 non
948 1798 1032 1847 est,
1078 1800 1132 1836 ut
1176 1806 1312 1836 causa
1354 1793 1415 1836 sit
1456 1793 1733 1848 gravissima
1775 1794 1844 1836 vel
1891 1793 2061 1848 gravis,
2106 1792 2184 1835 sed

297 1865 488 1920 sufficit,
521 1870 576 1909 ut
609 1866 668 1910 sit
702 1867 1013 1918 rationabilis;
1051 1867 1114 1910 sic
1147 1880 1201 1911 ex
1233 1881 1319 1911 usu
1351 1881 1471 1911 nunc
1494 1873 1675 1923 recepto
1698 1869 1921 1923 parochus
1944 1882 1998 1912 ex
2023 1867 2186 1923 quavis

296 1940 561 1984 rationabili
596 1955 731 1985 causa
763 1942 997 1986 licentiam
1035 1943 1280 1986 assistendi
1315 1943 1450 1986 alteri
1484 1943 1708 1987 sacerdoti
1743 1942 2000 1998 concedit4).

975 2122 1007 2176 ‚59
1039 2123 1094 2166 3.
1145 2124 1226 2167 De
1256 2124 1505 2167 testibus.

445 2242 571 2295 156.
617 2240 728 2314 Qui
776 2243 835 2294 et
875 2242 1173 2308 quomodo
1216 2243 1505 2296 assistere
1549 2242 1820 2298 debeant.
1884 2242 1960 2295 Ut
2002 2243 2183 2293 matri-

299 2333 546 2383 monium
604 2330 855 2383 validum
914 2333 1010 2399 sit,
1072 2352 1139 2384 ex
1195 2332 1414 2384 decreto
1470 2333 1773 2385 tridentino
1830 2331 2021 2384 saltem
2079 2331 2184 2383 duo

297 2430 453 2473 testes
494 2422 543 2473 ei
585 2423 840 2473 assistere
883 2421 1101 2474 debent.

451 2529 496 2580 1.
551 2526 743 2579 Testes
798 2545 914 2578 esse
971 2536 1202 2597 possunt
1254 2546 1461 2595 omnes,
1522 2529 1615 2597 qui
1670 2526 1738 2578 de
1795 2525 1981 2596 aliquo
2036 2527 2183 2578 facto

297 2616 581 2668 testificari
632 2626 893 2686 possunt;
951 2636 1079 2686 ergo
1134 2617 1205 2670 ad
1258 2619 1600 2670 matrimonii
1645 2615 1993 2669 validitatem
2042 2614 2183 2668 nihil

298 2705 478 2770 refert,
530 2708 646 2758 sive
695 2715 860 2758 testes
911 2717 1039 2759 sunt
1094 2726 1271 2759 mares
1331 2709 1448 2759 sive
1503 2708 1760 2773 feminae,
1821 2710 1940 2759 sive
1991 2706 2185 2779 fideles

302 2798 420 2847 sive
450 2796 720 2864 infideleS,
764 2798 883 2848 sive
913 2799 1313 2866 consanguinei
1344 2799 1462 2850 sive
1493 2799 1760 2863 extranei,
1803 2799 1920 2849 sive
1947 2796 2185 2867 puberes

454 2975 485 3028 1)
520 2975 771 3030 Episcopus
806 2977 1116 3032 passaviensis
1149 2978 1191 3021 4.
1226 2982 1311 3023 oct.
1350 2978 1463 3022 1897
1500 2978 1754 3022 declaravit
1787 2978 2057 3032 sacerdoteS,
2105 2977 2182 3033 qui

301 3062 451 3092 curam
503 3050 772 3094 auxiliarem
821 3051 870 3095 in
920 3052 1112 3096 dioecesi
1161 3058 1385 3107 exercent,
1435 3066 1532 3096 eam
1575 3053 1883 3108 dependenter
1922 3067 1949 3096 a
1989 3053 2185 3108 parocho

301 3137 517 3179 exercere,
565 3125 756 3181 ideoque
808 3126 905 3171 sine
953 3128 1137 3184 speciali
1193 3128 1288 3172 eins
1339 3128 1629 3184 delegatione
1676 3128 1984 3172 matrimoniis
2031 3127 2186 3171 valide

300 3199 512 3243 assistere
544 3214 634 3243 non
666 3215 807 3255 posse.

454 3272 484 3328 ²)
516 3274 581 3318 Cf.
617 3275 762 3332 LnffO,
796 3277 1031 3332 Responsa
1063 3291 1173 3321 mor.
1207 3279 1236 3321 l.
1274 3282 1315 3321 1.
1350 3278 1454 3321 dub.
1489 3279 1558 3322 35.

453 3348 486 3403 ³)
520 3350 586 3393 Cf.
621 3350 694 3393 De
727 3351 982 3408 Principiis
1013 3367 1056 3396 n.
1094 3353 1178 3395 107
1213 3367 1244 3396 s.

454 3424 486 3478 4)
519 3425 798 3468 Benedictus
831 3426 957 3469 XIV.
993 3428 1175 3472 constit.
1211 3429 1417 3471 il'imiam
1450 3429 1679 3472 licentiam
1707 3429 1776 3472 18.
1799 3427 1909 3471 maii
1935 3427 2050 3470 1743
2073 3426 2185 3482 legi·

301 3498 462 3540 tiniam
514 3499 926 3555 gravissimamque
979 3515 1159 3545 causam
1217 3503 1445 3557 postulat;
1502 3516 1659 3547 verum
1713 3503 1797 3546 hoc
1849 3505 2080 3546 statutum
2132 3501 2182 3546 in

302 3572 477 3626 praxim
514 3573 756 3617 deductum
789 3588 879 3617 non
913 3581 994 3618 est.
