2269 3898
751 129 817 171 De
848 133 1013 172 natura
1045 130 1337 173 matrimonii.
1923 136 1981 177 13

269 263 314 312 i.
359 259 415 310 Si
457 261 638 329 reipsa
678 261 832 312 adest
874 262 1331 331 impedimentum
1363 264 1644 331 dirimens,
1689 268 1787 316 etsi
1830 268 1978 334 igno-

113 357 291 400 ratum
335 348 403 400 ab
448 367 554 400 uno
579 348 667 400 vel
697 349 765 400 ab
797 359 1026 419 utroque
1056 352 1518 419 contrahentium,
1563 356 1977 406 matrimonium

115 447 195 488 est
234 437 464 503 nullum,
508 456 869 507 quaecunque
902 448 982 490 est
1016 441 1330 507 ignorantia
1360 444 1477 494 sive
1507 445 1640 494 iuris
1670 445 1785 494 sive
1814 443 1979 495 facti:

114 527 426 593 ignorantia
477 527 623 577 enim
675 536 904 578 excusat
954 529 1175 595 quidem
1229 549 1260 581 a
1301 540 1528 599 pecc-ato
1572 541 1761 584 contra
1800 532 1977 601 legem

112 614 515 684 prohibentem,
569 622 624 665 at
678 633 788 666 non
842 625 1020 684 potest
1069 618 1301 681 efficere,
1356 628 1413 670 ut
1455 629 1608 671 actus
1650 622 1720 671 sit
1760 621 1981 672 validus

113 712 301 755 contra
340 703 517 773 legem
560 703 883 757 irritantem.

259 808 308 861 2.
353 807 409 859 Si
452 809 632 877 reipsa
674 808 885 859 nullum
928 809 1082 861 adest
1124 811 1600 880 impedimentum,
1656 813 1749 864 sed
1791 821 1975 864 tamen

110 915 252 948 unus
309 896 397 947 vel
458 909 686 966 uterque
746 898 1189 951 contrahentium
1248 900 1465 952 dubitat
1518 901 1604 952 vel
1662 904 1979 970 suspicatur

108 987 251 1037 inter
305 987 451 1055 ipsos
501 985 638 1036 forte
694 985 917 1056 aliquod
972 989 1431 1057 impedimentum
1487 992 1737 1055 existere,
1795 991 1973 1040 matri-

108 1072 356 1127 monium
398 1084 476 1126 est
516 1074 794 1126 validum:
851 1075 906 1126 hi
951 1079 1097 1128 enim
1141 1087 1435 1129 censentur
1476 1097 1803 1130 consensum
1846 1078 1977 1129 dare

107 1165 206 1217 sub
235 1164 560 1216 condicione
588 1164 654 1215 de
684 1169 986 1233 praesenti:
1029 1168 1077 1217 si
1101 1167 1295 1218 habilis
1319 1187 1457 1231 surm·
1499 1169 1761 1237 quoniam
1790 1176 1972 1218 autem

107 1254 358 1306 condicio
402 1255 732 1319 verificatur,
778 1272 1075 1306 consensus
1118 1256 1178 1306 fit
1218 1256 1502 1308 absolutus
1543 1265 1596 1308 et
1637 1256 1871 1308 validus

254 1361 302 1412 3.
347 1358 403 1411 Si
446 1377 587 1409 unus
630 1358 718 1409 vel
762 1367 988 1428 uterque
1032 1359 1479 1412 contrahentium
1523 1370 1668 1411 certo
1713 1360 1815 1411 sibi
1858 1378 1972 1428 per-

104 1448 298 1499 suadet
339 1448 529 1499 adesse
573 1447 1030 1516 impedimentum
1070 1449 1351 1516 dirimens,
1396 1468 1519 1500 cum
1548 1458 1732 1500 tamen
1761 1448 1972 1499 nullum

103 1539 245 1589 inter
284 1539 430 1606 ipsos
472 1538 687 1601 existat,
732 1536 824 1588 alii
868 1537 1149 1589 affirmant
1188 1539 1390 1590 *nullam
1431 1559 1538 1590 esse
1568 1540 1975 1603 matrimonium,

104 1629 234 1696 quia
275 1644 432 1678 nemo
478 1634 653 1694 potest
694 1628 832 1677 serio
876 1638 928 1677 et
970 1627 1264 1678 efficaciter
1300 1627 1440 1679 velle
1478 1628 1551 1691 id,
1596 1628 1741 1697 quod
1783 1645 1970 1696 appre-

102 1715 296 1767 hendit
339 1734 451 1766 esse
494 1714 863 1784 impossibile3
920 1734 1046 1784 ergo
1098 1716 1281 1768 nullus
1323 1719 1379 1767 in
1422 1716 1526 1768 hoc
1568 1735 1698 1768 casu
1737 1716 1975 1768 habetur

103 1824 265 1856 verus
307 1823 620 1856 consensus.
705 1804 866 1868 Quod
911 1805 1135 1874 quidem
1187 1806 1604 1857 concedendum
1648 1807 1748 1856 erit
1790 1807 1845 1856 in
1888 1823 1966 1867 eo,

100 1896 193 1964 qui
238 1895 302 1946 de
344 1895 635 1945 existentia
678 1894 1060 1963 impedimenti
1117 1894 1221 1946 sibi
1271 1895 1493 1946 videtur
1543 1914 1655 1946 esse
1698 1904 1876 1945 certus
1918 1904 1973 1945 et.

100 1984 262 2036 simul
314 1986 429 2035 eius
483 1985 594 2034 vim
649 1985 952 2034 irritantem
1008 1983 1178 2053 probe
1230 1986 1527 2053 cognoscit.
1615 1984 1727 2035 Alii
1784 1994 1966 2035 autem

99 2073 298 2125 docent
352 2074 761 2124 matrimonium
817 2092 924 2124 esse
977 2073 1229 2137 validum,
1286 2075 1414 2143 quia
1468 2075 1523 2124 in
1567 2073 1836 2124 eiusmodi
1877 2073 1963 2124 ad-

98 2165 300 2214 iunctis
361 2161 745 2214 contrahentes
807 2164 1182 2225 consentiunt,
1250 2173 1516 2232 quantum
1585 2171 1813 2232 possunt
1871 2181 1969 2214 seu

99 2252 419 2303 contrahere
461 2251 670 2316 volunt,
727 2253 769 2302 si
813 2251 1073 2320 possibile
1115 2252 1280 2304 foret:
1336 2255 1517 2321 reipsa
1558 2260 1741 2303 autem
1784 2254 1964 2303 matri-

99 2343 343 2393 monium
397 2341 658 2410 possibile
712 2349 806 2397 est,
863 2358 988 2409 ergo
1044 2340 1293 2392 validum
1344 2350 1438 2393 est.
1524 2340 1682 2406 Quod
1741 2340 1964 2410 quidem

98 2431 326 2483 concedi
368 2431 567 2500 poterit
609 2432 663 2480 in
706 2448 784 2494 co,
843 2431 933 2498 qui
987 2429 1053 2480 de
1096 2431 1390 2481 existentia
1431 2430 1813 2499 impedimenti
1855 2448 1964 2481 non

96 2530 176 2572 est
226 2522 448 2572 omnino
504 2528 684 2570 certus
737 2528 831 2570 aut
886 2520 997 2569 vim
1054 2520 1360 2570 irritantem
1414 2520 1798 2588 impedimenti
1856 2537 1963 2570 non

96 2610 258 2679 plane
298 2610 584 2678 perspicit:
629 2609 685 2659 in
727 2607 830 2659 hoc
873 2610 1016 2659 enim
1061 2627 1190 2660 casu
1231 2608 1348 2659 fieri
1393 2617 1584 2677 potest,
1627 2618 1686 2660 ut
1727 2626 1835 2660 non
1874 2608 1962 2659 ob-

96 2707 273 2751 stante
332 2699 685 2767 persuasione
748 2698 813 2748 de
874 2699 1167 2749 existentia
1227 2699 1610 2767 impedimenti
1673 2697 1966 2749 contrahat

97 2807 220 2839 cum
258 2788 560 2839 intentione
596 2787 855 2854 faciendi,
898 2787 1035 2856 quod
1065 2796 1270 2857 potest,
1311 2797 1512 2839 etcum
1542 2789 1723 2857 reipsa
1748 2786 1960 2839 nullum

95 2878 238 2930 adsit
279 2877 753 2946 impedimentum,
797 2876 982 2927 valide
1025 2877 1317 2928 contrahit.

242 2981 309 3033 In
345 2982 504 3050 praxi
535 2979 917 3032 contrahentes
947 2980 1238 3049 diligenter
1267 2981 1624 3033 examinandi
1655 2990 1781 3032 sunt
1810 2983 1959 3032 circa

95 3072 472 3136 intentionem,
517 3088 624 3139 qua
666 3077 1008 3121 contractum
1050 3070 1509 3122 matrimonialem
1554 3072 1809 3123 inierunt.

244 3233 335 3286 13.
417 3248 546 3290 Num
602 3247 782 3300 copula
834 3248 897 3290 ad
948 3249 1218 3291 essentiam
1270 3248 1588 3292 matrimonii
1641 3248 1957 3302 requiratur.

93 3321 231 3378 Sunt,
267 3322 347 3381 qui
371 3320 621 3367 affirment
654 3327 870 3368 mutuum
895 3336 1178 3368 eonsensum
1213 3322 1276 3367 ad
1306 3322 1570 3368 ineundum
1593 3335 1762 3367 verum
1786 3321 1954 3366 matri-

93 3396 302 3441 monium
327 3410 420 3442 non
444 3394 688 3454 sufficere,
722 3396 818 3442 nisi
842 3396 1051 3442 accedat
1076 3397 1230 3452 copula
1254 3397 1472 3450 carnalis,
1506 3395 1744 3454 siquidem
1781 3394 1959 3452 copula.

95 3469 276 3517 affectu
301 3470 522 3516 maritali
547 3476 754 3528 peracta
779 3471 1048 3517 constituat
1069 3485 1239 3517 verum
1263 3471 1554 3530 proprieque
1582 3469 1762 3515 dictum
1788 3468 1954 3513 matri-
