2269 3898
650 221 718 263 De
749 219 926 263 actibus
961 220 1396 275 supernaturalibus.
1903 223 1958 265 95

87 353 322 400 auxilium
354 353 551 410 gratiae
586 353 637 398 in
669 352 759 397 hoc
794 352 964 398 ordine
1005 352 1266 410 dependet,
1318 353 1440 399 adeo
1489 359 1541 399 ut
1574 354 1713 400 Deus
1748 360 1849 400 tum
1883 355 1957 412 iis.

82 428 166 486 qui
198 426 345 472 fidem
378 427 473 472 iam
520 435 858 484 susceperunt,
907 433 1008 472 tum
1053 427 1129 483 iis,
1180 427 1259 485 qui
1294 427 1357 472 ad
1404 427 1549 474 fidem
1595 428 1957 486 suscipiendam

83 502 302 562 proxime
351 515 401 546 se
452 501 728 559 disponunt,
778 501 992 558 gratiam
1049 502 1478 559 supernaturalem
1546 503 1809 559 concedat,
1866 516 1959 561 qua

85 589 249 623 eorum
282 589 431 633 opera
468 575 531 620 ad
566 575 861 632 dignitatem
898 581 1037 620 actus
1071 589 1189 620 vere
1235 577 1628 633 supernaturalis
1677 577 1955 622 eleventur:

80 650 220 697 Deus
255 650 380 696 enim
414 649 659 696 hominem
694 648 966 694 destinavit
1001 649 1063 694 ad
1095 648 1242 694 finem
1276 651 1730 707 supernaturalem3
1768 664 1821 695 eo
1855 650 1959 709 ipso

84 726 130 772 ei
164 724 314 771 etiam
349 724 702 782 obligationem
724 723 956 781 imposuit
990 723 1182 769 actibus
1218 723 1317 769 suis
1352 723 1590 769 tendendi
1623 724 1674 768 in
1697 723 1841 769 finem
1867 725 1959 770 sibi

80 798 453 859 praestitutum3
505 811 611 843 cum
644 811 763 843 vero
811 797 914 842 sine
962 797 1144 842 auxilio
1183 796 1381 854 gratiae
1416 811 1511 842 non
1543 798 1699 856 possit
1732 798 1781 842 in
1815 798 1957 843 finem

86 888 221 920 suum
254 873 476 929 tendere,
510 872 649 918 Deus
694 885 784 928 per
816 871 1032 929 gratiam
1079 884 1369 916 succurrere
1407 871 1569 928 debet,
1619 876 1671 916 ut
1703 870 1843 916 homo
1878 873 1958 917 ob-

83 948 313 1006 ligationi
347 962 464 994 suae
500 946 801 994 satisfacere
836 947 1004 1006 possit.
1068 945 1203 1004 Ergo
1239 945 1429 1003 quoties
1464 946 1603 991 homo
1640 946 1831 991 actibus
1861 947 1960 992 suis

83 1023 135 1068 in
167 1022 313 1068 finem
349 1022 444 1068 sibi
465 1022 822 1081 praestitutum
846 1021 1022 1075 tendit,
1056 1020 1196 1066 Deus
1223 1021 1267 1066 ei
1290 1020 1507 1077 gratiam
1533 1021 1959 1079 supernaturalem

88 1097 334 1153 concedit:
387 1097 524 1154 atqui
566 1096 706 1141 homo
750 1095 799 1140 in
841 1095 987 1142 finem
1034 1110 1169 1141 suum
1212 1095 1388 1148 tendit,
1439 1095 1521 1140 ubi
1562 1095 1771 1153 primum
1815 1095 1959 1140 fidem

83 1172 405 1231 amplectitur
440 1178 525 1218 aut
561 1171 624 1217 ad
657 1171 797 1216 illam
829 1170 1107 1216 habenda-m
1145 1184 1194 1215 se
1232 1170 1469 1228 disponit:
1522 1184 1612 1228 per
1644 1169 1787 1215 fidem
1835 1170 1959 1215 enim

83 1247 229 1294 finem
264 1261 400 1292 suum
436 1246 767 1304 apprehendit
813 1251 958 1303 atque
996 1245 1058 1290 ad
1094 1259 1200 1291 eum
1235 1259 1285 1290 se
1323 1245 1533 1290 ordinat.
1598 1244 1669 1291 Ut
1703 1259 1763 1290 ex
1796 1245 1962 1290 multis

82 1336 228 1368 unum
261 1322 436 1368 saltem
474 1321 754 1380 scripturae
788 1319 1120 1366 testimonium
1158 1319 1413 1373 afferatur:
1465 1317 1691 1365 Christus
1722 1318 1961 1365 Dominus

85 1396 179 1442 ait:
234 1396 322 1450 Qui
352 1397 531 1439 verbnm
565 1410 710 1439 meum
757 1395 887 1438 audit
925 1397 969 1437 et
999 1394 1146 1438 eredit
1177 1395 1233 1450 ei,
1283 1395 1360 1449 qui
1389 1395 1515 1438 misit
1544 1409 1627 1450 me,
1661 1395 1797 1437 habet
1827 1395 1961 1437 sitam

83 1472 375 1526 aeternanst),
410 1471 438 1515 i.
462 1484 499 1516 e.
535 1471 701 1526 habet,
735 1469 861 1515 unde
896 1469 1055 1527 possit
1088 1482 1239 1526 opera
1262 1469 1396 1514 vitae
1434 1474 1668 1514 aeternae
1704 1482 1963 1527 peragere,

84 1545 197 1604 quia
229 1544 383 1590 habet
424 1544 769 1595 condicionem,
805 1556 899 1601 qua
932 1543 1095 1599 posita
1130 1542 1513 1600 suppeditantur
1556 1557 1582 1587 a
1617 1542 1726 1588 Deo
1762 1542 1958 1599 gratiae

88 1619 514 1677 supernaturales.
579 1617 658 1663 Ex
690 1617 961 1663 traditione
1011 1621 1173 1662 autem
1221 1622 1417 1662 constat
1460 1617 1511 1662 in
1545 1617 1761 1663 ecclesia
1792 1617 1961 1674 vigere

85 1693 471 1752 persuasionem,
497 1706 640 1749 quam
664 1706 699 1737 s,
725 1693 1010 1748 Anfflzstimis
1032 1691 1107 1737 his
1126 1691 1294 1737 verbis
1321 1691 1579 1750 exprimit:
1616 1692 1963 1750 „bene(quem-

80 1765 249 1826 quam)
283 1767 482 1826 operari
515 1780 611 1812 non
643 1780 801 1825 posse,
836 1766 932 1811 nisi
964 1779 1055 1824 per
1089 1765 1234 1811 fidem
1270 1766 1553 1824 perceperit
1586 1766 1817 1824 gratiam.
1882 1766 1962 1812 In-

84 1842 206 1902 cipit
239 1848 402 1887 autem
435 1841 575 1887 homo
608 1841 869 1900 percipere
905 1841 1134 1899 gratiam7
1182 1855 1240 1886 ex
1275 1854 1365 1898 quo
1399 1841 1577 1899 incipit
1608 1840 1718 1887 Deo
1755 1841 1959 1887 credere

80 1917 165 1963 vel
199 1916 396 1962 interna
428 1917 509 1962 vel
546 1921 754 1962 externa
791 1915 1122 1962 admonitione
1158 1921 1315 1961 motus
1351 1916 1414 1960 ad
1447 1914 1678 1971 fidem“²).

234 1992 270 2037 b.
304 1991 383 2036 Ex
415 1989 742 2049 praecedenti
778 1996 1069 2047 argumento
1104 1990 1326 2048 sequitur
1355 1990 1576 2036 omnibus
1590 1990 1820 2047 fidelibus,
1857 1990 1959 2036 sive

84 2066 202 2112 iusti
235 2071 345 2111 sunt
380 2065 483 2111 sive
518 2072 822 2123 peccatores.
857 2079 1051 2123 semper
1083 2070 1284 2122 praesto
1320 2080 1426 2111 esse
1454 2066 1668 2123 gratiam
1698 2065 1960 2120 actualem,

82 2155 178 2199 qua
228 2154 389 2186 eorum
444 2140 664 2185 actiones
713 2139 973 2185 moraliter
1020 2141 1177 2186 bonae
1226 2139 1351 2185 fiant
1401 2139 1822 2197 supernaturales,
1876 2139 1961 2184 sed

86 2216 271 2262 maiore
307 2229 413 2260 cum
450 2214 750 2260 certitudine
800 2212 1044 2259 affirmari
1087 2220 1253 2272 potest
1298 2214 1459 2260 omnia
1510 2227 1660 2272 opera
1704 2213 1962 2259 moraliter

84 2292 213 2337 bona
247 2290 468 2333 iustorum
504 2302 699 2347 semper
734 2288 959 2334 exerceri
994 2302 1100 2335 cum
1133 2289 1330 2346 gratiae
1357 2289 1555 2335 divinae
1584 2288 1767 2334 auxilio
1800 2288 1961 2346 proin-

87 2365 241 2423 deque
269 2378 375 2411 esse
401 2362 820 2422 supernaturalia.
856 2361 982 2408 Nam
1011 2362 1270 2408 concilium
1294 2362 1618 2408 tridentinum
1639 2362 1765 2407 haec
1783 2362 1959 2407 habet:

86 2438 239 2496 „Cum
275 2438 401 2484 enim
436 2438 521 2483 ille
558 2438 662 2496 ipse
698 2436 928 2483 Christus
973 2436 1116 2482 Iesus
1164 2442 1417 2494 tamquam
1469 2444 1616 2495 caput
1657 2437 1706 2482 in
1740 2436 1959 2482 membra

84 2519 138 2560 et
168 2520 415 2570 tamquam
441 2512 558 2560 vitis
592 2512 642 2557 in
675 2513 908 2570 palmites
943 2512 992 2557 in
1026 2512 1156 2570 ipsos
1190 2510 1486 2557 iustificatos
1510 2511 1696 2568 iugiter
1724 2511 1961 2557 virtutem

84 2586 275 2645 influat,
310 2601 424 2643 quae
457 2587 601 2630 virtus
634 2588 746 2629 bona
782 2600 936 2630 eornm
971 2600 1109 2642 opera
1143 2600 1321 2642 semper
1346 2589 1389 2629 et
1411 2585 1635 2629 antecedit
1657 2589 1701 2628 et
1724 2586 1963 2628 comitatur

82 2667 131 2707 et
159 2662 475 2718 subsequith
488 2662 536 2717 ³).

239 2753 286 2804 2.
345 2751 402 2803 Si
444 2751 510 2802 ad
557 2758 712 2802 actus
755 2749 1201 2820 supernaturales
1244 2750 1490 2802 influxus
1531 2749 1658 2801 fidei
1715 2769 1812 2820 per
1854 2769 1962 2801 mo-

85 2842 267 2892 tivum
311 2839 730 2910 supernaturale
771 2841 1160 2909 requireretur,
1214 2858 1324 2891 non
1381 2848 1521 2891 esset
1572 2847 1727 2891 actus
1781 2859 1961 2910 super-

88 2929 354 2982 naturalis
396 2931 514 2981 sine
551 2930 769 2981 influxu
805 2929 958 2996 fidei3
1003 2931 1155 2998 atqui
1185 2937 1312 2980 sunt
1337 2937 1492 2980 actus
1519 2929 1962 2998 supernaturales

93 3022 210 3071 sine
266 3019 485 3071 influxu
538 3019 685 3073 fidei.
768 3017 992 3070 Certum
1048 3027 1128 3070 est
1168 3020 1224 3070 in
1267 3018 1585 3070 infidelibus
1626 3026 1754 3070 ante
1795 3018 1961 3070 fidem

89 3116 143 3160 et
182 3109 621 3179 independenter
662 3107 732 3160 ab
775 3107 995 3159 influxu
1047 3107 1176 3159 fidei
1232 3108 1460 3177 reperiri
1515 3114 1687 3173 actus,
1743 3109 1837 3177 qui
1892 3125 1962 3157 ex

85 3200 268 3267 gratia
320 3197 656 3268 procedunt:
713 3200 915 3250 etenim
971 3199 1278 3268 proscripta
1335 3204 1415 3248 est
1466 3199 1767 3267 propositio
1822 3196 1960 3247 affir-

246 3362 259 3384 ¹
309 3362 433 3405 Ioan.
469 3362 495 3405 ξ)
543 3362 613 3404 24.

241 3362 276 3490 ²}
305 3437 377 3478 Ad
396 3397 597 3491 Simplic.
620 3436 649 3478 l.
678 3437 713 3478 1.
740 3450 780 3490 q.
805 3436 844 3478 2.
868 3450 910 3479 n.
938 3436 978 3481 ἱ).
1012 3435 1079 3478 Cf.
1100 3435 1365 3478 Zeitschrift
1389 3437 1419 3478 f.
1445 3434 1488 3477 k.
1514 3435 1595 3478 Th.
1619 3433 1773 3476 XVIII
1794 3432 1960 3487 (1894).

90 3510 135 3553 S.
169 3510 268 3553 593.
302 3509 399 3553 XX.
430 3510 595 3565 (1896.)
626 3509 667 3554 S.
701 3510 772 3553 22.
805 3512 855 3552 ff.

245 3584 282 3640 3)
315 3585 482 3629 Concil.
515 3585 610 3628 trid
658 3586 762 3628 sess.
797 3585 837 3628 6.
874 3599 909 3629 c.
945 3584 1012 3628 16.
