2269 3898
266 163 350 206 152
993 161 1077 203 III.
1116 161 1179 204 De
1210 160 1403 216 legibus.

410 296 539 349 131.
581 295 666 348 De
708 295 1115 362 acceptatione
1155 295 1331 363 legis.

405 401 500 443 Lex
534 399 764 455 acceptari
796 398 980 454 dicitur,
1023 413 1073 443 eo
1117 400 1236 454 quod
1280 414 1307 444 a
1349 400 1547 444 subditis
1579 401 1745 456 incipit
1780 401 2032 454 observari3
2067 403 2142 447 lex

257 474 551 529 promulgata
584 477 630 516 et
665 473 864 529 cognita,
900 488 1015 529 quae
1047 488 1073 518 a
1107 474 1306 518 subditis
1339 489 1429 518 non
1462 475 1744 530 observatur,
1791 489 1881 519 non
1914 477 2139 532 acceptari

258 548 439 591 dicitur.

270 679 273 681 Α
407 625 452 676 1.
511 623 821 694 Accepi-atio
865 623 1055 694 populi
1100 643 1210 676 non
1252 626 1569 695 requiritur,
1623 633 1681 676 ut
1720 624 1811 676 lex
1852 627 1967 677 vim
2011 625 2139 678 obli-

255 711 424 779 gandi
468 713 740 766 obtineat:
801 715 1052 783 superior
1093 715 1239 765 enim
1283 714 1724 783 independenter
1773 717 1842 768 ab
1886 722 2137 785 accepta-

254 802 405 854 tione
470 803 661 872 populi
733 810 1062 873 potestatem
1131 813 1183 855 et
1244 803 1586 856 voluntatem
1639 803 1809 856 habet
1859 804 2141 873 obligandi

256 890 523 961 subditos7
580 912 682 945 nec
724 912 857 945 vera
897 902 1139 962 potestas
1179 893 1410 962 legifera
1450 896 1508 945 in
1548 896 1801 964 principe
1845 897 2142 947 consistere

254 989 452 1049 posset,
497 983 541 1033 si
584 982 739 1034 valor
778 983 963 1052 legum
1005 983 1075 1035 ab
1118 985 1503 1053 acceptatione
1545 983 1734 1054 populi
1779 985 2064 1054 penderet.

406 1084 446 1112 a.
481 1070 530 1113 Id
566 1072 619 1115 de
650 1073 752 1127 lege
785 1071 910 1123 civili
943 1073 1054 1116 adeo
1087 1086 1244 1116 verum
1279 1077 1363 1128 est,
1396 1076 1449 1116 ut
1484 1073 1712 1117 contraria
1743 1074 1995 1129 propositio
2022 1075 2142 1118 dam-

254 1148 367 1187 nata
414 1145 533 1200 sitlj:
586 1147 639 1190 de
687 1148 788 1202 lege
838 1147 1146 1190 ecclesiastica
1194 1152 1348 1190 autem
1393 1148 1674 1191 contrarium
1719 1150 1974 1192 affirmare·
2001 1149 2141 1193 etiam

253 1219 475 1263 haeresim
510 1226 711 1276 saperet:
754 1222 846 1265 fide
889 1222 1009 1265 enim
1044 1219 1217 1265 certum
1260 1226 1328 1266 est
1363 1226 1643 1277 potestatem
1679 1223 1921 1278 legiferam
1955 1237 2143 1279 eamque

253 1308 437 1349 prorsus
485 1310 510 1339 a
559 1298 725 1352 populo
773 1298 1158 1353 independentem
1208 1311 1436 1341 summum
1485 1298 1751 1353 pontificem
1801 1297 2069 1343 immediate
2116 1313 2142 1342 a

254 1368 434 1413 Christo
468 1372 704 1427 accepisse.

407 1446 444 1488 b.
477 1446 598 1490 Fieri
631 1451 787 1491 tamen
821 1452 989 1503 potest,
1022 1451 1074 1490 111
1108 1447 1276 1491 alicubi
1309 1449 1382 1492 lex
1415 1449 1512 1491 lata
1545 1447 1643 1491 iure
1675 1461 1766 1491 non
1798 1447 2061 1504 recipiatur,
2104 1448 2142 1492 si

253 1519 472 1563 nimirum
505 1521 569 1564 ibi
603 1522 762 1578 vigeat
795 1522 1024 1566 contraria
1057 1523 1351 1578 consuetudo,
1394 1537 1508 1577 quae
1541 1536 1620 1578 per
1652 1523 1800 1577 legem
1834 1523 1996 1567 addita
2029 1524 2145 1568 clau-

254 1595 354 1638 sula
389 1596 678 1651 derogatoria
710 1611 800 1641 non
839 1599 1059 1642 aufertur.

405 1679 453 1731 2.
514 1678 571 1730 Si
612 1679 705 1731 lex
757 1682 858 1732 rite
912 1680 1260 1750 promulgata
1302 1699 1412 1732 non
1465 1688 1733 1748 servetur,
1791 1683 1975 1734 statim
2019 1701 2143 1735 con-

255 1768 488 1820 suetudo
535 1772 811 1821 contraria
853 1772 981 1822 oriri
1026 1779 1219 1840 potest.
1276 1771 1340 1823 In
1382 1770 1488 1822 hoc
1532 1790 1662 1822 casu
1705 1771 1803 1839 illi7
1848 1773 1941 1842 qui
1984 1773 2141 1824 initio

252 1856 430 1925 legem
475 1860 976 1928 transgrediuntur,
1020 1860 1348 1930 plerumque
1391 1869 1644 1930 peccant,
1689 1862 1913 1932 quando
1957 1871 2142 1914 autem

254 1948 594 2000 consuetudo
624 1952 900 2002 contraria
929 1949 1176 2018 legitime
1207 1952 1550 2021 praescripta
1580 1959 1676 2018 051,
1721 1950 1931 2003 subditi
1965 1951 2144 2022 legem

252 2055 362 2088 non
405 2048 689 2090 servantes
743 2058 852 2091 non
903 2039 1143 2110 amplius
1184 2047 1436 2110 peccant.
1516 2041 1676 2092 Patet
1717 2041 1974 2093 effectum
2018 2059 2140 2093 con-

254 2129 456 2178 trariae
517 2127 682 2180 huius
737 2130 1156 2182 consuetudinis
1199 2130 1437 2182 eundem
1495 2149 1628 2199 0550,
1691 2149 1756 2181 ac
1813 2129 1990 2182 silex
2031 2150 2143 2183 non

251 2216 446 2270 fuisset
486 2229 789 2289 acceptata.

404 2316 454 2371 3.
516 2316 573 2368 Si
627 2316 718 2367 lex
759 2317 945 2387 aliqua
1001 2317 1375 2387 disciplinaris
1417 2318 1680 2369 videatur
1732 2318 1934 2388 populo
1977 2320 2143 2371 nimis

256 2404 500 2457 difficilis
544 2405 632 2457 vel
674 2425 859 2458 rerum
902 2406 1182 2459 adiunctis
1224 2409 1407 2459 minus
1451 2409 1805 2474 convenienS‚
1868 2408 1940 2460 ad
1979 2408 2142 2477 legis·

253 2493 484 2546 latorem
528 2495 825 2566 appellatio
873 2496 988 2547 fieri
1030 2504 1237 2566 potest3
1282 2498 1501 2548 interim
1533 2515 1663 2548 vero
1707 2497 1971 2567 obligatio
2005 2498 2144 2567 legis

255 2602 325 2635 ex
377 2594 696 2653 praesumto
749 2604 1023 2638 consensu
1078 2587 1409 2656 legislatoris
1475 2587 1847 2657 suspenditur.
1931 2587 2144 2653 Quodsi

256 2673 455 2726 deinde
511 2674 792 2744 legislator
848 2675 1245 2745 obligationem
1302 2695 1412 2728 non
1468 2685 1642 2746 urget,
1705 2696 1826 2729 eam
1879 2696 2143 2731 revocare

254 2772 522 2817 censetur.

405 2866 444 2894 a.
482 2852 630 2906 Quare
663 2855 863 2910 episcopi
896 2855 1020 2911 leges
1054 2855 1319 2910 pontificias
1365 2869 1444 2911 per
1492 2870 1538 2900 se
1584 2860 1820 2912 acceptare
1863 2860 1911 2901 et
1943 2856 2142 2901 subditis

258 2928 549 2982 promulgare
582 2932 815 2985 tenentur,
849 2930 886 2974 si
920 2934 1076 2974 tamen
1110 2931 1259 2986 legem
1293 2931 1496 2986 aliquam
1522 2945 1629 2992 suae
1655 2932 1846 2976 dioecesi
1869 2932 2020 2975 minus
2044 2946 2141 2975 con-

255 3002 515 3046 venientem
550 3004 622 3046 vel
657 3004 796 3047 etiam
830 3004 1014 3048 noxiam
1038 3004 1360 3061 iudicaverint,
1384 3005 1585 3049 rationes
1609 3020 1714 3049 suas
1738 3020 1772 3050 5.
1797 3007 1894 3050 5οᾶ1
1918 3019 2141 3062 exponere

256 3080 448 3132 possunt
487 3080 532 3120 01
568 3077 756 3133 debent;
790 3078 976 3122 interim
1011 3093 1045 3122 s.
1079 3079 1291 3135 pontifex
1324 3084 1533 3124 censetur
1564 3081 1686 3124 nolle
1719 3081 1941 3137 obligare:
1978 3081 2142 3125 deinde

261 3164 366 3195 vero
400 3152 496 3195 01115
531 3153 791 3196 definitioni
824 3154 1076 3208 parendum
1117 3159 1201 3200 est.
1266 3154 1436 3208 Quodsi
1477 3155 1777 3200 nihilominus
1817 3156 2026 3211 episcopo
2065 3156 2141 3200 lex

256 3240 363 3270 suae
383 3227 574 3271 dioecesi
593 3232 714 3271 certo
736 3228 874 3271 noxia
896 3228 1123 3285 videatur,
1146 3243 1236 3272 non
1259 3233 1444 3274 tenetur
1466 3230 1562 3274 eius
1582 3230 1944 3274 observationem
1963 3243 2138 3285 urgere.

406 3390 437 3445 ¹)
467 3392 671 3448 Populus
724 3405 810 3435 non
850 3396 1022 3449 peccat,
1067 3394 1250 3437 etiamsi
1288 3395 1457 3450 absque
1500 3395 1597 3438 ulla
1637 3408 1775 3439 cansa
1817 3407 1904 3437 non
1946 3393 2143 3450 recantat

252 3465 393 3520 leyem
443 3480 469 3508 α
509 3467 721 3523 principe
759 3469 1112 3523 promulyaz‘am.
1177 3469 1435 3524 Propositio
1483 3469 1553 3513 28.
1603 3469 1660 3513 ab
1708 3469 1978 3513 Alexandro
2039 3468 2138 3515 VII.

260 3539 489 3585 damnata.
