2269 3898
745 101 812 142 De
845 101 1094 145 cessatione
1124 102 1255 157 legis.
1862 111 1947 153 193

222 252 270 284 α.
328 233 629 284 Revocatio
684 251 938 303 expressa
994 234 1055 285 fit
1110 254 1207 304 per
1263 236 1534 289 clausulas
1575 244 1944 295 revocatorias

70 320 177 390 legi
231 322 479 387 insertaS,
534 339 642 390 qua
694 323 905 373 ratione
960 342 991 373 a
1034 324 1265 376 concilio
1320 326 1620 380 tridentino
1679 329 1824 383 facta
1865 341 1945 384 est

70 411 348 460 revocatio
393 409 688 461 multorum
731 410 1165 478 privilegiorum.

219 513 459 556 Clausulae
492 513 807 568 derogatoriae
839 518 947 558 sunt
981 516 1175 571 duplicis
1208 518 1408 572 generis:
1445 522 1702 574 generales:
1753 536 1839 566 non
1874 525 1942 567 ob-

70 587 296 630 stantibus
316 587 593 643 pririleffl'is‘,
636 591 682 631 et
715 589 954 643 speciales:
999 603 1086 633 non
1133 592 1412 636 obstantibus
1444 595 1776 652 quibuscunque
1798 600 1941 654 prici-

69 661 218 717 leqiis,
261 669 348 703 non
397 661 676 704 obstantibus
711 663 973 719 pricileyiis
1018 665 1152 707 etium
1206 666 1398 722 speciali
1440 670 1664 712 mentione
1706 672 1857 726 (liquis
1900 680 1945 716 et

70 735 305 779 eiusmodi.
369 736 454 779 Per
487 737 735 780 clausulam
769 738 1025 792 generalem
1058 752 1148 781 non
1179 744 1471 785 revocantur:
1518 756 1558 785 a.
1604 743 1847 800 privilegia
1881 761 1945 790 re-

71 810 393 865 muneratoria,
442 811 595 864 qualia
639 816 879 855 censentur
925 795 1561 871 privilegia·religiosorum3
1613 818 1648 860 b.
1699 819 1944 876 privilegia

70 897 279 928 concessa
301 898 401 928 cum
425 886 642 942 clausula,
676 888 794 942 quod
827 901 916 930 non
949 892 1216 932 revocentur
1248 889 1337 932 nisi
1364 903 1516 933 eorum
1542 893 1749 946 specialis
1772 896 1944 939 mentio

70 960 178 1010 fiat;
214 974 248 1002 e.
282 959 526 1016 privilegia
558 975 585 1004 a
617 961 804 1005 concilio
828 963 1030 1017 generali
1054 977 1273 1009 concessa.
1320 965 1405 1009 Per
1428 967 1677 1010 clausulam
1703 969 1942 1023 specialem

70 1047 174 1077 vero
208 1034 347 1078 etiam
382 1035 490 1079 haec
522 1042 733 1079 revocata
765 1041 1018 1080 censentur.

221 1123 265 1175 b.
321 1124 620 1176 Revocatio
665 1127 830 1178 tacita
885 1127 945 1202 tit
995 1146 1089 1196 per
1130 1146 1334 1181 novam
1375 1130 1571 1199 legem,
1628 1150 1736 1201 qua
1792 1153 1943 1208 revo-

72 1220 268 1264 cantur
318 1215 504 1266 omnia
558 1215 850 1284 privilegia
909 1219 1184 1268 contraria
1239 1219 1295 1269 in
1337 1220 1455 1270 iure
1498 1224 1778 1281 communi
1822 1242 2009 1275 con-⁴·

72 1309 238 1368 tenta,
283 1305 446 1354 etiam
491 1306 608 1355 sine
649 1304 895 1357 clausula
936 1308 1297 1358 revocatoria.

221 1406 286 1450 Ut
318 1420 397 1462 per
428 1421 593 1451 novam
627 1409 773 1463 legem
806 1415 1042 1452 revocetur
1064 1409 1375 1466 privilegium,
1408 1412 1635 1466 praesumi
1661 1413 1793 1457 debet
1815 1415 1947 1469 legis-

71 1481 262 1524 latorem
296 1495 427 1524 nosse
458 1481 775 1537 privilegium;
818 1483 909 1526 iam
954 1497 1058 1526 vero
1103 1498 1233 1527 nosse
1276 1492 1484 1529 censetur
1529 1487 1788 1543 privilegia,
1833 1503 1946 1543 quae

72 1555 365 1599 continentur
395 1555 444 1598 in
475 1556 573 1599 iure
606 1557 857 1606 communi;
892 1557 1138 1613 privilegia
1170 1563 1324 1603 autem
1358 1561 1588 1616 specialia,
1623 1576 1737 1617 quae
1767 1563 1815 1606 in
1848 1564 1947 1609 iure

72 1629 298 1674 communi
330 1644 420 1673 non
453 1630 759 1685 continentur,
791 1631 1002 1686 ignorare
1034 1638 1255 1677 censetur.
1318 1634 1425 1679 Ideo
1469 1649 1549 1691 per
1590 1651 1753 1681 novam
1799 1639 1946 1694 legem

71 1708 342 1749 revocantur
383 1706 628 1761 privilegia
669 1707 718 1750 in
758 1707 855 1750 iure
895 1708 1121 1751 communi
1165 1712 1392 1763 contenta,
1442 1715 1492 1754 at
1539 1725 1628 1755 non
1674 1718 1946 1757 revocantur

72 1779 317 1835 privilegia
349 1780 578 1836 specialia,
610 1781 699 1825 nisi
732 1795 884 1825 eorum
919 1782 1128 1838 specialis
1162 1783 1333 1827 mentio
1367 1785 1466 1828 fiat

258 1872 485 1940 ,Morte
520 1871 847 1923 concedentis
887 1892 993 1923 non
1033 1881 1201 1951 cessat
1239 1873 1623 1942 privilegium:
1670 1895 1741 1928 ex
1778 1896 1942 1945 gene-

1953 1221 2067 1241 --------

68 1959 169 2011 rali
212 1962 358 2012 enim
401 1946 600 2030 regula
618 1946 815 2029 gratia
827 1947 995 2013 facta
1037 1981 1134 2031 per
1175 1970 1404 2014 mortem
1448 1965 1802 2018 concedentis
1833 1964 2060 2038 nonjgrf.

70 2051 428 2120 extinguitur.
490 2051 665 2102 Morte
708 2069 833 2120 ergo
877 2051 1231 2103 concedentis
1272 2062 1449 2105 cessat
1489 2053 1845 2124 privilegiUm
1887 2047 1973 2108 im

71 2138 278 2208 duplici
321 2157 481 2190 casu:
550 2160 597 2193 a.
655 2142 698 2192 si
742 2159 1062 2192 concessum
1113 2141 1218 2192 fuit
1258 2142 1330 2194 ad
1370 2150 1589 2213 tempus
1630 2146 1779 2196 vitae
1821 2164 1942 2197 con-

71 2227 317 2280 cedentis
359 2228 447 2280 vel
490 2248 615 2281 cum
658 2229 902 2282 clausula
955 2231 1026 2282 ad
1081 2230 1461 2301 beneplacitum
1501 2243 1769 2299 nostrunm
1812 2235 1855 2288 b.
1899 2236 1943 2285 si

70 2319 315 2369 continet
354 2321 592 2386 gratiam
633 2319 948 2372 faciendam
991 2328 1043 2371 et
1083 2340 1169 2372 res
1210 2321 1394 2373 adhuc
1438 2331 1518 2374 est
1559 2324 1792 2393 integra.

830 2603 1045 2616 “WNJ‘KJ*
1048 2604 1113 2617 stus
1116 2605 1185 2617 NJ'N

708 2928 1050 3021 Quaestio
1100 2948 1319 2999 nona.

479 3097 588 3149 De
650 3097 1214 3151 cessatione
1278 3098 1540 3163 legis.

224 3271 540 3342 Tripliciter
578 3271 669 3323 lex
712 3273 833 3342 ipsa
874 3292 1087 3326 cessare
1128 3281 1333 3344 potest:
1400 3294 1447 3328 α.
1502 3292 1599 3343 per
1639 3273 1948 3341 abrogatio-

77 3378 204 3412 nem
247 3360 335 3413 vel
377 3361 824 3429 derogationem3
893 3362 935 3416 b.
988 3381 1085 3434 per
1133 3365 1495 3416 cessationem
1550 3363 1705 3429 finise,
1772 3382 1810 3415 c,
1851 3380 1950 3432 per

78 3449 536 3502 consuetudinem
579 3453 927 3504 contrariam.

168 3554 388 3596 nomin,
414 3555 472 3586 De
496 3555 709 3595 principiis.
1717 3540 1772 3583 13
