2269 3898
740 164 806 206 De
837 167 1001 206 natura
1035 164 1329 208 matrimonii.
1914 169 1967 210 19

761 397 1054 454 Articulus
1096 398 1318 456 tertius,

617 533 694 570 De
728 532 1054 570 matrimonii
1088 532 1455 575 divisionibus.

258 676 349 728 21.
418 676 865 729 Matrimonium
919 677 1247 730 dividitur:
1323 680 1370 728 1.
1434 680 1497 730 In
1561 683 1970 734 matrimonium

106 764 430 833 legitimum,
473 772 651 815 ratum
694 773 745 815 et
787 773 1244 817 consummatum.

259 872 306 904 (ι.
349 853 656 921 Leyitc'mwn
698 863 777 904 est
818 855 1227 905 matrimonium
1270 857 1420 906 iuxta
1464 855 1611 925 leges
1652 860 1784 909 iuris
1822 868 1968 911 natu-

108 940 236 992 ralis
278 949 330 991 et
371 943 594 1015 positivi
637 943 851 1005 initum,
906 944 1039 1012 quin
1090 952 1271 994 tamen
1327 946 1594 996 rationem
1645 950 1971 999 sacramenti

110 1029 326 1095 habeat,
384 1029 618 1100 ideoque
672 1033 1082 1083 matrimonium
1133 1032 1378 1083 validum
1434 1034 1758 1101 infidelium,
1813 1035 1972 1105 quale

110 1138 258 1170 nunc
300 1121 441 1170 iuter
483 1120 724 1185 iudaeos,
766 1128 949 1171 turcas
991 1129 1042 1172 et
1081 1121 1314 1189 gentiles
1355 1122 1710 1176 contrahitur.

261 1207 379 1250 Olim
413 1209 493 1250 hoc
543 1208 850 1251 distinctionis
901 1209 1146 1252 membrum
1182 1224 1206 1252 a
1241 1210 1486 1253 canonistis
1535 1211 1672 1255 etiam
1722 1213 1779 1255 ad
1823 1214 1975 1256 matri*

110 1281 262 1324 monia
296 1281 501 1324 fidelium
536 1282 827 1336 referebatur,
870 1297 968 1325 cum
1004 1284 1344 1327 matrimonium
1386 1284 1645 1339 legitimum
1690 1286 1734 1328 vi
1779 1287 1976 1330 nominis

109 1355 343 1410 significet
396 1356 736 1398 matrimonium
791 1356 922 1398 iuxta
974 1357 1096 1411 leges
1149 1357 1333 1412 initum,
1394 1357 1581 1412 ideoque
1634 1360 1973 1403 matrimonium

110 1429 314 1472 validum
349 1429 443 1473 sive
475 1430 679 1472 fidelium
714 1430 808 1473 sive
840 1430 1119 1480 infidelium,·
1154 1430 1286 1474 hodie
1318 1445 1421 1474 vero
1464 1433 1762 1477 communiter
1793 1435 1850 1477 ad
1884 1436 1978 1478 sola

112 1503 404 1546 matrimonia
436 1503 690 1545 infidelium
724 1503 1071 1558 restringitur¹).

267 1577 311 1629 b.
355 1579 552 1629 Hatram
596 1586 674 1628 est
715 1579 1127 1629 matrimonium
1168 1577 1416 1629 validum
1472 1580 1612 1630 inter
1652 1580 1840 1632 fideles
1881 1584 1977 1633 ini-

114 1674 248 1730 tum,
305 1667 450 1736 quod
494 1683 620 1733 ergo
662 1667 929 1717 rationem
973 1670 1301 1719 sacramenti
1342 1667 1526 1735 habet,
1584 1670 1678 1722 sed
1734 1671 1977 1723 nondum

113 1755 311 1824 copula
366 1755 574 1806 carnali
633 1765 1069 1809 consummatum
1130 1766 1226 1810 est.
1313 1759 1535 1810 Dicitur
1592 1768 1786 1826 ratum,
1851 1763 1980 1829 quia

114 1844 345 1896 ecclesia
387 1844 522 1896 illud
562 1853 741 1896 ratum
785 1845 952 1897 habet
993 1856 1045 1897 et
1085 1847 1369 1916 approbat.

265 1953 304 1985 e.
343 1931 760 1986 Cousummatum
786 1943 865 1985 est
895 1937 1304 1987 matrimonium
1325 1936 1589 1998 validum,
1616 1937 1760 2005 quod
1785 1936 1982 2006 copula

124 2021 331 2072 carnali
363 2022 690 2091 completum
726 2032 820 2088 est,
865 2032 916 2073 et
946 2024 1130 2087 efficit,
1163 2032 1220 2074 ut
1249 2026 1507 2099 coniuges
1536 2026 1670 2077 fiant
1698 2044 1808 2076 una
1837 2044 1978 2077 caro.

266 2110 399 2152 Patet
433 2111 774 2154 matrimonium
818 2116 913 2154 tum
950 2111 1209 2166 legitimum
1255 2112 1510 2155 infidelium
1553 2123 1651 2156 tum
1693 2119 1844 2157 ratum
1877 2115 1982 2157 fide-

118 2184 230 2226 lium
266 2184 364 2227 fieri
399 2198 526 2239 posse
560 2190 934 2228 consummatum.
999 2185 1063 2228 Ut
1096 2186 1437 2229 matrimonium
1488 2200 1588 2230 vere
1621 2194 1980 2232 consummatum

118 2258 207 2300 dici
241 2258 399 2313 possit,
431 2259 699 2313 requiritur:
736 2274 776 2301 α.
810 2266 862 2302 ut
895 2260 1054 2314 copula
1087 2260 1280 2303 carnalis
1314 2260 1374 2302 sit
1407 2262 1607 2315 perfecta
1638 2261 1666 2303 1.
1691 2275 1726 2305 e.
1761 2275 1814 2305 ex
1847 2275 1892 2304 se
1925 2263 1982 2305 ad

118 2332 458 2386 generationem
493 2338 628 2387 apta,·
667 2334 704 2382 .3.
738 2338 791 2376 ut
824 2338 930 2376 ante
964 2334 1168 2388 copulam
1193 2347 1347 2377 verum
1382 2335 1723 2378 matrimonium
1757 2336 1982 2379 adfuerit:

120 2406 224 2449 hinc
273 2406 308 2449 si
359 2406 445 2449 duo
489 2411 596 2450 ante
643 2407 984 2450 matrimonium
1034 2408 1239 2462 copulam
1289 2408 1485 2451 habeant
1534 2414 1581 2452 et
1630 2409 1789 2453 deinde
1832 2410 1984 2453 matii-

121 2480 322 2523 monium
357 2481 642 2535 contr,ahant
677 2482 758 2524 hoc
785 2485 891 2524 ante
924 2494 1086 2524 novam
1121 2482 1325 2536 copulam
1359 2482 1406 2525 in
1439 2482 1536 2537 ipso
1569 2483 1859 2526 matrimonio
1893 2497 1985 2539 per-

119 2558 269 2597 actam
303 2568 391 2597 non
425 2554 593 2598 dicitur
630 2559 1005 2598 consummatum.

274 2644 322 2695 2.
378 2645 449 2694 Ι11
484 2646 911 2696 matrimonium
953 2662 1164 2711 verum,
1220 2653 1610 2714 praesumtum,
1655 2646 1984 2713 putativum.

275 2752 324 2783 α.
377 2732 562 2783 Verum
605 2751 700 2784 seu
733 2733 979 2785 validum
1014 2733 1231 2800 dicitur,
1263 2734 1408 2803 quod
1437 2735 1617 2800 reipsa
1645 2741 1984 2784 contractum

126 2828 180 2870 et
221 2838 330 2889 qua
370 2819 478 2871 tale
521 2820 812 2889 probatum
856 2829 936 2872 est
974 2821 1156 2891 aliquo
1215 2841 1282 2873 ex
1335 2824 1401 2873 iis
1451 2824 1787 2890 argumentis
1828 2824 1892 2889 (e.
1935 2840 1984 2890 g.

126 2909 440 2959 testimonio
479 2909 743 2978 parochi),
787 2909 986 2978 quibus
1014 2920 1066 2961 et
1094 2919 1274 2962 cetera
1303 2912 1522 2979 negotia
1550 2911 1770 2979 probari
1798 2903 1986 2963 solent.

278 2997 321 3049 b.
364 2997 723 3048 Praesumtum
781 2998 994 3065 dicitur,
1046 2999 1208 3068 quod,
1268 3000 1366 3050 etsi
1420 3000 1558 3050 forte
1614 3018 1721 3050 non
1773 3001 1988 3066 existat,

128 3105 160 3136 a
201 3087 318 3137 iure
358 3093 560 3152 tamen,
603 3088 778 3155 posito
821 3087 1005 3156 aliquo
1047 3088 1209 3152 factO,
1249 3096 1308 3139 ut
1337 3088 1578 3139 existens
1606 3090 1990 3157 praesumitur.

129 3174 380 3240 Factum,
425 3193 493 3226 ex
527 3193 632 3244 quo
663 3175 894 3227 ecclesia
921 3178 1333 3228 matrimonium
1364 3178 1560 3228 initum
1588 3176 1989 3245 praesumebat,

133 3270 248 3314 erat
289 3262 485 3334 copula
526 3283 556 3315 a
599 3265 811 3333 sponsis
848 3264 1068 3327 habita;
1111 3284 1259 3317 nunc
1284 3274 1467 3318 autem
1496 3266 1631 3317 haec
1657 3268 1991 3335 praesumtio

132 3353 265 3403 iuris
306 3352 540 3422 ideoque
580 3354 991 3405 matrimonium
1033 3363 1405 3423 praesumtum
1447 3354 1768 3423 abrogatum
1811 3362 1906 3407 cst.

286 3499 317 3552 1)
348 3501 414 3543 Cf.
448 3501 724 3544 Benedictus
756 3501 829 3544 XI
843 3502 882 3544 V.
917 3502 983 3544 De
1015 3502 1182 3555 synodo
1215 3503 1244 3545 l.
1278 3503 1317 3545 8.
1351 3517 1385 3546 c.
1422 3502 1488 3544 12
1521 3516 1563 3544 n.
1598 3502 1637 3544 τ’).
