2269 3898
710 193 776 235 De
811 191 1105 234 distinctione
1138 195 1436 247 peccatorum.
1915 189 2000 232 295

141 327 387 370 secundum
422 339 482 380 se,
514 338 621 368 num
657 324 718 366 sit
751 323 925 377 aiiquid
960 337 1176 378 magnum
1210 324 1281 366 vel
1315 336 1529 378 pai-mum
1578 324 1616 372 β.
1649 335 1718 365 res
1750 321 1798 364 in
1831 335 2002 376 compa-

136 401 312 443 ratione
345 400 401 442 ad
436 403 602 452 totum,
636 399 752 452 quod
786 397 1080 452 praecipitur,
1112 403 1267 440 utrum
1302 397 1364 439 sit
1395 396 1612 439 notabilis
1644 409 1803 449 necne;
1849 410 1887 447 γ.
1932 408 2002 437 res

134 475 183 517 in
217 474 372 518 ordine
403 474 461 517 ad
492 474 629 516 finem
664 472 908 526 praecepti,
944 486 1050 514 num
1097 471 1193 514 eius
1238 470 1419 513 omissio
1463 472 1544 512 fini
1591 483 1669 524 per
1710 472 2001 524 praeceptum

134 548 313 591 intento
345 547 553 596 {multum
586 546 657 588 vel
706 559 865 599 parum
916 545 1140 587 detrahat.
1203 544 1394 587 Normae
1442 544 1607 587 instiar
1659 544 1803 587 statui
1851 548 2003 598 potest

136 625 346 676 quartam
379 624 555 680 partem
590 619 808 662 materiae
841 619 1013 673 peccati
1048 618 1254 661 mortalis
1288 631 1382 661 esse
1413 618 1659 672 notablem‚
1698 622 1873 672 partem
1897 630 2001 660 vero

141 681 304 749 quarta
326 680 553 737 minorem
591 707 644 736 ex
677 693 909 748 parvitate
941 692 1160 735 materiae
1203 705 1296 735 esse
1338 692 1578 746 venialem,
1623 691 1711 735 nisi
1756 692 2001 734 secundum

137 782 183 812 se
214 769 286 811 vel
317 768 495 811 ratione
528 768 634 810 finis
667 767 836 810 intenti
873 766 1061 809 dicenda
1094 767 1156 809 sit
1188 766 1417 810 notabilis

283 916 415 969 ⁶269.
496 917 542 969 2.
586 915 752 966 Plena
794 915 1139 968 advertent-ia.
1222 934 1270 967 a.
1313 914 1632 983 Requiritur
1673 914 2002 964 advertenda

134 1004 205 1056 ad
244 1023 452 1073 qravem
493 1003 904 1073 obligationem,
948 1003 1158 1055 scilicet
1183 1004 1439 1072 cognosci
1471 1002 1634 1053 debet
1659 1010 1843 1053 actum
1887 1019 2000 1051 esse

136 1102 325 1144 contra
363 1093 541 1161 legem
581 1096 827 1162 graviter
863 1092 1216 1162 obligantem7
1260 1093 1598 1143 sanctionem
1641 1098 1824 1142 autem
1866 1088 2002 1158 legis
2046 1080 2049 1088 ⁹

133 1184 376 1251 graviter
400 1181 696 1251 obligantis
723 1184 1020 1233 consistere
1046 1184 1102 1232 in
1132 1182 1426 1232 amissione
1454 1180 1577 1248 Dei,
1610 1179 1808 1230 summi
1839 1177 2001 1240 boni3

134 1273 228 1340 qui
281 1289 390 1323 non
445 1270 695 1322 obstante
749 1271 854 1322 hac
910 1272 1224 1339 cognitione
1274 1270 1451 1338 legem
1508 1267 1926 1335 transgreditur,
1970 1285 2001 1316 a

132 1360 242 1410 fine
282 1359 476 1411 ultimo
520 1361 744 1413 excidit.

283 1449 327 1500 b.
372 1449 527 1500 Haec
587 1449 932 1500 advertentia
994 1448 1157 1499 debet
1215 1466 1330 1498 esse
1386 1446 1567 1517 plena,
1629 1464 1738 1497 non
1800 1444 2003 1496 sufficit

133 1538 453 1608 semiplena,
497 1546 552 1589 at
592 1557 700 1589 non
737 1539 1048 1607 requiritur,
1095 1546 1155 1587 ut
1195 1539 1263 1587 sit
1305 1536 1451 1587 clara
1493 1545 1547 1588 et
1589 1536 1864 1597 distincta,
1906 1533 2002 1584 sed
2060 1542 2063 1543 ’

2060 1014 2109 1091 ²1⁷
2126 1020 2178 1080 »“’

133 1627 336 1678 sufficit
377 1626 606 1677 confusa
645 1629 832 1695 gravis
875 1625 1226 1693 obligationis
1270 1627 1507 1694 cognitio
1551 1623 1622 1694 (n.
1667 1624 1751 1676 28.
1797 1622 1904 1690 35).

281 1736 320 1768 c.
365 1704 816 1768 Si‘adver'tentia
874 1715 1035 1784 plena
1078 1723 1172 1781 est,
1232 1716 1397 1765 etiam
1456 1732 1755 1765 consensus
1810 1712 1999 1762 volun-

131 1807 257 1856 tatis
297 1805 490 1874 plenus
533 1814 584 1855 et
624 1805 899 1873 perfectus
942 1811 1050 1870 est3
1114 1813 1167 1855 et
1226 1805 1269 1854 si
1311 1803 1657 1854 advertentia
1699 1800 2001 1870 semiplena

131 1902 228 1960 est,
287 1896 453 1945 etiam
496 1912 791 1945 consensus
833 1893 1133 1944 voluntatis
1191 1894 1497 1944 necessario
1541 1900 1620 1942 est
1665 1890 2001 1958 semiplenus

132 1992 185 2033 et
206 1984 586 2052 imperfectus:
616 1985 793 2034 omnis
818 1984 962 2034 enim
987 1992 1143 2034 actus
1165 1983 1441 2034 humanus
1463 1981 1703 2051 perfecte
1725 1979 2000 2030 humanus

132 2081 228 2133 est,
273 2073 378 2123 nisi
420 2091 548 2123 usus
589 2074 816 2123 rationis
858 2072 1210 2141 impediatur.

282 2176 332 2229 (Ζ.
377 2175 544 2244 »Siqua
585 2175 901 2246 semiplenae
945 2176 1303 2227 aclis-artemiae
1346 2185 1493 2226 sunt:
2009 2216 2028 2224 t

281 2279 321 2306 α.
356 2264 401 2307 Si
437 2264 536 2318 quis
570 2265 661 2307 alia
693 2278 739 2307 re
773 2270 1018 2320 occupatus
1052 2269 1098 2308 et
1132 2265 1380 2307 distractus
1415 2263 1558 2306 obiter
1591 2268 1635 2306 et
1670 2262 1871 2306 tenuiter
1904 2265 2000 2304 tan-

135 2347 234 2381 tum
269 2338 571 2394 apprehendit
603 2352 694 2382 rem
731 2352 825 2382 esse
858 2339 1041 2393 malam,
1073 2339 1145 2381 vel
1179 2338 1215 2381 si
1250 2339 1307 2381 ad
1339 2345 1574 2393 peccatum
1598 2351 1757 2393 parum
1782 2335 1997 2380 attendit.

282 2414 320 2462 ,3.
355 2412 399 2455 Si
434 2413 534 2467 quis
558 2413 900 2456 semidormiens
922 2414 994 2456 vel
1019 2413 1283 2456 semiebrius
1306 2413 1377 2456 vel
1402 2412 1686 2455 semidelirus
1709 2412 1781 2454 vel
1806 2409 1999 2453 rationis

127 2488 329 2530 nondum
363 2489 563 2542 perfecte
597 2501 775 2542 compos
809 2492 890 2530 est.
2022 2485 2023 2489 ’

276 2577 315 2613 γ.
351 2562 396 2605 Si
431 2562 530 2617 quis
564 2563 825 2605 vehementi
859 2562 1068 2617 passione
1099 2563 1171 2605 vel
1205 2562 1357 2617 aliqua
1391 2562 1543 2604 mania
1577 2561 1790 2603 turbatus
1824 2566 1907 2603 est.

279 2636 317 2683 ὃ.
352 2637 398 2679 Si
432 2637 531 2690 quis
564 2636 830 2680 immediate
863 2642 966 2691 post
998 2638 1173 2679 fact-um
1209 2636 1287 2678 vix
1320 2637 1597 2695 recordatur,
1633 2635 1741 2689 quid
1775 2634 1934 2688 egerit.

280 2724 312 2750 ε.
347 2708 392 2751 Si
426 2709 525 2763 quis
559 2714 661 2764 post
692 2711 867 2753 factum
900 2723 994 2753 rem
1028 2710 1188 2753 melius
1222 2710 1500 2765 perpendens
1533 2709 1720 2752 iudicat
1740 2720 1786 2751 se
1825 2707 1872 2750 id
1909 2694 2019 2750 fac-f

128 2788 283 2826 turum
317 2797 406 2826 non
438 2783 594 2836 fuisse,
628 2783 665 2826 si
699 2783 862 2826 melius
895 2784 1283 2838 apprehendisset.
2014 2780 2015 2793 ³

280 2872 367 2925 Qui
387 2873 610 2928 cofflzoscit
630 2872 806 2926 quidem
829 2886 879 2915 se
901 2874 1023 2916 male
1045 2888 1197 2929 affere,
1230 2874 1313 2917 sed
1332 2874 1399 2916 nil
1411 2887 1614 2929 prorsus
1635 2873 1814 2929 coyitat',
1845 2875 1997 2914 utrum

128 2961 207 2990 res
225 2947 384 3002 qravis
406 2960 463 2988 an
487 2946 597 2989 levis
618 2946 694 2999 sit,
717 2946 987 2992 venialiter
1010 2952 1204 2993 tantum
1237 2955 1434 3006 peccat:
1472 2962 1584 2993 nam
1619 2962 1659 2990 a.
1695 2961 1789 2992 non
1821 2952 1998 3006 peccat

128 3021 367 3078 graviter,
403 3020 516 3078 quia
552 3033 756 3077 gravem
782 3021 1131 3078 obligationem
1157 3023 1289 3067 nullo
1313 3022 1453 3067 modo
1479 3021 1833 3080 apprehendi&
1868 3022 1905 3063 b.
1942 3034 1996 3065 eo

126 3095 245 3152 ipso,
281 3094 407 3152 quod
438 3109 541 3140 rem
577 3107 671 3138 non
706 3095 1035 3152 apprehendit
1076 3102 1130 3141 ut
1176 3110 1393 3153 gravem,
1436 3096 1486 3141 in
1529 3096 1629 3142 levi
1672 3096 1849 3142 sistere
1888 3109 1998 3140 cen-

127 3175 278 3225 setur,
323 3169 418 3214 nisi
450 3182 531 3214 res
565 3168 639 3213 ita
674 3174 808 3214 certe
842 3170 1012 3227 gravis
1048 3171 1125 3227 sit,
1170 3176 1224 3216 ut
1257 3171 1426 3228 gravis
1460 3171 1655 3217 malitia
1691 3185 1796 3216 eum
1831 3170 1993 3214 latere

126 3256 219 3287 non
252 3243 420 3300 possit.

279 3317 366 3370 Qui
394 3317 584 3363 dubitat,
617 3321 769 3361 utrum
805 3319 981 3374 aliquid
1007 3333 1148 3374 μνία-ε
1182 3333 1239 3361 an
1273 3320 1365 3362 leve
1397 3320 1473 3373 stt,
1516 3326 1565 3365 et
1600 3320 1743 3364 dubio
1786 3318 1995 3364 nondum

129 3391 350 3448 deposito
375 3392 495 3449 agit,
528 3392 756 3449 graviter
777 3398 965 3460 peccatz
1001 3394 1121 3451 quia,
1142 3393 1420 3440 deliberate
1456 3408 1506 3440 se
1543 3394 1741 3450 exponit
1772 3392 1994 3451 periculo

126 3463 290 3510 Deum
312 3465 541 3522 graviter
565 3465 866 3512 offendendi:
903 3468 1154 3525 cognoscit
1177 3468 1305 3514 enim
1331 3468 1573 3514 actionem
1608 3482 1743 3514 suam
1778 3465 1994 3513 fortasse

127 3537 290 3584 Deum
323 3539 550 3596 graviter
584 3539 834 3586 offendere
869 3547 917 3586 et
950 3541 1265 3588 nihilominus
1301 3543 1361 3588 ab
1398 3556 1457 3588 ea
1491 3556 1585 3588 non
1606 3538 1850 3588 abstinet.
