2269 3898
751 144 818 186 De
851 143 1029 186 actibus
1061 143 1286 186 humanis.
1893 145 1947 185 31

87 276 428 342 ambulandi,
486 276 744 341 videndi3
800 278 954 326 minet-i
1007 275 1281 342 dicuntur,
1341 278 1431 345 qui
1493 296 1523 326 a
1565 277 1822 344 potentiis
1864 294 1952 326 ex·

89 368 259 417 ternis
301 374 352 417 et
392 366 622 416 internis
660 363 823 415 simul
850 373 1178 415 exercentur
1205 372 1264 415 ut
1293 374 1499 415 attenta
1530 366 1700 415 oratio
1729 363 1950 429 vocalis,

91 455 292 506 devota
332 455 577 505 adoratio
620 472 716 522 per
755 453 1215 520 genuflexionem.

237 573 490 615 Secundum
543 572 683 614 alium
739 570 1056 613 considerandi
1104 571 1285 613 modum
1335 577 1463 613 actus
1512 572 1684 613 interni
1734 574 1955 613 vocantur

85 651 216 691 actus
249 647 390 690 eliciti
423 661 450 690 a
472 648 726 700 voluntate,
760 652 805 689 et
839 646 1021 687 externi
1050 650 1179 688 actus
1210 659 1234 687 a
1258 647 1496 688 voluntate
1529 645 1757 699 imperati,
1789 645 1954 699 quippe

91 721 166 777 qui
201 722 416 764 voluntati
446 721 540 764 sint
573 720 764 774 externi,
808 719 902 762 sive
948 719 1052 762 dein
1085 733 1110 762 a
1143 719 1364 773 potentiis
1406 718 1598 761 internis
1632 719 1724 761 sive
1756 719 1954 762 externis

83 800 360 840 exercentur.

237 901 288 952 3.
330 900 508 952 Actus
550 899 696 964 boni,
742 898 887 963 mali,
931 898 1341 949 indifferentes:
1387 898 1508 948 boni
1542 897 1816 960 dicuntur,
1862 898 1954 964 qui

90 997 272 1041 rectae
311 989 512 1040 rationi
554 996 682 1039 sunt
722 987 1061 1051 conformes3
1110 985 1250 1052 mali,
1294 988 1386 1055 qui
1429 994 1610 1037 rectae
1651 986 1850 1036 rationi
1880 1004 1954 1035 re-

90 1085 364 1148 pugnant3
422 1076 797 1147 indifferentes,
858 1077 951 1145 qui
1007 1084 1189 1126 rectae
1242 1077 1440 1126 rationi
1495 1093 1596 1126 nec
1651 1074 1956 1125 conformes

91 1175 217 1219 sunt
252 1186 355 1218 nec
395 1174 734 1236 repugnant3
778 1166 835 1216 hi
878 1165 1009 1217 boni
1054 1165 1142 1217 vel
1181 1165 1309 1216 mali
1338 1165 1583 1216 evadunt
1611 1165 1956 1233 potissimum

87 1276 157 1308 ex
198 1257 322 1321 fine,
378 1265 599 1325 propter
647 1274 806 1326 quem
864 1255 1016 1308 fiunt.
1063 1287 1131 1291 „-
1174 1255 1350 1306 Actus
1393 1255 1570 1306 bonus
1611 1261 1705 1304 aut
1746 1252 1956 1303 indiffe-

89 1365 215 1398 rens
271 1347 721 1397 vocatur‘etiam
779 1345 970 1409 licitus,
1033 1346 1162 1413 quia
1222 1343 1371 1395 nulla
1431 1343 1549 1411 lege
1606 1341 1954 1411 prohibetur:

89 1435 265 1486 malus
307 1454 435 1487 vero
478 1443 831 1503 nuncupatur
872 1433 1107 1498 illicita&
1152 1435 1282 1502 quia
1323 1433 1430 1499 legi
1474 1432 1561 1482 vel
1606 1432 1829 1482 divinae
1872 1429 1959 1480 vel

90 1523 365 1576 humanae
407 1526 716 1593 opponitur.

236 1645 285 1697 4.
331 1643 443 1695 Alii
485 1653 638 1696 actus
664 1652 790 1695 sunt
819 1643 1113 1709 naturales,
1158 1642 1252 1693 alii
1297 1639 1767 1710 supernaturales:
1810 1648 1957 1690 nuru·

90 1732 232 1784 rales
295 1733 373 1784 illi
442 1742 737 1799 vocantur,
816 1734 909 1803 qui
985 1732 1111 1784 solis
1186 1739 1413 1783 naturae
1481 1729 1692 1781 viribus
1761 1728 1954 1797 produ-

90 1830 314 1889 cuntur3
382 1823 816 1893 supernaturales
874 1822 978 1887 illi,
1047 1824 1138 1891 qui
1203 1820 1409 1872 auxilio
1470 1820 1693 1870 divinae
1750 1818 1958 1886 gratiae

92 1913 468 1980 perficiuntur.
566 1914 741 1964 Actus
809 1920 922 1963 tum
994 1910 1270 1963 naturales
1338 1918 1454 1960 tum
1515 1906 1958 1977 supernaturales

95 2001 353 2053 dicuntur
404 2004 663 2053 meritorii

92 2089 244 2141 butio
286 2092 636 2160 rependatur.

665 2046 677 2071 7
731 2010 893 2071 prout
942 2001 1094 2070 digni
1147 2008 1287 2066 sunt,
1341 1999 1541 2069 quibus
1581 1998 1764 2066 aliqua
1806 1997 1955 2047 retri-

241 2209 495 2253 Discrimen
526 2211 648 2255 inter
679 2215 808 2254 actus
839 2211 1074 2253 naturales
1107 2214 1151 2252 et
1186 2207 1553 2263 supernaturales
1587 2219 1675 2248 non
1709 2205 1764 2247 ab
1789 2204 1959 2247 obiecto

91 2288 222 2326 actus
255 2284 331 2326 sed
364 2298 390 2327 a
422 2284 644 2339 principio
688 2285 896 2328 eliciente
946 2283 1222 2327 desumitur:
1271 2295 1376 2324 nain
1426 2286 1478 2322 ut
1527 2284 1656 2322 actus
1704 2279 1765 2321 sit
1813 2290 1960 2332 super-

93 2357 330 2409 naturalis,
385 2359 658 2414 principium
714 2359 1058 2414 supernaturale
1113 2357 1361 2411 requiritur
1413 2360 1458 2398 et
1523 2353 1712 2407 sufficit,
1776 2357 1959 2395 econtra

95 2431 318 2475 obiectum
353 2435 698 2487 supernaturale
729 2447 809 2476 nec
841 2432 1089 2487 requiritur
1121 2444 1201 2474 nec
1234 2429 1423 2473 sufficit.
1458 2429 1574 2471 Sane
1597 2426 1958 2481 supernaturalis

95 2510 164 2549 est-
197 2511 325 2549 aetus
356 2506 617 2550 intellectus
650 2507 821 2550 auxilio
854 2507 1032 2561 gratiae
1064 2505 1241 2560 positus
1275 2504 1391 2546 circa-
1414 2502 1656 2546 veritatem
1679 2501 1956 2549 naturalen1;

94 2584 223 2623 actus
255 2586 406 2624 autem
442 2581 538 2624 sine
584 2581 755 2625 auxilio
803 2581 981 2636 gratiae
1030 2580 1205 2634 positus
1254 2578 1371 2620 circa
1418 2576 1661 2620 veritatem
1711 2575 1959 2617 revelatam

97 2656 455 2709 supernaturalis
487 2669 576 2699 non
609 2660 690 2699 est.

248 2760 297 2812 5.
343 2760 455 2812 Alii
499 2769 625 2812 sunt
666 2760 855 2826 validi,
899 2759 990 2810 alii
1032 2756 1297 2809 invalidi:
1342 2755 1511 2806 valide:
1551 2753 1826 2818 dicuntur7
1870 2753 1962 2820 qui

95 2849 340 2917 gaudent
393 2849 650 2901 omnibus
702 2850 979 2918 requisitis
1034 2847 1102 2898 ad
1157 2847 1439 2916 proprium
1493 2861 1652 2894 suum
1705 2842 1959 2892 effectum

98 2937 543 3007 producendum:
586 2938 817 2990 invalidi
844 2946 1046 3004 autem,
1085 2936 1285 3006 quibus
1315 2934 1467 2986 deest
1495 2932 1678 3001 aliqua
1708 2930 1959 2981 condicio

96 3027 170 3078 ad
211 3027 267 3078 id
307 3030 642 3094 necessaria3
686 3031 764 3080 sic
806 3035 995 3078 votum
1039 3026 1241 3077 dicitur
1283 3023 1547 3086 validum,
1591 3020 1738 3090 quod
1778 3037 1958 3070 neces-

98 3119 268 3168 sarias
334 3118 686 3170 condiciones
752 3117 920 3169 habet
985 3116 1054 3167 ad
1116 3112 1489 3165 inducendam
1550 3109 1958 3177 obligationem.

97 3207 286 3263 Validi
340 3216 467 3259 sunt
518 3216 613 3260 aut
662 3205 1025 3258 rescindibiles
1078 3212 1171 3255 aut
1211 3199 1625 3253 z'rrescinclibiles
1668 3204 1826 3266 prout
1867 3195 1959 3245 hu—

101 3318 266 3351 mana
321 3298 604 3350 voluntate
658 3296 899 3349 rescindi
956 3313 1050 3346 seu
1106 3295 1163 3344 vi
1212 3283 1317 3343 'sua
1373 3290 1579 3359 privari
1639 3292 1863 3355 possunt
1904 3292 1962 3333 ut

99 3396 245 3456 vota,
289 3395 614 3455 contractus,
656 3394 898 3447 autnon
940 3394 1168 3458 possunt
1208 3389 1268 3432 ut
1308 3384 1664 3431 sacramenta.
