2269 3898
625 125 690 168 De
721 124 1063 179 impedimentis
1096 122 1392 166 matrimonii.
1862 124 1945 166 197

223 261 270 312 2.
316 258 676 311 Homicidimn
717 257 786 308 ab
816 276 927 308 una
968 266 1122 326 parte
1164 266 1458 325 patratum,
1502 258 1600 308 etsi
1644 258 1818 308 inscia
1859 256 1947 307 vel

67 351 242 401 etiam
281 350 461 400 invita
494 347 664 399 altera
704 355 878 415 parte,
922 366 1033 396 cum
1061 346 1347 397 intentione
1375 346 1598 397 ineu-ndi
1625 347 1950 397 matrimonii

68 457 201 490 cum
245 437 511 507 complice
553 435 836 497 adulterii;
882 453 1007 503 ergo
1052 453 1163 486 non
1186 437 1500 504 requiritur,
1544 443 1603 486 ut
1631 436 1794 487 ambo
1826 454 1949 487 con-

72 529 284 597 spirent
324 528 381 577 in
424 527 773 591 occisionem7
818 525 913 576 sed
957 524 1174 590 sufficit,
1220 532 1279 574 ut
1320 524 1583 576 alteruter
1623 543 1720 594 per
1762 544 1818 576 se
1859 524 1949 576 Vel

74 635 173 686 >per
214 616 382 667 alium
426 633 547 666 eam
590 623 833 683 peragat.

224 706 345 760 Ergo
377 718 457 747 nec
489 703 689 747 intentio
722 704 957 746 homicidii
992 702 1207 758 patrandi
1254 716 1334 745 nec
1375 702 1572 745 intentio
1607 703 1836 746 homicidii
1875 717 1948 757 pa·

76 780 231 824 trandi
265 780 323 823 ad
354 779 603 822 ineundum
638 778 983 821 matrimonium
1017 777 1151 820 alteri
1185 777 1307 831 parti
1352 776 1639 819 manifestari
1684 777 1829 832 debet,
1874 778 1952 821 sed

68 855 275 899 intentio
306 854 496 897 ineundi
530 867 630 896 cum
664 853 765 907 ipsa
798 852 1081 895 matrimonii
1114 851 1248 895 alteri
1283 851 1404 906 parti
1437 856 1547 894 nota
1581 851 1641 894 sit
1675 857 1869 906 oportet.

227 947 274 998 3.
319 945 468 996 sssors
510 943 745 1012 coniugis
784 942 1004 993 realiter
1045 951 1234 992 secuta.

230 1108 361 1162 126.
403 1109 487 1164 Et
527 1123 602 1161 ex
646 1107 774 1161 solo
817 1106 1120 1159 adulterio
1153 1119 1287 1158 cum
1327 1105 1732 1172 promissione
1773 1109 1956 1158 matri-

82 1201 254 1252 monii
304 1217 399 1250 seu
447 1217 516 1249 ex
559 1198 790 1248 crimine
832 1204 1015 1247 neutro
1049 1202 1306 1265 patrante
1349 1195 1557 1245 oriatur
1597 1194 1958 1263 impedimen-

75 1299 195 1341 tum
239 1289 377 1339 haec
418 1288 802 1356 requiruntur:

233 1394 278 1444 1.
336 1390 670 1443 Adulterium
719 1409 930 1455 verum,
982 1408 1050 1440 ex
1110 1397 1341 1457 utraque
1404 1398 1558 1456 parte
1619 1389 1845 1440 formale
1908 1398 1960 1440 et

80 1483 385 1552 perfectum
426 1491 486 1531 ut
527 1499 690 1549 supra
734 1479 1071 1548 explicatum
1117 1488 1211 1530 est.

233 1587 283 1638 2.
325 1586 611 1636 Promissio
663 1584 988 1635 matrimonii
1046 1592 1168 1652 post
1228 1591 1458 1633 mortem
1522 1584 1771 1650 coniugis
1835 1602 1959 1635 cum

80 1675 331 1728 adultero
374 1674 605 1725 ineundi
665 1693 790 1725 vera
844 1677 978 1740 (non
1037 1672 1245 1723 sufficit
1301 1671 1466 1737 fictas,
1527 1671 1771 1723 absoluta
1827 1675 1961 1739 (non

71 1765 287 1817 ‘sufficit
326 1762 736 1831 condicionata)
782 1773 834 1814 et
874 1771 1052 1814 mutim
1095 1764 1128 1815 i.
1175 1780 1217 1814 e.
1264 1780 1332 1813 ex
1375 1781 1484 1812 una
1527 1772 1680 1830 parte
1722 1762 1868 1813 facta
1912 1771 1962 1813 et

84 1872 155 1907 ex
196 1854 367 1906 altera
408 1862 693 1922 acceptata
739 1870 863 1903 cum
905 1852 1347 1920 repromissione.

232 1958 271 1986 [ι.
307 1944 422 1986 Post
451 1945 639 1985 mortem
674 1942 877 1997 confossis
908 1941 1116 1984 ineundi:
1168 1941 1335 1983 etenim
1386 1940 1422 1982 si
1473 1941 1763 1995 promittitur
1811 1941 1964 1984 matri·

84 2019 286 2063 monium
319 2018 568 2061 ineundum
604 2018 748 2060 altero
782 2016 973 2071 coniuge
1006 2016 1152 2058 adhuc
1186 2015 1385 2070 vivente,
1427 2028 1516 2058 non
1558 2015 1846 2058 contrahitur
1885 2015 1963 2058 im-

82 2094 412 2150 pedimentum,
446 2092 551 2147 quia
586 2092 710 2134 deest
744 2091 862 2134 ratio
895 2090 1229 2145 impedimenti,
1264 2103 1376 2144 quae
1410 2096 1492 2144 est,
1526 2104 1581 2132 ne
1615 2090 1852 2144 promissio
1888 2091 1963 2133 det

73 2182 239 2213 ansam
277 2168 529 2222 captandae
563 2166 723 2209 mortis
757 2165 977 2220 coniugis.

234 2244 271 2285 b.
306 2243 350 2285 Si
374 2242 625 2298 promissio
648 2240 931 2284 matrimonii
955 2243 1195 2282 revocatur
1218 2249 1324 2283 ante
1356 2239 1635 2282 adulterium
1660 2241 1964 2295 commissum,

90 2319 267 2362 nullum
302 2317 449 2360 oritur
479 2316 884 2371 impedimentum;
931 2315 1089 2370 quodsi
1123 2321 1363 2358 revocatur
1396 2321 1499 2369 post
1532 2315 1810 2358 adulterium
1854 2330 1966 2358 com-

87 2393 292 2447 missum,
324 2406 414 2434 non
447 2397 591 2434 cessat
625 2390 1006 2446 impedimentum
1040 2390 1131 2432 iam
1167 2395 1465 2433 contractum.

235 2482 269 2510 c.
303 2466 646 2509 Matrz'monimn
684 2468 950 2508 attentatum
986 2465 1057 2507 vel
1091 2464 1434 2507 matrimonium
1482 2464 1608 2506 sicile
1651 2465 1797 2506 locum
1841 2469 1967 2507 tenet

90 2541 415 2597 promissionis.
481 2540 526 2584 Si
560 2540 661 2594 quis
695 2553 801 2595 ergo
837 2546 939 2594 post
973 2539 1142 2581 initum
1186 2538 1390 2581 validum
1435 2538 1778 2582 matrimonium
1824 2539 1965 2581 divor-

90 2617 207 2660 tium
243 2616 377 2660 civile
409 2616 669 2670 assequitur
703 2623 748 2659 et
783 2615 950 2660 deinde
983 2627 1151 2657 novum
1186 2613 1529 2656 matrimonium
1565 2613 1698 2656 civile
1738 2613 1967 2656 contrahit

89 2691 295 2746 illudque
326 2691 511 2734 vivente
541 2690 692 2745 priore
732 2690 924 2744 coniuge
969 2694 1270 2743 consummat,
1313 2688 1544 2731 contrahit
1587 2688 1968 2743 impedimentum

87 2766 315 2815 criminis;
351 2779 487 2820 quare
520 2772 702 2808 mortua
734 2765 883 2820 priore
927 2764 1118 2819 coniuge
1161 2777 1251 2806 non
1291 2769 1443 2818 potest
1491 2762 1586 2805 sine
1632 2762 1970 2817 dispensatione

83 2840 437 2884 matrimonium
470 2840 585 2883 inire
618 2853 719 2883 cum
754 2840 945 2894 coniuge
979 2838 1120 2892 civili,
1168 2838 1257 2881 nisi
1291 2838 1399 2881 haec
1449 2838 1573 2892 prius
1624 2837 1969 2880 matrimonium

89 2915 388 2970 ignoraverit.

203 3019 207 3022 -
239 2990 280 3032 d.
316 2991 427 3033 Cum
463 2990 706 3043 sententia,
741 3002 854 3043 quae
888 2989 1017 3031 docet
1048 2988 1219 3030 incurri
1252 2987 1633 3042 impedimentum
1668 3000 1722 3030 ex
1745 2985 1970 3030 adulterio

78 3078 192 3108 cum
226 3064 524 3120 promissione
557 3063 613 3107 ab
646 3064 791 3107 altera
823 3067 953 3118 parte
986 3066 1238 3117 acceptata,
1285 3062 1362 3104 sed
1396 3061 1564 3116 absque
1604 3061 1970 3117 repromiss-ione7

78 3139 235 3182 solum
269 3138 514 3193 probabilis
548 3139 623 3192 sit,
656 3137 1036 3192 impedimentum
1070 3137 1232 3180 exinde
1265 3143 1415 3179 ortum
1447 3150 1538 3179 non
1571 3144 1640 3179 est
1671 3136 1760 3179 nisi
1782 3134 1971 3190 impedi-

83 3219 297 3257 mentum
333 3212 536 3267 dubium,
568 3212 949 3267 impedimentum
983 3215 1137 3255 autem
1163 3210 1350 3254 dubium
1374 3210 1755 3265 impedimentum
1778 3210 1972 3252 nullum.

242 3304 290 3356 3.
334 3302 691 3360 Adulterium
735 3315 787 3352 et
829 3302 1117 3370 promissio
1162 3301 1279 3351 fieri
1309 3299 1514 3351 debent
1541 3300 1766 3351 [Zurcmte
1798 3298 1971 3349 eodem

86 3394 369 3463 contrary-230.-
410 3411 540 3444 nam
583 3400 642 3443 ut
683 3393 891 3443 oriatur
931 3390 1411 3459 impedimentum,
1464 3398 1578 3442 tota
1620 3390 1823 3440 iniuria
1877 3389 1971 3438 uni

92 3482 396 3552 eidemque
426 3483 682 3550 coniugio
710 3481 899 3532 inferri
929 3479 1106 3533 debet.
1172 3479 1327 3532 Nihil
1355 3487 1536 3530 autem
1566 3478 1748 3543 refert,
1790 3486 1974 3528 utrum
