2269 3898
776 83 842 125 De
874 84 1123 135 systemate
1154 81 1329 124 morali.
1901 81 1987 124 245

116 234 246 266 vere
288 215 604 284 probabilis,
662 217 706 265 si
748 214 995 280 alterum,
1051 214 1199 265 nullo
1249 216 1366 265 iure
1420 212 1780 283 prohibemur
1833 215 1984 281 sequi

112 306 444 373 oppositam,
489 321 615 354 cum
655 302 929 372 probabili
973 311 1283 371 opponatur
1321 304 1526 371 pariter
1568 301 1884 371 probabilis.

267 467 398 520 220.
442 466 527 520 De
587 479 700 518 usu
760 465 1201 532 probabilismi,
1262 466 1365 518 ubi
1427 467 1628 532 agitur
1682 466 1752 520 de
1802 481 1988 520 cessa-

113 556 281 609 tione
322 555 496 621 legis·

267 660 314 710 1.
357 660 473 710 Iam
504 658 718 726 pridem
748 659 888 708 inter
923 657 1203 726 theologos
1240 658 1553 727 agitabatur
1595 662 1982 725 controversia,

112 766 247 799 num
308 748 646 816 principium
711 746 1092 816 probabilismi
1159 747 1383 797 extendi
1448 750 1618 816 possit
1685 750 1848 799 etiam
1913 747 1985 798 ad

109 837 348 889 dubium
407 836 473 887 (16
528 837 829 886 cessatione
871 835 1021 904 legis.
1102 835 1375 887 Auctores
1418 837 1604 904 magni
1645 838 1883 887 nominis
1924 843 1985 886 ut

109 925 328 991 Suarez,
383 924 445 974 de
486 924 646 993 [ζα-90,
696 925 991 990 Βοηαοίηα,
1052 923 1510 988 δαῖνηαητίοθηεεε,
1564 925 1810 990 Lacroioe,
1868 926 1985 993 ipse

111 1014 559 1083 probabiliorista
617 1012 855 1065 Bellum-t
920 1012 1124 1082 aliique
1191 1013 1648 1082 probabilismum
1715 1013 1984 1064 adhibent

104 1106 277 1155 etiam
320 1105 376 1154 in
421 1103 587 1154 dubio
632 1102 698 1153 de
741 1104 1043 1154 cessatione
1085 1102 1236 1171 legis.

261 1195 309 1246 2.
355 1193 409 1245 S.
437 1192 737 1262 Alphonsus
779 1193 972 1260 primis
1013 1192 1354 1260 temporibus
1396 1211 1555 1243 suum
1585 1199 1824 1261 systema
1864 1210 1984 1261 pro-

110 1281 486 1333 babilisticum
518 1283 721 1350 pariter
756 1281 1006 1331 extendit
1047 1282 1212 1331 etiam
1254 1281 1325 1332 ad
1366 1282 1728 1350 quaestiones,
1772 1282 1829 1332 in
1866 1283 1980 1350 qui-

108 1373 213 1423 bus
269 1371 335 1422 de
391 1372 695 1422 cessatione
737 1370 872 1437 legis
913 1371 1124 1437 agitur3
1186 1377 1372 1438 postea
1412 1388 1541 1421 vero
1584 1369 1729 1422 hanc
1771 1378 1981 1422 senten-

107 1462 241 1510 tiam
287 1460 609 1510 retractavit
650 1466 701 1509 et
743 1458 1049 1527 complures
1076 1461 1425 1527 quaestiones
1451 1459 1809 1527 particulares
1850 1478 1980 1510 suae

106 1549 414 1617 theologiae
471 1547 690 1599 moralis
731 1550 887 1599 iuxta
943 1549 1087 1599 hanc
1143 1547 1450 1599 doctrinam
1491 1548 1842 1600 reformatam
1886 1551 1981 1600 im-

107 1640 363 1689 mutavit.

259 1726 429 1780 Quodsi
461 1727 509 1770 in
543 1740 674 1782 opere
718 1727 977 1782 theologiae
1017 1727 1201 1770 moralis
1244 1727 1543 1770 nihilominus
1593 1731 1829 1770 occ-urrant-
1871 1740 1984 1770 reso-

105 1801 320 1856 lutiones,
354 1815 467 1856 quae
500 1815 600 1844 cum
634 1802 718 1845 hac
742 1802 949 1845 doctrina
971 1816 1061 1845 non
1084 1803 1409 1856 concordant¹),
1442 1802 1489 1844 id
1513 1806 1594 1845 aut
1616 1802 1984 1845 inadvertentiae

102 1876 400 1919 tribuendum
433 1880 514 1919 aut
549 1876 788 1920 dicendum
823 1880 891 1920 est
925 1891 958 1919 s.
995 1878 1220 1920 doctorem
1254 1876 1302 1919 in
1335 1876 1688 1931 particularibus
1712 1876 1982 1931 quibusdam

100 1950 449 2005 quaestionibus
480 1950 678 1993 noluisse
710 1963 871 2004 urgere
905 1950 1180 1993 sententiam
1214 1953 1521 1995 reformatam.

255 2027 304 2078 3.
348 2026 573 2077 Praeter
628 2027 1012 2076 auctoritatem
1055 2045 1094 2078 s.
1139 2025 1410 2094 Alphonsi
1467 2026 1573 2077 duo
1626 2027 1976 2095 potissimum

98 2122 431 2183 argumenta
471 2114 723 2179 afferunt⁷
768 2113 968 2183 quibus
1010 2114 1155 2166 hanc
1183 2118 1265 2166 sui
1297 2116 1607 2183 systematis
1634 2124 1847 2185 partem
1891 2115 1980 2166 (16-

105 2212 410 2254 monstrent
450 2202 1046 2272 aequiprobabilistae:
1091 2224 1138 2257 a.
1181 2204 1458 2278 IEAEEbiO
1503 2204 1693 2278 melior
1729 2213 1815 2274 uest
1857 2223 1981 2256 con-

99 2293 249 2343 dicio
292 2292 653 2367 st-identis3
697 2294 850 2361 atqui
878 2295 934 2343 in
964 2295 1069 2345 hoc
1100 2312 1229 2344 casu
1257 2294 1501 2362 possidet
1539 2277 1660 2359 lex3
1706 2312 1831 2362 ergo
1875 2313 1981 2344 ser·

104 2382 290 2433 vanda
332 2389 412 2433 est
451 2380 556 2434 lex,
638 2382 682 2435 b.
731 2380 871 2432 Cum
898 2381 1130 2433 dubium
1159 2382 1224 2433 de
1253 2384 1557 2434 cessatione
1582 2382 1718 2452 legis
1746 2383 1980 2452 plerum-

99 2490 210 2540 ·que
252 2489 322 2522 ex
364 2489 424 2521 eo
469 2472 689 2533 oriatur,
750 2471 897 2540 quod
940 2473 1058 2540 quis
1111 2471 1219 2539 legi
1260 2471 1620 2540 probabiliter
1674 2474 1785 2524 iam
1827 2474 1978 2523 satis-

100 2561 310 2623 fecerit,
356 2559 579 2611 dicunt:
625 2559 949 2628 obligationi
980 2569 1160 2611 certae
1190 2579 1300 2611 non
1343 2561 1537 2612 satisfit
1576 2579 1674 2631 per
1713 2561 1974 2630 adimple-

102 2649 310 2700 tionem
353 2648 609 2715 dubiam3
654 2668 780 2718 ergo
812 2652 860 2701 ei
893 2650 1072 2701 denuo
1104 2650 1556 2701 satisfaciendum
1587 2657 1683 2703 est.
1764 2648 1976 2702 Verum

101 2736 240 2787 haec
283 2736 389 2788 duo
431 2746 757 2804 argumenta
798 2738 1001 2790 nullius
1050 2747 1178 2790 sunt
1217 2738 1436 2791 valoris.

255 2899 381 2953 221.
448 2901 825 2968 Principium
875 2902 1279 2970 possessionis
1333 2902 1468 2953 falso
1530 2901 1598 2953 ab
1642 2902 1976 2954 adversariis

101 2988 442 3058 applicatur:
505 3008 632 3040 nam
687 2990 884 3042 falsum
929 3000 1006 3042 est
1060 2993 1117 3042 in
1161 2991 1328 3043 dubio
1372 2990 1438 3042 de
1479 2992 1784 3043 cessatione
1838 2992 1975 3060 legis

104 3078 386 3147 possidere
426 3077 602 3146 legem
646 3081 796 3147 prius
840 3089 984 3131 certo
1028 3082 1369 3134 existentem.
1424 3080 1497 3131 Et
1536 3099 1666 3132 sane
1707 3082 1763 3132 in
1807 3079 1975 3131 dubio

103 3166 240 3218 illud
281 3167 542 3236 possidet,
588 3168 734 3236 quod
777 3176 984 3219 certum
1027 3176 1135 3235 est3
1189 3171 1342 3238 atqui
1383 3170 1440 3220 in
1483 3169 1651 3221 dubio
1696 3170 1762 3221 de
1805 3188 1974 3221 cessa-

100 3257 251 3307 tione
305 3255 442 3324 legis
491 3264 638 3307 certa
680 3265 760 3308 est
799 3257 1023 3309 libertas
1080 3266 1132 3309 et
1174 3258 1344 3310 dubia
1387 3266 1466 3310 est
1506 3258 1624 3310 lex:
1689 3260 1890 3309 etenim
1932 3259 1976 3308 si

264 3434 295 3487 ¹)
330 3434 396 3479 Cf.
431 3434 460 3476 l.
498 3437 535 3476 1.
569 3448 611 3476 n.
647 3435 726 3485 99;
760 3435 789 3477 l.
823 3436 864 3477 4.
897 3450 941 3478 n.
976 3436 1083 3486 150;
1118 3437 1146 3479 1.
1181 3437 1221 3479 6.
1255 3451 1298 3480 n.
1324 3436 1433 3487 505;
1469 3438 1497 3479 l.
1532 3437 1572 3478 3.
1606 3450 1649 3480 n.
1674 3436 1771 3478 290.
1805 3449 1847 3477 n.
1877 3436 1976 3482 112.
