2269 3898
284 119 374 162 308
1022 115 1096 158 VI.
1130 116 1197 158 De
1229 115 1451 170 peccatis„

439 250 524 304 Qui
559 263 665 305 ergo
700 249 768 292 bis
803 263 848 292 se
881 248 1064 303 polluit,
1097 248 1166 291 bis
1189 247 1409 303 sacrilege
1433 249 1864 304 communicat,-etsi
1888 250 2014 292 intra
2037 249 2181 294 breve-

287 333 486 380 tempus‚
522 326 608 367 duo
642 327 830 378 peccata
852 322 1124 366 committit.v
1181 322 1299 365 Item
1324 323 1457 376 plura
1478 327 1666 376 peccata
1686 323 1816 377 facit,
1849 323 1925 377 qui
1947 323 2172 371 ieiunium

286 400 619 456 praescriptum
654 411 733 452 per
768 398 921 452 plures
955 396 1050 439 dies
1084 396 1288 439 omittit:
1325 396 1556 450 quaelibet
1589 397 1708 439 6111111
1742 397 1926 440 omissio
1959 402 2029 440 est
2062 397 2172 451 quid

285 476 335 517 in
369 488 414 516 se
448 473 730 536 comp-letum
759 471 815 527 ab
848 471 941 525 alia
974 470 1653 525 omissioneindependensr—
1677 471 1816 513 Plura
1849 476 2036 525 peccata
2059 485 2171 514 com-

287 549 455 603 mittit,
491 547 566 602 qui
600 534 839 589 inimicum
874 546 971 589 sine
1003 545 1263 588 intentione
1296 558 1397 588 eum
1444 546 1676 588 occidendi
1725 545 1896 600 pluries
1945 545 2177 600 1161611111·Γ

284 624 397 667 116111
433 622 509 676 (1111
544 621 716 683 pluries
749 634 804 664 ex
839 620 995 663 eodem
1030 620 1208 663 cumulo
1242 619 1389 662 tritici
1423 620 1600 674 aliquid
1633 622 1801 675 aufert,
1846 619 1943 662 sine
1984 619 2182 674 praevia.

285 697 553 741 intentione
588 700 738 738 totum
770 694 972 738 furandi.
1682 722 1685 725 n

1312 786 1337 822 ις,
1421 760 1498 827 233:
1583 783 1594 795 κ,
1610 749 1697 806 εἰ·

436 846 589 890 Nota.
623 846 782 898 Actus,
817 843 894 898 qui
927 842 1097 886 habent
1132 842 1308 885 obiecta
1333 827 1585 898 disparata,
1617 843 1690 886 vel
1714 848 1844 886 actus
1867 842 2060 897 externi,
2093 842 2174 897 qui,

284 926 395 965 sunt
426 920 473 963 in
499 933 545 962 se
568 919 702 974 plane
726 918 940 973 completi
964 922 1009 959 et
1034 916 1228 960 invicem
1251 917 1627 972 independentes,
1659 931 1740 961 nec
1763 931 1843 972 per
1863 918 2165 960 intentionem

286 995 470 1050 agentis
492 1007 574 1037 1166
597 1006 676 1048 per
693 994 913 1036 affectum
937 991 1196 1034 volunt-atis
1219 991 1267 1034 in
1289 991 1519 1035 unitatem
1540 993 1755 1035 moralem
1777 991 1932 1046 colligi
1951 995 2145 1046 possunt
2159 1009 2174 1032 :⁷

286 1071 446 1112 horum
483 1068 602 1111 enim
637 1071 825 1110 actuum
849 1070 1018 1109 natura
1039 1065 1254 1120 impedit,
1289 1067 1532 1119 quominus
1555 1067 1791 1109 moraliter
1812 1067 2046 1110 uniantur.
2084 1066 2170 1119 Qui

284 1158 321 1188 6.
356 1157 399 1199 g.
434 1143 596 1186 videns
629 1141 857 1196 virginem
896 1153 994 1183 eam
1038 1139 1242 1194 turpiter
1285 1140 1515 1183 desiderat
1559 1147 1605 1184 et
1653 1141 1807 1195 paullo
1857 1145 1962 1196 post
2007 1141 2171 1184 videns

286 1220 425 1263 aliam
459 1218 576 1260 hanc
610 1229 786 1271 quoque
821 1214 1063 1268 desiderat,
1100 1215 1187 1256 duo
1221 1219 1408 1269 peccata
1430 1214 1698 1269 committit,
1733 1214 1820 1258 etsi
1843 1220 1978 1270 turpe
2001 1215 2171 1258 deside-

283 1294 404 1336 rium
439 1307 493 1336 ex
526 1292 681 1335 eodem
716 1290 877 1334 ardore
908 1289 1117 1332 libidinis
1150 1290 1379 1344 procedat.
1446 1287 1531 1342 Qui
1564 1289 1690 1332 intra
1723 1289 1857 1333 breve
1888 1295 2070 1345 tempus
2115 1303 2171 1332 ex

287 1370 442 1412 eodem
476 1368 647 1410 affectu
679 1364 925 1408 libidinoso
960 1359 1108 1407 bisse
1141 1364 1327 1418 polluit,
1362 1364 1450 1406 duo
1484 1371 1672 1418 peccata
1718 1364 1986 1407 committit.
2046 1365 2167 1407 Item

283 1444 489 1487 sacerdos
524 1442 743 1485 omittens
778 1439 981 1483 officium
1016 1438 1156 1482 toties
1189 1446 1360 1493 peccat,
1395 1439 1577 1493 quoties
1613 1428 1815 1482 officium
1854 1438 2047 1493 omittit,
2089 1439 2168 1482 eti-

283 1519 399 1562 amsi
434 1517 640 1572 singulas
675 1515 942 1559 omissiones
975 1527 1055 1569 1161·
1086 1514 1392 1557 1111611110116111
1427 1514 1561 1557 unire
1593 1513 1721 1557 velit.
1788 1514 2011 1557 Similiter
2032 1527 2168 1557 mere-

283 1594 379 1636 trix
412 1593 581 1636 habens
613 1590 918 1634 intentionem
952 1589 1169 1644 peccandi
1203 1603 1301 1631 611111
1337 1588 1546 1631 omnibus
1579 1588 1945 1643 advenientibus,
1980 1595 2051 1632 tot
2073 1602 2178 1644 1166--

285 1676 389 1713 cata
425 1666 694 1720 committit,
729 1671 839 1719 quot
873 1665 1058 1719 copulas
1091 1664 1286 1719 perficit.
1600 1649 1603 1650 ⁷

438 1848 573 1902 283.
634 1846 879 1900 Obiecta
932 1844 1180 1912 physice
1237 1843 1416 1911 plura
1469 1843 1786 1896 moraliter
1845 1844 2174 1895 uniuntur..

282 1939 429 1990 Num
484 1937 643 2005 plura
699 1935 915 1986 obiecta
969 1933 1200 2002 physice
1258 1933 1521 1983 distincta
1575 1931 1838 1983 moralem
1894 1933 2165 1983 unitatem

285 2028 528 2080 habeant
570 2036 622 2077 et
675 2043 848 2076 unum
904 2023 1184 2075 obiectum
1238 2020 1443 2073 morale
1498 2031 1551 2072 et
1591 2022 1756 2073 totale
1809 2023 2174 2087 constituant,

282 2137 352 2169 ex
394 2125 592 2168 natura
633 2114 835 2166 obiecti
894 2124 946 2164 et
1001 2132 1069 2163 ex
1110 2111 1554 2181 apprehensione
1608 2113 1824 2180 agentis
1867 2110 2161 2180 dependet.

283 2208 341 2259 Si
394 2208 656 2258 nimirum
712 2203 871 2274 plura
932 2203 1150 2254 obiecta
1216 2201 1306 2252 vel
1360 2221 1429 2252 ex
1482 2193 1679 2253 natura
1737 2221 1836 2253 sua
1892 2203 2162 2252 unitatem

284 2296 549 2349 moralem
611 2294 820 2345 habent
875 2292 1126 2359 (familia,
1183 2291 1404 2359 civitas)
1460 2301 1514 2344 et
1566 2291 1689 2342 ideo
1744 2290 1814 2342 ab
1865 2302 2064 2358 agente
2105 2302 2165 2340 ut

281 2404 458 2439 unum
487 2394 662 2436 totum
693 2382 1206 2452 apprehenduntur,
1251 2381 1338 2432 Vel
1381 2383 1424 2431 si
1467 2380 1536 2432 ab
1580 2391 1780 2449 agente
1823 2380 1892 2430 ad
1935 2379 2161 2430 modum

283 2477 448 2527 unius
504 2474 707 2526 obiecti
765 2471 1261 2542 apprehenduntur
1317 2470 1543 2538 (aemuli
1601 2471 1747 2536 mei),
1807 2470 1907 2520 etsi
1965 2478 2163 2519 natura

281 2586 379 2618 sua
421 2567 689 2616 unitatem
744 2581 855 2614 non
909 2561 1171 2626 habeant,
1230 2578 1401 2611 unum
1457 2560 1736 2611 obiectum
1792 2558 1998 2609 morale
2041 2576 2161 2608 con—

281 2657 516 2707 stituunt
558 2663 611 2705 et
651 2673 682 2704 a
724 2652 1008 2704 voluntate
1049 2660 1110 2701 ut
1150 2669 1323 2701 unum
1367 2649 1511 2718 quid.
1543 2650 1922 2716 attinguntur3
1966 2647 2163 2717 quodsi

283 2745 441 2814 plura
495 2743 711 2795 obiecta
763 2760 943 2811 neque
1007 2759 1076 2791 ex
1143 2758 1198 2790 se
1267 2741 1537 2790 unitatem
1589 2738 1798 2790 habent
1859 2755 2039 2806 neque
2090 2734 2161 2786 ab

283 2845 481 2904 agente
524 2843 586 2885 ut
627 2851 816 2899 unum,
862 2831 957 2883 sed
985 2831 1245 2881 distincte
1275 2828 1787 2898 apprehenduntur,
1831 2845 1941 2878 non
1970 2844 2160 2891 unum,

284 2925 382 2976 sed
422 2924 580 2993 plura
617 2922 834 2974 obiecta
878 2922 1222 2972 constituunt
1263 2929 1316 2969 et
1355 2917 1610 2988 pluribus
1642 2917 1917 2970 distinctis
1946 2914 2164 2967 actibus

280 3012 583 3064 voluntatis
625 3013 987 3080 attinguntur.

432 3116 518 3170 Qui
541 3116 747 3159 familiae
766 3129 819 3158 ex
839 3115 1037 3169 quinque
1055 3113 1283 3169 capitibus
1303 3112 1580 3167 compositae
1599 3110 1804 3155 detrahit
1820 3107 2162 3162 vel'maledicit,

279 3207 420 3236 unum
454 3195 690 3247 peccatum
725 3189 990 3244 committit,
1025 3189 1131 3243 quia
1162 3189 1393 3243 integram
1427 3187 1654 3230 familiam
1700 3174 1758 3229 ad
1801 3185 1985 3228 modum
2025 3182 2162 3226 11111116

280 3266 582 3323 apprehendit
616 3271 662 3309 et
693 3279 785 3309 una
815 3264 1074 3307 intentione
1104 3263 1295 3306 nocendi
1328 3261 1550 3317 attingitg
1593 3261 1631 3304 si
1675 3266 1831 3304 tamen
1878 3260 1932 3302 de
1964 3257 2161 3312 singulis

281 3343 506 3398 cogitaret
539 3341 693 3396 eisque
727 3339 944 3383 distincte
977 3351 1135 3382 nocere
1166 3338 1321 3392 vellet,
1368 3337 1565 3391 quinque
1607 3342 1795 3391 peccata
1837 3334 2160 3378 committeret.

284 3417 368 3470 Qui
401 3420 585 3460 furatur
618 3427 877 3458 crumenam
911 3414 968 3456 ad
1001 3419 1094 3456 tres
1129 3412 1334 3455 dominos
1369 3411 1696 3467 pertinentem,
1735 3423 1845 3463 quos
1886 3409 2070 3452 confuse
2101 3406 2161 3449 ad

283 3493 464 3535 modum
488 3492 625 3535 unius
650 3489 819 3533 domini
844 3489 1160 3544 apprehendit,
1182 3501 1324 3531 unum
1348 3491 1583 3542 peccatum
1609 3483 1884 3536 committit:
1910 3483 1987 3526 sed
2005 3482 2159 3525 eodem
