2269 3898
696 151 763 194 De
797 151 1138 206 impedimentis
1172 152 1468 195 matrimonii.
1967 155 1990 196 7
2000 157 2020 196 1

143 297 239 329 non
272 284 440 341 possit,
492 294 862 329 controversum
899 294 987 329 est.
1053 284 1339 330 Probabilis
1392 293 1467 331 est
1515 286 1780 343 sententia,
1828 302 1887 332 ex
1930 302 2024 345 qua

143 358 508 403 matrimonium
555 359 737 415 absque
787 357 1155 415 dispensatione
1203 359 1428 404 contrahi
1471 360 1640 417 possit,
1686 360 1799 417 quia
1841 375 2024 407 vovens

142 433 326 478 transit
360 432 423 477 ad
459 439 656 488 statum,
699 432 779 490 qui
814 432 1108 489 obligationi
1140 433 1244 478 voti
1279 433 1468 480 directe
1503 442 1751 492 repugnat
1784 440 1930 494 atque
1967 450 2026 482 ex

145 521 195 552 se
230 511 497 565 perpetuus
534 512 584 552 et
616 506 976 552 indissolubilis
1012 514 1100 553 est.

291 589 332 634 2.
370 588 466 647 Qui
501 589 750 634 contraxit
797 589 981 646 ligatus
1023 593 1117 632 eolo
1150 590 1458 645 z·i12csz'111'tatz's.·
1492 605 1532 633 a.
1578 604 1671 635 non
1715 598 1914 636 tenetur
1957 591 2025 636 in-

142 663 285 720 gredi
326 663 632 721 religionem,
676 670 730 708 ut
774 664 1172 709 observationem
1217 665 1319 709 voti
1365 665 1458 710 sibi
1501 665 1683 710 reddat
1725 666 2025 723 possibilem,

142 738 256 794 quia
289 751 383 783 non
415 743 616 783 tenetur
651 738 890 784 adhibere
927 738 1138 783 medium
1173 739 1624 784 extraordinarium
1661 746 1806 797 atque
1841 739 2025 798 perdif-

141 811 271 857 ficile
308 812 371 857 ad
403 819 569 858 votum
589 812 902 870 implendum.
969 813 1005 855 b.
1040 811 1278 858 Debitum
1314 819 1485 871 petere
1521 827 1616 858 non
1649 819 1825 871 potest,
1860 828 2023 872 quam-

143 886 225 932 diu
258 886 553 944 virginitate
589 887 848 945 praeditus
884 895 972 943 est,
1020 887 1133 944 quia
1168 887 1381 944 petendo
1430 887 1618 933 directe
1654 893 1827 933 contra
1859 893 2021 934 votum

143 961 270 1018 agit,
307 967 360 1007 at
392 961 587 1019 petenti
620 961 716 1006 iam
742 961 897 1019 primo
933 960 1159 1006 bimestri
1188 961 1401 1007 reddere
1435 966 1624 1020 potest:
1662 975 1766 1008 cum
1802 962 1930 1008 enim
1966 963 2027 1008 ad

143 1045 303 1082 actum
339 1045 453 1082 voto
500 1037 801 1082 contrarium
847 1051 907 1083 ex
941 1037 1135 1082 iustitia
1183 1037 1408 1082 absolute
1453 1042 1702 1083 teneatur.
1754 1037 1817 1082 ad
1860 1041 2025 1083 votum

141 1125 313 1169 parum
339 1109 566 1157 conferre
592 1110 804 1165 videtur,
841 1112 967 1169 quod
1001 1112 1143 1157 huius
1175 1110 1496 1168 obligationis
1520 1111 1742 1170 impletio
1778 1112 1841 1157 ad
1873 1112 2025 1157 breve

141 1196 332 1244 tempus
369 1185 644 1232 differatur.
710 1201 743 1231 c.
780 1186 984 1232 Amissa
1028 1186 1322 1243 virginitate
1370 1185 1473 1231 sive
1519 1199 1608 1243 per
1654 1186 1875 1243 copulam
1923 1186 2027 1232 sive

142 1260 240 1306 alio
276 1261 414 1306 modo
459 1260 571 1319 (per
606 1260 939 1306 voluntariam
984 1260 1305 1318 pollutionem
1351 1261 1400 1306 in
1434 1260 1557 1317 viro,
1605 1273 1696 1318 per
1730 1261 2027 1318 culpabilem

143 1335 413 1381 laesionem
438 1335 748 1391 integritatis
777 1336 1050 1394 corporalis
1085 1335 1135 1380 in
1167 1334 1372 1390 femina)
1399 1334 1615 1380 debitum
1641 1340 1813 1393 petere
1848 1341 2026 1394 potest,

141 1410 256 1468 quia
306 1410 589 1457 observatio
638 1411 740 1457 voti
790 1410 930 1456 facta
976 1416 1050 1456 est
1096 1410 1432 1468 impossibilis,
1483 1415 1530 1455 et
1565 1409 1778 1455 reddere
1812 1415 2028 1466 tenetur,

143 1484 256 1542 quia
307 1485 473 1531 altera
512 1499 630 1543 pars
682 1485 754 1530 ius
807 1485 869 1530 ad
917 1485 966 1530 id
1003 1485 1280 1543 acquisivit.
1346 1484 1388 1526 d.
1422 1483 1619 1529 Mortua
1671 1489 1936 1541 comparte,
1987 1484 2032 1529 si

142 1559 301 1605 adhuc
325 1559 465 1617 virgo
501 1566 590 1616 est,
626 1559 878 1617 obligatur
912 1566 1040 1615 voto,
1084 1560 1124 1605 si
1158 1559 1300 1616 virgo
1327 1572 1420 1603 non
1456 1564 1544 1613 est,
1581 1558 1643 1602 ad
1669 1558 1795 1603 alias
1829 1558 2030 1615 nuptias

144 1634 361 1679 transire
395 1641 574 1692 potest.

290 1717 331 1762 3.
369 1716 465 1774 Qui
517 1716 766 1762 contraxit
814 1716 1000 1773 ligatus
1051 1719 1145 1759 coto
1195 1716 1448 1759 eastitatis.-
1494 1730 1535 1757 a.
1569 1714 1806 1761 Debitum
1858 1722 2030 1773 petere

142 1805 387 1849 nunquam
424 1799 603 1850 potest,
649 1792 764 1849 quia
800 1791 992 1837 directe
1038 1796 1212 1837 contra
1251 1796 1418 1836 votum
1455 1790 1582 1848 agit3
1617 1790 1829 1836 reddere
1865 1797 2029 1836 autem

143 1873 309 1924 potest
353 1874 403 1912 et
447 1866 610 1923 debet,
645 1867 738 1912 nisi
792 1867 954 1912 altera
987 1880 1105 1925 pars
1151 1866 1257 1911 iure
1305 1870 1480 1910 careat
1527 1865 1652 1911 illud
1687 1865 1933 1923 exigendi,
1983 1864 2032 1910 id

144 1941 270 2001 quod
295 1941 503 1988 accidit:
540 1957 580 1984 α.
606 1941 762 2000 primo
785 1942 1039 1998 biniestri3
1068 1943 1107 1992 β.
1134 1941 1174 1986 si
1197 1946 1403 1999 propter
1428 1939 1728 1985 adulterium
1751 1940 1824 1985 ius
1851 1940 2030 1986 amisit.

146 2016 383 2063 Ceterum
437 2022 642 2075 propter
694 2017 805 2074 iuge
862 2016 1136 2075 periculum
1191 2014 1426 2061 laedendi
1480 2023 1645 2060 votum
1702 2014 1916 2073 expedit,
1978 2020 2033 2060 ut

146 2106 287 2151 quam
323 2092 532 2149 primum
578 2097 782 2150 petatur
814 2091 917 2137 voti
954 2090 1274 2150 dispensatio.
1341 2090 1377 2132 b.
1412 2089 1610 2135 Mortua
1657 2094 1908 2148 comparte
1942 2103 2033 2148 per

145 2181 196 2213 se
232 2172 378 2225 urget
401 2167 504 2212 voti
538 2166 791 2224 obligatio,
827 2165 920 2211 nisi
955 2179 1046 2224 per
1081 2164 1500 2224 dispensationem
1524 2164 1720 2223 penitus
1746 2165 1918 2210 ablata
1953 2163 2033 2220 sit,

145 2255 237 2286 non
273 2241 426 2287 solum
464 2241 527 2286 ad
560 2242 769 2299 primum
805 2241 1172 2286 matrimonium
1213 2239 1612 2285 continuandum.

294 2324 334 2370 4.
371 2324 469 2382 Qui
505 2324 753 2370 contraxit
783 2323 968 2381 ligatus
1004 2326 1098 2366 coto
1131 2322 1423 2378 inyrediencli
1453 2322 1718 2377 religionem
1754 2322 1821 2364 cel
1852 2334 2034 2377 conyre-

141 2400 400 2456 yationem:
445 2414 486 2442 a.
531 2398 754 2445 Tenetur
799 2398 1091 2454 religionem
1138 2397 1348 2456 ingredi,
1395 2396 1626 2456 quamdiu
1668 2396 2033 2442 matrimonium

146 2483 533 2520 consummatum
582 2488 676 2520 non
720 2480 810 2529 est,
860 2474 973 2532 quia
1007 2473 1098 2519 hoc
1132 2478 1353 2530 tempore
1405 2477 1568 2517 votum
1619 2471 1820 2529 impleri
1853 2476 2033 2530 potest.

146 2550 183 2591 b.
220 2548 614 2596 Consummando
661 2548 1027 2595 matrimonium
1064 2554 1239 2594 contra
1284 2553 1449 2593 votum
1494 2552 1686 2604 peccat,
1733 2546 1846 2603 quia
1878 2544 2031 2592 facul-

145 2632 301 2670 tatem
337 2624 574 2683 implendi
608 2624 711 2670 voti
746 2624 840 2670 sibi
875 2621 1174 2682 praecludit,
1217 2635 1271 2667 eo
1307 2621 1431 2680 quod
1465 2621 1831 2667 matrimonium
1864 2620 2034 2666 reddit

146 2699 504 2745 indissolubile.
570 2714 603 2742 c.
638 2698 909 2757 Postquam
934 2697 1299 2743 matrimonium
1334 2697 1486 2742 semel
1523 2700 1909 2742 consummatum
1943 2702 2035 2752 est,

148 2774 370 2820 debitum
403 2787 496 2819 non
531 2773 685 2819 solum
719 2773 950 2829 reddere,
997 2772 1084 2818 sed
1120 2771 1271 2817 etiam
1306 2776 1479 2829 petere
1514 2776 1692 2828 potest,
1739 2771 1854 2828 quia
1888 2769 2036 2816 casti·

146 2856 304 2894 tatem
352 2848 543 2893 directe
580 2861 673 2893 non
716 2847 958 2906 promisit,
1009 2847 1263 2905 ingressus
1299 2852 1463 2891 autem
1510 2845 1559 2890 in
1601 2845 1890 2903 religionem
1938 2845 2035 2890 iam

149 2930 226 2969 est
258 2922 593 2980 impossibilis.
659 2922 699 2968 d.
725 2921 1049 2981 Recuperata
1072 2921 1311 2967 libertate
1348 2921 1452 2966 sive
1486 2934 1575 2977 per
1610 2933 1897 2966 consensum
1932 2919 2036 2966 sive

147 3012 236 3056 per
271 2997 568 3044 adulterium
615 2997 719 3043 sive
765 3011 856 3055 per
890 3003 1097 3042 mortem
1143 2995 1410 3054 compartis
1452 2995 1649 3052 ingredi
1682 3001 1896 3052 tenetur,
1941 2995 2037 3040 nisi

150 3075 357 3120 obtenta
370 3071 525 3118 fuerit
548 3072 852 3131 dispensatio
874 3077 959 3118 aut
978 3072 1178 3117 interim
1198 3076 1405 3130 propter
1425 3069 1663 3115 adiuncta
1680 3070 1827 3128 plane
1844 3073 2038 3115 mutata

150 3148 372 3207 (propter
407 3153 643 3203 aetatem,
678 3147 866 3204 prolem
899 3151 1195 3205 susceptam,
1231 3144 1600 3190 inhabilitatem
1639 3144 1700 3189 ad
1734 3144 1898 3190 munia
1923 3143 2038 3189 reli-

152 3223 291 3280 giosa
326 3222 441 3277 etc.)
476 3221 730 3280 ingressus
762 3220 930 3267 factus
964 3220 1029 3266 sit
1063 3219 1384 3278 impossibilis
1417 3219 1499 3265 vel
1534 3218 1678 3264 nimis
1712 3218 1896 3276 gravis.

299 3305 340 3349 ἕ).
358 3303 455 3362 Qui
475 3303 726 3350 contraxit
739 3303 924 3360 ligatus
941 3306 1036 3345 coto
1054 3301 1334 3358 snsczfflendi
1348 3313 1508 3344 sacros·
1527 3299 1740 3343 ordines:
1759 3312 1799 3341 α.
1813 3297 2038 3343 Tenetur

154 3378 423 3437 compartis
459 3391 746 3424 consensum
779 3382 966 3435 petere,
1010 3382 1065 3422 ut
1099 3376 1296 3422 ordines
1331 3375 1583 3433 suscipere
1616 3373 1787 3432 possit,
1822 3385 1962 3430 quem
1997 3371 2039 3417 si

154 3452 353 3498 dederit
388 3462 439 3498 et
474 3451 786 3498 condiciones
822 3465 850 3496 a
884 3451 990 3497 iure
1015 3450 1354 3510 praescriptas
1379 3463 1582 3497 servare
1608 3447 1839 3502 voluerit,
1870 3450 2036 3492 votum

151 3527 362 3586 implere
400 3527 566 3573 debet.
631 3527 667 3569 b.
702 3525 756 3572 Si
802 3539 1089 3572 consensum
1138 3539 1231 3571 non
1281 3524 1492 3577 dederit,
1542 3523 1603 3568 ad
1654 3522 1775 3567 nihil
1824 3526 2040 3567 tenetur>
