2269 3898
236 128 295 172 50
768 122 829 164 Π.
863 122 929 164 De
961 119 1140 164 actibus
1173 119 1231 162 ad
1263 120 1401 162 finem
1435 119 1570 174 aptis.

210 232 219 260 'r
238 269 342 327 tur,
395 258 614 329 quando
668 255 866 326 aliquis
923 254 1052 306 data
1094 272 1260 322 opera
1302 253 1424 304 vult
1464 253 1834 321 ignorantiam
1878 272 1922 305 e.
1966 270 2016 321 g.
2060 261 2121 303 ut

212 350 464 417 ,liberius
505 364 736 416 peccare
777 346 965 414 possit,
1025 352 1086 395 ut
1142 345 1183 394 si
1238 345 1361 412 quis
1419 341 1700 408 dubitans,
1759 360 1893 393 num
1952 340 2119 393 hodie

214 441 309 507 Jsit
364 437 652 498 ieiunium,
712 452 823 485 non
879 435 1196 500 interrogat,
1257 432 1514 502 quamvis
1569 430 1731 482 facile
1780 432 2122 500 interrogare

213 517 436 599 Eposset,
479 544 547 577 ne
587 525 1001 576 forteieiunare
1034 521 1261 587 debeat,
1305 522 1575 590 posterior
1601 520 1854 586 habetur,
1899 520 2121 590 quando

205 615 440 687 aliquis
481 616 686 687 omittit
728 613 974 665 debitam
990 613 1453 686 {aniSiEQQQ
1497 629 1631 688 non
1652 612 1800 686 quia
1822 628 2122 681 remugrm·

239 725 360 759 rare
388 683 537 770 vult,
593 704 689 756 sed
741 703 809 755 ob
864 703 1029 755 aliam
1084 703 1356 753 rationem
1411 720 1455 755 e.
1497 720 1547 770 g.
1594 702 1660 753 ob
1706 700 2121 769 negligentiam,

240 781 311 849 ob
354 793 750 846 verecundiam
794 800 894 845 etc

389 899 518 942 P1i01
549 898 597 941 in
631 911 677 941 se
708 897 872 952 volita,
905 896 1129 952 posterior
1160 909 1250 938 non
1283 895 1332 938 in
1365 908 1411 938 se
1456 895 1534 939 sed
1582 895 1630 938 in
1681 908 1816 939 causa
1864 895 2010 938 volita
2053 898 2124 938 est

239 976 270 1018 i.
305 988 340 1018 e.
375 974 423 1017 in
457 972 698 1016 omissione
732 971 911 1015 debitae
944 970 1273 1026 inquisitionis.
1340 969 1613 1025 Ignorantia
1656 972 1877 1013 affectata
1908 974 2123 1025 agentem

239 1065 267 1093 a
300 1051 483 1104 peccato
517 1047 823 1090 contrahendo
869 1060 959 1089 non
1003 1049 1212 1095 excusat‚·
1260 1049 1306 1088 et
1342 1058 1449 1088 sane
1482 1044 1559 1099 qui
1595 1045 1648 1088 de
1680 1044 1911 1087 industria
1944 1043 2125 1087 omit-tit
2190 1079 2197 1086 .

238 1124 479 1179 inquirere,
529 1136 638 1165 num
671 1121 804 1164 hodie
848 1121 910 1163 sit
950 1120 1187 1175 ieiunium,
1236 1120 1554 1162 manducando
1605 1132 1760 1162 carnes
1808 1122 1979 1174 peccat,
2029 1117 2126 1161 sive

240 1198 462 1243 ieiunium
487 1202 555 1240 est
580 1196 674 1240 sive
696 1209 786 1238 non
817 1200 900 1250 est,
935 1195 1041 1249 quia
1075 1194 1270 1238 scienter
1304 1207 1349 1237 se
1384 1193 1572 1248 exponit
1605 1193 1805 1248 periculo
1837 1192 2122 1248 infringendi

243 1277 392 1333 legem
427 1271 791 1316 ecclesiasticam.

391 1364 442 1415 4.
485 1355 809 1429 ignorantia
849 1379 955 1411 non
994 1359 1245 1429 affectata
1273 1358 1653 1411 subdividitur
1690 1360 1747 1410 in
1776 1376 2010 1410 crassam
2036 1357 2125 1409 Vel

194 1430 506 1524 isnpz'nam,
550 1450 771 1521 quando
815 1449 967 1501 nulla
1009 1457 1104 1500 aut
1144 1449 1257 1500 fere
1300 1447 1452 1500 nulla
1493 1447 1793 1499 adhibetur
1835 1447 2125 1516 diligentia

206 1515 364 1623 l,eam
409 1540 741 1611 deponendi,
785 1548 840 1592 et
880 1540 937 1590 in
977 1538 1290 1609 simpliciter
1315 1538 1629 1603 vincibilem,
1675 1536 1897 1606 quando
1935 1536 2122 1607 aliqua

215 1626 470 1703 '³quidem
512 1629 809 1682 adhibetur
851 1628 1156 1698 diligentia,
1201 1628 1296 1680 sed
1338 1647 1449 1680 non
1493 1628 1793 1680 sufficiens,

396 1734 417 1743 ..ι

393 1752 442 1788 ι).
498 1735 821 1803 Ignorantia
877 1732 1222 1784 invincibilis
1282 1732 1554 1784 dividitur
1605 1735 1663 1784 in
1705 1731 2127 1784 antecedentem

244 1833 299 1877 et
341 1826 824 1876 concomitantem.
887 1823 1214 1874 Antcccdcns
1257 1823 1478 1889 dicitur,
1522 1824 1565 1874 si
1607 1842 1842 1893 operans
1883 1830 2010 1874 actu
2052 1823 2130 1874 ita

253 1913 551 1982 dispositus
581 1919 676 1978 est,
717 1920 776 1962 ut
804 1912 1077 1962 actionem
1109 1929 1219 1963 non
1246 1920 1490 1981 poneret,
1519 1914 1564 1964 si
1587 1915 1775 1979 sciret,
1803 1910 1951 1982 quod
1978 1913 2127 1981 igno·

244 2010 344 2070 rat,
398 2003 476 2053 sic
517 2002 831 2069 ignorantia
872 2002 1170 2068 venatoris,
1229 2003 1323 2071 qui
1381 2001 1587 2053 occidit
1641 2003 1902 2069 amicum,
1961 2020 2125 2072 quem

244 2099 403 2161 putat
443 2109 561 2142 esse
603 2091 795 2153 feram,
838 2098 918 2142 est
959 2091 1312 2158 antecedens,
1357 2093 1488 2161 quia
1531 2110 1642 2144 non
1675 2091 1910 2153 fecisset,
1955 2092 1999 2143 si
2029 2091 2128 2143 sci—

244 2183 414 2232 visset
456 2199 571 2232 esse
614 2182 856 2231 amicum
901 2198 1090 2245 suum,
1146 2182 1501 2233 concomitans
1544 2180 1762 2248 dicitur,
1806 2181 1850 2231 si
1892 2198 2129 2250 operans
2190 2199 2194 2203 ·

243 2278 372 2322 actu
424 2272 501 2321 ita
554 2269 855 2339 dispositus
909 2278 1004 2332 est,
1060 2278 1120 2321 ut
1169 2272 1444 2322 actionem
1485 2279 1731 2341 poneret,
1791 2272 1891 2323 etsi
1945 2271 2125 2337 sciret,

244 2360 392 2430 quod
445 2359 537 2411 hic
591 2368 644 2410 et
695 2378 843 2411 nunc
898 2361 1133 2428 ignorat,
1190 2361 1269 2412 sic
1323 2362 1639 2429 ignorantia
1680 2361 1974 2427 venatoris,
2031 2360 2127 2430 qui

243 2449 449 2501 occidit
500 2450 790 2502 inimicum
844 2450 916 2501 ad
958 2468 1150 2502 necem
1193 2452 1522 2520 quaesitum,
1580 2469 1744 2521 quem
1801 2458 1960 2521 putat
2011 2468 2128 2502 esse

243 2539 435 2606 feram,
478 2546 558 2589 est
587 2541 982 2609 concomitans,
1027 2542 1156 2610 quia
1186 2540 1341 2592 illum
1381 2540 1689 2607 occidisset,
1734 2541 1832 2592 etsi
1875 2541 2130 2592 scivisset

243 2646 360 2679 esse
401 2629 694 2680 inimicum
736 2648 912 2682 suum.

395 2731 478 2774 Illa
512 2746 776 2776 consensum
810 2734 1067 2778 voluntatis
1090 2735 1324 2790 praecedit
1358 2739 1404 2778 et
1437 2736 1553 2779 solet
1582 2734 1733 2779 vocari
1756 2748 1895 2778 cansa
1921 2734 2130 2788 actionis,

244 2806 354 2860 quia
386 2806 506 2849 actio
529 2820 619 2849 non
641 2808 787 2862 fieret,
821 2808 858 2851 si
892 2808 1071 2852 abesset
1102 2809 1390 2865 ignorantia;
1427 2811 1536 2854 haec
1569 2823 1836 2854 consensum
1869 2808 2127 2853 voluntatis

244 2879 495 2923 comitatur
527 2887 572 2923 et
605 2882 832 2925 nominari
866 2883 991 2935 solets
1015 2897 1280 2940 non-cansa,
1326 2884 1433 2939 quia
1477 2884 1596 2928 actio
1638 2886 1786 2939 fieret,
1828 2883 1916 2928 etsi
1948 2884 2129 2927 abesset

245 2953 523 3009 ignorantia.
588 2955 642 2998 In
676 2957 823 3011 priore
857 2971 964 3000 casu
997 2958 1117 3001 actio
1151 2960 1208 3002 fit
1241 2973 1299 3002 ex
1331 2959 1613 3015 ignorantia,
1657 2959 1706 3002 in
1747 2959 1996 3014 posteriore
2028 2971 2127 3010 cnm

248 3028 527 3083 ignorantia.

398 3120 447 3170 6.
501 3120 566 3171 In
608 3120 1026 3173 antecedentem
1081 3130 1134 3174 et
1183 3132 1638 3193 consequentem:
1699 3125 2010 3176 antecedens
2063 3141 2129 3174 ea

247 3215 343 3273 est,
402 3226 543 3277 quae
600 3227 819 3261 omnem
876 3218 1062 3263 actum
1120 3212 1440 3282 voluntatis,
1504 3232 1611 3283 quo
1674 3214 1811 3265 haec
1871 3215 2127 3281 ignorare

249 3295 382 3362 vult,
426 3298 725 3366 praecedit,
770 3307 830 3350 ut
884 3307 966 3352 est
1017 3302 1331 3369 ignorantia
1387 3303 1581 3354 ieiunii
1643 3304 1699 3355 in
1761 3321 1841 3371 e0,
1903 3303 1997 3372 qui
2059 3301 2128 3353 de

248 3385 454 3436 ieiunio
517 3405 586 3438 ne
648 3389 914 3456 cogitavit
980 3391 1235 3460 quidem,
1310 3411 1623 3462 consequens
1683 3412 1748 3445 ea
1815 3400 1912 3459 est,
1987 3409 2128 3462 quae

248 3482 435 3525 actum
478 3475 794 3544 voluntatiS,
839 3496 945 3547 quo
987 3478 1125 3531 haec
1166 3482 1422 3549 ignora-re
1464 3482 1599 3549 vult,
1653 3483 2024 3552 consequitur,
2068 3487 2130 3533 ut
