2269 3898
756 135 824 178 De
857 135 1151 178 distinctione
1183 140 1482 190 peccatorum.
1962 139 2046 180 301

181 269 430 319 consistit
469 269 523 318 in
566 269 877 336 privatione
917 270 1336 320 convenientiae
1377 287 1501 320 eum
1543 278 1854 338 praecepto,
1900 272 2046 340 quod

184 375 280 425 per
320 364 608 425 peccatum
650 355 951 420 violaturl).

331 444 440 487 Tres
471 444 588 487 istae
620 458 803 487 normae
826 444 1033 499 specifice
1058 444 1373 498 distinguendi
1398 450 1583 499 peecata
1605 447 1754 501 reipsa
1777 446 1832 489 ab
1854 446 2048 489 invicem

180 533 270 562 non
305 518 539 572 differunt,
571 519 649 560 sed
683 517 774 561 alia
806 518 944 560 aliam
979 518 1179 572 explicat
1212 524 1255 561 et
1291 520 1494 573 perficit:
1540 520 1738 564 virtutes
1782 520 1901 563 enim
1943 525 2050 563 sunt

183 592 402 646 diversae,
449 596 585 646 prout
618 605 771 634 earum
807 592 981 635 obiecta
1016 593 1193 635 diversa
1241 597 1361 646 sunt,
1411 600 1456 635 et
1504 594 1627 648 leges
1676 604 1781 637 sunt
1833 594 2049 648 diversae,

183 670 318 720 prout
352 665 554 708 diversas
586 665 784 708 virtutes
817 666 1091 720 respiciunt3
1126 667 1227 710 ideo
1260 672 1382 709 recte
1417 667 1504 710 dici
1538 672 1714 722 potest:
1751 673 1935 723 peccata
1958 682 2051 723 pro-

179 740 301 782 xime
335 739 674 782 distinctionem
712 740 967 794 specificam
1002 741 1234 795 accipiunt
1267 755 1293 784 a
1324 741 1577 784 virtutibus
1611 742 1682 784 vel
1724 756 1749 784 a
1782 743 2050 797 praeceptis,

179 814 341 868 quibus
374 817 678 868 opponuntur,
710 817 881 856 remote
913 813 968 856 ab
1001 814 1202 869 obiectis,
1236 815 1293 857 ad
1343 828 1455 869 quae
1498 817 1771 858 referuntur.
1836 817 1897 859 Et
1945 830 2051 859 sane

179 888 332 930 odium
366 887 560 942 proximi
593 891 639 929 et
670 889 847 930 furtum
882 891 989 930 sunt
1022 892 1207 942 peccata
1230 888 1436 943 specifice
1464 889 1699 944 distincta,
1732 891 1803 933 vel
1830 890 1936 944 quia
1958 904 2049 933 ver-

179 966 340 1004 santur
372 962 488 1004 circa
521 961 696 1004 obiecta
728 962 961 1005 moraliter
985 962 1177 1016 diversa,
1199 975 1361 1017 nempe
1382 976 1618 1017 personam
1645 964 1840 1018 proximi
1865 969 1909 1007 et
1935 964 2050 1007 bona

178 1036 390 1091 proximi,
422 1036 494 1079 vel
527 1036 633 1090 quia
666 1040 958 1090 opponuntur
990 1036 1243 1079 virtutibus
1276 1037 1584 1080 essentialiter
1629 1037 1843 1092 diversis,
1889 1051 2050 1092 nempe

179 1110 363 1153 caritati
397 1114 443 1152 et
474 1109 697 1164 iustitiae,
730 1111 801 1152 vel
835 1110 941 1164 quia
963 1111 1263 1154 adversantur
1284 1111 1538 1165 praeceptis
1560 1111 1819 1154 formaliter
1843 1111 2049 1165 diversis,

178 1197 340 1239 nempe
372 1187 611 1239 praecepto
645 1184 853 1227 caritatis
887 1189 932 1227 et
966 1185 1159 1240 septimo
1194 1185 1396 1240 decalogi
1430 1189 1683 1240 praecepto.

330 1333 458 1386 276.
501 1332 717 1386 Norma
759 1348 833 1385 ex
858 1333 1187 1387 virtutibus
1219 1334 1510 1388 desumta.
1557 1334 1835 1398 Quoniam
1865 1342 2049 1385 autem

179 1439 496 1473 normarum
538 1423 765 1473 istarum
814 1421 1030 1473 facilior
1072 1431 1153 1474 est
1193 1422 1301 1489 illa,
1345 1441 1511 1492 quam
1553 1424 1811 1492 proponit
1837 1422 2049 1484 Scotus,

179 1528 299 1561 eam
343 1510 682 1561 enucleatius
723 1529 1014 1580 exponam.

327 1600 535 1642 Ceterum
583 1600 769 1654 regulae
817 1602 1055 1653 sequentes
1103 1599 1336 1653 generales
1383 1603 1567 1643 tantum
1616 1613 1796 1643 normas
1845 1600 2051 1655 specifice

179 1672 494 1727 distinguendi
527 1675 712 1727 peccata
745 1672 1067 1727 suppeditant;
1115 1687 1335 1727 quaenam
1370 1679 1523 1717 autem
1557 1679 1742 1729 peccata
1773 1674 1821 1717 in
1854 1675 2051 1729 particu-

176 1746 262 1790 lari
303 1752 592 1801 opponantur
625 1746 878 1789 virtutibus
922 1746 1129 1802 specifice
1175 1747 1380 1802 diversis,
1424 1748 1547 1791 infra
1590 1749 1904 1803 exponendum
1949 1749 2050 1803 erit,

175 1821 253 1864 ubi
288 1821 341 1863 de
374 1820 626 1875 praeceptis
660 1834 803 1864 sermo
837 1826 920 1866 est.

330 1912 377 1963 1.
417 1910 516 1962 Illa
545 1921 772 1978 peccata
797 1919 925 1962 sunt
950 1911 1204 1979 specifice
1235 1910 1472 1979 diversa,
1515 1930 1655 1981 quae
1697 1920 2051 1981 opponuntur

176 1999 458 2050 ‘virtutibus
500 1999 737 2050 diversis.

329 2103 369 2129 [ι.
404 2089 525 2143 Ergo
558 2089 770 2142 haeresis,
805 2087 1060 2142 desperatio
1095 2093 1140 2131 et
1189 2089 1338 2132 odium
1385 2090 1470 2133 Dei
1519 2094 1625 2133 sunt
1673 2094 1859 2144 peccata
1906 2090 2051 2145 specie

179 2162 403 2205 obiectiva
436 2163 628 2217 diversa,
661 2162 767 2217 quia
800 2168 906 2205 sunt
940 2166 1097 2205 contra
1143 2166 1235 2207 tres
1278 2163 1476 2207 virtutes
1520 2165 1801 2219 theologicas
1842 2164 1964 2208 inter
2005 2178 2050 2208 se

181 2237 401 2287 dive1·sas;
436 2236 702 2291 periurium,
734 2238 911 2279 furtum
946 2240 992 2280 et
1024 2237 1310 2280 mendacium
1345 2242 1452 2281 sunt
1486 2238 1692 2293 specifice
1719 2238 1910 2293 diversa,
1945 2239 2050 2293 quia

179 2314 470 2366 opponuntur
501 2311 754 2354 virtutibus
789 2310 995 2365 diversis,
1028 2324 1189 2366 nempe
1221 2312 1450 2367 religioni,
1482 2312 1692 2356 iustitiae
1725 2317 1770 2355 et
1792 2312 2047 2357 veracitati.

328 2386 364 2428 b.
400 2385 445 2428 Si
476 2399 593 2428 unus
627 2390 756 2428 actus
789 2391 859 2429 est
891 2390 1048 2428 contra
1080 2386 1232 2440 plures
1264 2386 1464 2430 virtutes
1490 2387 1640 2441 specie
1667 2387 1883 2441 diversas,
1917 2387 2048 2442 plura

180 2459 357 2514 pariter
389 2465 574 2515 peccata
607 2460 753 2514 specie
787 2460 966 2503 diversa
998 2460 1046 2502 in
1080 2474 1125 2503 se
1158 2460 1376 2515 continet,
1411 2460 1475 2503 sic
1508 2460 1667 2504 occisio
1692 2460 1938 2503 sacerdotis
1963 2461 2049 2503 duo

178 2539 365 2589 peccata
397 2535 615 2588 continet,
648 2535 842 2577 alterum
877 2538 1035 2577 contra
1067 2534 1314 2589 iustitiam,
1347 2536 1542 2577 alterum
1577 2538 1734 2577 contra
1756 2534 2046 2589 religionem3

180 2613 227 2651 et
259 2612 493 2663 peccatum
529 2609 706 2651 carnale
739 2609 985 2651 sacerdotis
1028 2622 1127 2651 cum
1178 2609 1515 2663 consanguinea
1563 2609 1808 2663 coniugata
1857 2612 2050 2663 quatuor
2114 2654 2123 2668 1,

178 2686 365 2737 peccata
397 2682 614 2737 continet,
649 2687 805 2726 contra
838 2683 1117 2738 castitatem,
1150 2682 1432 2738 religionem,
1464 2683 1694 2726 iustitiam
1728 2687 1773 2726 et
1814 2676 2214 2737 pietatemstv‘ss'tv
2252 2684 2255 2703 ²

331 2772 380 2825 2.
422 2770 521 2822 Illa
562 2779 791 2840 peccata
832 2780 959 2823 sunt
991 2773 1244 2841 specifice
1281 2773 1535 2838 diversa‚'
1562 2791 1701 2841 quae
1734 2771 1914 2823 eidem
1944 2772 2048 2821 vir-

178 2862 282 2912 tuti
365 2859 642 2911 moraliter
725 2861 929 2933 &uerso
1013 2862 1164 2913 modo
1240 2869 1621 2930 opponuntur:
1703 2860 2038 2930 quandoque

181 2950 328 3000 enim
371 2948 647 3000 obiectum
689 2951 906 3001 virtutis
947 2950 1084 3001 adeo
1127 2950 1436 3001 universale
1478 2957 1573 3016 est,
1629 2958 1689 3000 ut
1729 2951 1786 3001 in
1829 2968 1884 3001 se
1927 2968 2048 3000 con-

179 3040 355 3090 tineat
393 3037 551 3107 plura
593 3037 809 3090 obiecta
849 3041 905 3090 in
948 3039 1140 3090 morali
1195 3040 1576 3090 aestimatione
1633 3038 1869 3105 diversa,
1924 3037 2046 3088 ideo

181 3129 344 3178 etiam
403 3135 694 3196 praecepta
750 3128 969 3179 diversa
1033 3128 1278 3180 eiusdem
1332 3129 1551 3178 Virtutis
1616 3129 1875 3179 existunt.
1958 3126 2048 3177 Sic

182 3216 459 3268 obiectum
502 3217 743 3267 iustitiae
795 3225 875 3268 est
928 3216 1205 3268 moraliter
1258 3217 1556 3283 diversum,
1612 3224 1773 3286 prout
1828 3215 2047 3265 diversa

183 3303 319 3356 sunt
349 3304 495 3356 bona
535 3306 791 3374 proximi,
835 3305 1045 3364 scilicet
1073 3308 1204 3372 vita,
1248 3306 1410 3369 fama,
1455 3305 1630 3357 honor
1669 3305 1761 3358 Vel
1791 3304 2045 3368 divitiae3

339 3481 366 3536 ¹)
397 3481 774 3536 Disputationum
807 3482 855 3525 in
890 3482 924 3525 I.
958 3483 1018 3525 Π.
1054 3496 1087 3526 s.
1121 3484 1321 3527 Thomae
1355 3484 1469 3538 disp.
1505 3484 1573 3526 98.
1609 3496 1643 3525 c.
1679 3483 1718 3525 2.
