<?xml version="1.0" encoding="UTF-8"?>
<!DOCTYPE html PUBLIC "-//W3C//DTD XHTML 1.0 Transitional//EN"
    "http://www.w3.org/TR/xhtml1/DTD/xhtml1-transitional.dtd">
<html xmlns="http://www.w3.org/1999/xhtml" xml:lang="en" lang="en">
 <head>
  <title>
</title>
<meta http-equiv="Content-Type" content="text/html;charset=utf-8" />
  <meta name='ocr-system' content='tesseract 3.04.00' />
  <meta name='ocr-capabilities' content='ocr_page ocr_carea ocr_par ocr_line ocrx_word'/>
</head>
<body>
  <div class='ocr_page' id='page_1' title='image "./summatheologiaem00nold_0525.png"; bbox 0 0 2269 3898; ppageno 0'>
   <div class='ocr_carea' id='block_1_1' title="bbox 654 130 1951 176">
    <p class='ocr_par' dir='ltr' id='par_1_1' title="bbox 654 130 1951 176">
     <span class='ocr_line' id='line_1_1' title="bbox 654 130 1951 176; baseline -0.004 -1"><span class='ocrx_word' id='word_1_1' title='bbox 654 133 720 176; x_wconf 90' lang='lat' dir='ltr'>De</span> <span class='ocrx_word' id='word_1_2' title='bbox 751 131 1049 176; x_wconf 78' lang='lat' dir='ltr'>celebratione</span> <span class='ocrx_word' id='word_1_3' title='bbox 1080 130 1377 174; x_wconf 82' lang='lat' dir='ltr'>matrimonii.</span> <span class='ocrx_word' id='word_1_4' title='bbox 1869 130 1951 172; x_wconf 73' lang='lat'>157</span> 
     </span>
    </p>
   </div>
   <div class='ocr_carea' id='block_1_2' title="bbox 83 261 1956 1227">
    <p class='ocr_par' dir='ltr' id='par_1_2' title="bbox 83 261 1956 1227">
     <span class='ocr_line' id='line_1_2' title="bbox 236 261 1953 333; baseline -0.005 -13"><span class='ocrx_word' id='word_1_5' title='bbox 236 267 367 321; x_wconf 70' lang='lat'>149.</span> <span class='ocrx_word' id='word_1_6' title='bbox 410 267 495 320; x_wconf 86' lang='lat' dir='ltr'>De</span> <span class='ocrx_word' id='word_1_7' title='bbox 536 267 688 333; x_wconf 86' lang='lat' dir='ltr'>ipsis</span> <span class='ocrx_word' id='word_1_8' title='bbox 729 265 1322 332; x_wconf 78' lang='lat' dir='ltr'>proclamationibus,</span> <span class='ocrx_word' id='word_1_9' title='bbox 1398 265 1443 316; x_wconf 90' lang='grc'>1.</span> <span class='ocrx_word' id='word_1_10' title='bbox 1488 261 1953 314; x_wconf 77' lang='lat' dir='ltr'>Proclamationes</span> 
     </span>
     <span class='ocr_line' id='line_1_3' title="bbox 83 352 1950 421; baseline -0.003 -14"><span class='ocrx_word' id='word_1_11' title='bbox 83 356 372 408; x_wconf 77' lang='lat' dir='ltr'>faciendae</span> <span class='ocrx_word' id='word_1_12' title='bbox 444 364 569 406; x_wconf 89' lang='lat' dir='ltr'>sunt</span> <span class='ocrx_word' id='word_1_13' title='bbox 642 354 810 405; x_wconf 70' lang='lat' dir='ltr'>tribas</span> <span class='ocrx_word' id='word_1_14' title='bbox 875 353 1056 404; x_wconf 74' lang='lat' dir='ltr'>diebus</span> <span class='ocrx_word' id='word_1_15' title='bbox 1121 352 1340 421; x_wconf 73' lang='lat' dir='ltr'>festivis</span> <span class='ocrx_word' id='word_1_16' title='bbox 1420 354 1595 421; x_wconf 88' lang='lat' dir='ltr'>iisque</span> <span class='ocrx_word' id='word_1_17' title='bbox 1674 352 1950 403; x_wconf 75' lang='lat' dir='ltr'>continuis,</span> 
     </span>
     <span class='ocr_line' id='line_1_4' title="bbox 84 441 1952 510; baseline -0.003 -14"><span class='ocrx_word' id='word_1_18' title='bbox 84 447 310 496; x_wconf 73' lang='lat' dir='ltr'>Festivis</span> <span class='ocrx_word' id='word_1_19' title='bbox 361 447 395 495; x_wconf 94' lang='lat' dir='ltr'>i.</span> <span class='ocrx_word' id='word_1_20' title='bbox 447 462 490 496; x_wconf 93' lang='lat' dir='ltr'>e.</span> <span class='ocrx_word' id='word_1_21' title='bbox 551 443 842 495; x_wconf 85' lang='lat' dir='ltr'>dominicis</span> <span class='ocrx_word' id='word_1_22' title='bbox 900 442 987 492; x_wconf 89' lang='lat' dir='ltr'>vel</span> <span class='ocrx_word' id='word_1_23' title='bbox 1045 441 1211 503; x_wconf 71' lang='lat' dir='ltr'>festis,</span> <span class='ocrx_word' id='word_1_24' title='bbox 1271 441 1472 510; x_wconf 89' lang='lat' dir='ltr'>quibus</span> <span class='ocrx_word' id='word_1_25' title='bbox 1533 459 1601 491; x_wconf 83' lang='lat' dir='ltr'>ex</span> <span class='ocrx_word' id='word_1_26' title='bbox 1660 448 1952 508; x_wconf 86' lang='lat' dir='ltr'>praecepto</span> 
     </span>
     <span class='ocr_line' id='line_1_5' title="bbox 85 528 1950 600; baseline -0.003 -15"><span class='ocrx_word' id='word_1_27' title='bbox 85 533 384 585; x_wconf 85' lang='lat' dir='ltr'>universali</span> <span class='ocrx_word' id='word_1_28' title='bbox 443 532 707 584; x_wconf 91' lang='lat' dir='ltr'>ecclesiae</span> <span class='ocrx_word' id='word_1_29' title='bbox 764 530 852 582; x_wconf 86' lang='lat' dir='ltr'>vel</span> <span class='ocrx_word' id='word_1_30' title='bbox 909 530 1229 600; x_wconf 84' lang='lat' dir='ltr'>particulari</span> <span class='ocrx_word' id='word_1_31' title='bbox 1287 530 1553 581; x_wconf 89' lang='lat' dir='ltr'>dioecesis</span> <span class='ocrx_word' id='word_1_32' title='bbox 1610 539 1768 598; x_wconf 82' lang='lat' dir='ltr'>urget</span> <span class='ocrx_word' id='word_1_33' title='bbox 1822 528 1950 579; x_wconf 88' lang='lat' dir='ltr'>obli-</span> 
     </span>
     <span class='ocr_line' id='line_1_6' title="bbox 83 615 1949 692; baseline -0.003 -18"><span class='ocrx_word' id='word_1_34' title='bbox 83 624 228 692; x_wconf 84' lang='lat' dir='ltr'>gatio</span> <span class='ocrx_word' id='word_1_35' title='bbox 285 621 550 673; x_wconf 91' lang='lat' dir='ltr'>audiendi</span> <span class='ocrx_word' id='word_1_36' title='bbox 607 639 840 686; x_wconf 83' lang='lat' dir='ltr'>sacrum,</span> <span class='ocrx_word' id='word_1_37' title='bbox 902 629 962 670; x_wconf 91' lang='lat' dir='ltr'>ut</span> <span class='ocrx_word' id='word_1_38' title='bbox 1020 619 1164 670; x_wconf 86' lang='lat' dir='ltr'>adsit</span> <span class='ocrx_word' id='word_1_39' title='bbox 1223 637 1521 669; x_wconf 83' lang='lat' dir='ltr'>concursus</span> <span class='ocrx_word' id='word_1_40' title='bbox 1572 615 1780 687; x_wconf 86' lang='lat' dir='ltr'>populi,</span> <span class='ocrx_word' id='word_1_41' title='bbox 1843 636 1949 669; x_wconf 90' lang='lat' dir='ltr'>non</span> 
     </span>
     <span class='ocr_line' id='line_1_7' title="bbox 84 707 1953 777; baseline -0.002 -15"><span class='ocrx_word' id='word_1_42' title='bbox 84 720 268 763; x_wconf 89' lang='lat' dir='ltr'>autem</span> <span class='ocrx_word' id='word_1_43' title='bbox 322 710 517 762; x_wconf 89' lang='lat' dir='ltr'>diebus</span> <span class='ocrx_word' id='word_1_44' title='bbox 564 710 718 761; x_wconf 87' lang='lat' dir='ltr'>festis</span> <span class='ocrx_word' id='word_1_45' title='bbox 767 709 1046 777; x_wconf 83' lang='lat' dir='ltr'>abrogatis</span> <span class='ocrx_word' id='word_1_46' title='bbox 1098 709 1205 759; x_wconf 88' lang='lat' dir='ltr'>nisi</span> <span class='ocrx_word' id='word_1_47' title='bbox 1250 708 1316 759; x_wconf 89' lang='lat' dir='ltr'>de</span> <span class='ocrx_word' id='word_1_48' title='bbox 1364 707 1588 758; x_wconf 87' lang='lat' dir='ltr'>licentia</span> <span class='ocrx_word' id='word_1_49' title='bbox 1639 708 1953 776; x_wconf 72' lang='lat' dir='ltr'>episcopil).</span> 
     </span>
     <span class='ocr_line' id='line_1_8' title="bbox 92 795 1953 862; baseline -0.004 -9"><span class='ocrx_word' id='word_1_50' title='bbox 92 801 367 854; x_wconf 72' lang='lat' dir='ltr'>Continuis</span> <span class='ocrx_word' id='word_1_51' title='bbox 407 801 441 852; x_wconf 90' lang='lat' dir='ltr'>i.</span> <span class='ocrx_word' id='word_1_52' title='bbox 486 818 529 852; x_wconf 87' lang='lat' dir='ltr'>e.</span> <span class='ocrx_word' id='word_1_53' title='bbox 575 801 650 850; x_wconf 87' lang='lat' dir='ltr'>ita</span> <span class='ocrx_word' id='word_1_54' title='bbox 692 798 798 850; x_wconf 87' lang='lat' dir='ltr'>sibi</span> <span class='ocrx_word' id='word_1_55' title='bbox 840 796 1280 862; x_wconf 84' lang='lat' dir='ltr'>succedentibus,</span> <span class='ocrx_word' id='word_1_56' title='bbox 1324 805 1385 847; x_wconf 91' lang='lat' dir='ltr'>ut</span> <span class='ocrx_word' id='word_1_57' title='bbox 1424 795 1608 847; x_wconf 90' lang='lat' dir='ltr'>nullus</span> <span class='ocrx_word' id='word_1_58' title='bbox 1650 796 1766 847; x_wconf 91' lang='lat' dir='ltr'>dies</span> <span class='ocrx_word' id='word_1_59' title='bbox 1807 796 1953 846; x_wconf 91' lang='lat' dir='ltr'>festi-</span> 
     </span>
     <span class='ocr_line' id='line_1_9' title="bbox 86 884 1956 956; baseline -0.003 -15"><span class='ocrx_word' id='word_1_60' title='bbox 86 909 187 941; x_wconf 84' lang='lat' dir='ltr'>vus</span> <span class='ocrx_word' id='word_1_61' title='bbox 217 892 335 941; x_wconf 92' lang='lat' dir='ltr'>sine</span> <span class='ocrx_word' id='word_1_62' title='bbox 366 887 880 941; x_wconf 85' lang='lat' dir='ltr'>denuntiationibus</span> <span class='ocrx_word' id='word_1_63' title='bbox 911 888 1394 956; x_wconf 83' lang='lat' dir='ltr'>praetermittatur,</span> <span class='ocrx_word' id='word_1_64' title='bbox 1439 905 1504 936; x_wconf 92' lang='lat' dir='ltr'>ne</span> <span class='ocrx_word' id='word_1_65' title='bbox 1546 886 1683 936; x_wconf 83' lang='lat' dir='ltr'>forte</span> <span class='ocrx_word' id='word_1_66' title='bbox 1720 884 1956 954; x_wconf 89' lang='lat' dir='ltr'>populus</span> 
     </span>
     <span class='ocr_line' id='line_1_10' title="bbox 86 973 1954 1043; baseline -0.004 -12"><span class='ocrx_word' id='word_1_67' title='bbox 86 980 568 1031; x_wconf 84' lang='lat' dir='ltr'>denuntiationum</span> <span class='ocrx_word' id='word_1_68' title='bbox 613 976 986 1030; x_wconf 88' lang='lat' dir='ltr'>obliviscatur.</span> <span class='ocrx_word' id='word_1_69' title='bbox 1044 976 1101 1028; x_wconf 83' lang='lat' dir='ltr'>Si</span> <span class='ocrx_word' id='word_1_70' title='bbox 1128 985 1314 1026; x_wconf 88' lang='lat' dir='ltr'>tamen</span> <span class='ocrx_word' id='word_1_71' title='bbox 1345 975 1461 1026; x_wconf 88' lang='lat' dir='ltr'>dies</span> <span class='ocrx_word' id='word_1_72' title='bbox 1490 975 1660 1026; x_wconf 87' lang='lat' dir='ltr'>festus</span> <span class='ocrx_word' id='word_1_73' title='bbox 1690 993 1758 1026; x_wconf 79' lang='lat' dir='ltr'>ex</span> <span class='ocrx_word' id='word_1_74' title='bbox 1788 973 1954 1043; x_wconf 88' lang='lat' dir='ltr'>quali-</span> 
     </span>
     <span class='ocr_line' id='line_1_11' title="bbox 86 1064 1955 1138; baseline -0.004 -18"><span class='ocrx_word' id='word_1_75' title='bbox 86 1087 303 1138; x_wconf 87' lang='lat' dir='ltr'>cunque</span> <span class='ocrx_word' id='word_1_76' title='bbox 364 1086 530 1119; x_wconf 89' lang='lat' dir='ltr'>causa</span> <span class='ocrx_word' id='word_1_77' title='bbox 589 1068 1072 1136; x_wconf 77' lang='lat' dir='ltr'>praetermittatur,</span> <span class='ocrx_word' id='word_1_78' title='bbox 1132 1066 1381 1134; x_wconf 90' lang='lat' dir='ltr'>sequenti</span> <span class='ocrx_word' id='word_1_79' title='bbox 1440 1065 1530 1115; x_wconf 90' lang='lat' dir='ltr'>die</span> <span class='ocrx_word' id='word_1_80' title='bbox 1585 1064 1781 1115; x_wconf 82' lang='lat' dir='ltr'>festivo</span> <span class='ocrx_word' id='word_1_81' title='bbox 1838 1081 1955 1132; x_wconf 89' lang='lat' dir='ltr'>pro-</span> 
     </span>
     <span class='ocr_line' id='line_1_12' title="bbox 86 1157 890 1227; baseline -0.004 -18"><span class='ocrx_word' id='word_1_82' title='bbox 86 1158 365 1227; x_wconf 87' lang='lat' dir='ltr'>sequenda</span> <span class='ocrx_word' id='word_1_83' title='bbox 408 1166 485 1208; x_wconf 89' lang='lat' dir='ltr'>est</span> <span class='ocrx_word' id='word_1_84' title='bbox 527 1157 890 1208; x_wconf 84' lang='lat' dir='ltr'>denuntiatio.</span> 
     </span>
    </p>
   </div>
   <div class='ocr_carea' id='block_1_3' title="bbox 84 1256 1965 2582">
    <p class='ocr_par' dir='ltr' id='par_1_3' title="bbox 84 1256 1960 1466">
     <span class='ocr_line' id='line_1_13' title="bbox 235 1256 1960 1315; baseline -0.003 -11"><span class='ocrx_word' id='word_1_85' title='bbox 235 1276 274 1303; x_wconf 82' lang='lat' dir='ltr'>a.</span> <span class='ocrx_word' id='word_1_86' title='bbox 310 1261 694 1304; x_wconf 89' lang='lat' dir='ltr'>Denuntiationes</span> <span class='ocrx_word' id='word_1_87' title='bbox 728 1259 1024 1315; x_wconf 86' lang='lat' dir='ltr'>probabiliter</span> <span class='ocrx_word' id='word_1_88' title='bbox 1056 1259 1155 1302; x_wconf 86' lang='lat' dir='ltr'>fieri</span> <span class='ocrx_word' id='word_1_89' title='bbox 1189 1258 1328 1302; x_wconf 86' lang='lat' dir='ltr'>etiam</span> <span class='ocrx_word' id='word_1_90' title='bbox 1362 1263 1553 1313; x_wconf 82' lang='lat' dir='ltr'>possunt</span> <span class='ocrx_word' id='word_1_91' title='bbox 1589 1257 1745 1301; x_wconf 85' lang='lat' dir='ltr'>diebus</span> <span class='ocrx_word' id='word_1_92' title='bbox 1776 1256 1960 1300; x_wconf 73' lang='lat' dir='ltr'>festivis</span> 
     </span>
     <span class='ocr_line' id='line_1_14' title="bbox 84 1331 1958 1389; baseline -0.003 -10"><span class='ocrx_word' id='word_1_93' title='bbox 84 1337 342 1379; x_wconf 77' lang='lat' dir='ltr'>immediate</span> <span class='ocrx_word' id='word_1_94' title='bbox 373 1336 463 1379; x_wconf 74' lang='lat' dir='ltr'>sibi</span> <span class='ocrx_word' id='word_1_95' title='bbox 492 1335 867 1389; x_wconf 59' lang='lat' dir='ltr'>sncceclentfflnsg</span> <span class='ocrx_word' id='word_1_96' title='bbox 915 1334 1073 1388; x_wconf 88' lang='lat' dir='ltr'>quodsi</span> <span class='ocrx_word' id='word_1_97' title='bbox 1122 1338 1214 1377; x_wconf 86' lang='lat' dir='ltr'>tres</span> <span class='ocrx_word' id='word_1_98' title='bbox 1263 1332 1358 1376; x_wconf 90' lang='lat' dir='ltr'>dies</span> <span class='ocrx_word' id='word_1_99' title='bbox 1404 1333 1513 1376; x_wconf 75' lang='lat' dir='ltr'>festi</span> <span class='ocrx_word' id='word_1_100' title='bbox 1561 1332 1826 1375; x_wconf 85' lang='lat' dir='ltr'>immediate</span> <span class='ocrx_word' id='word_1_101' title='bbox 1872 1331 1958 1374; x_wconf 86' lang='lat' dir='ltr'>sibi</span> 
     </span>
     <span class='ocr_line' id='line_1_15' title="bbox 84 1406 1870 1466; baseline -0.004 -11"><span class='ocrx_word' id='word_1_102' title='bbox 84 1412 342 1465; x_wconf 79' lang='lat' dir='ltr'>succedant,</span> <span class='ocrx_word' id='word_1_103' title='bbox 375 1416 595 1466; x_wconf 84' lang='lat' dir='ltr'>praestat,</span> <span class='ocrx_word' id='word_1_104' title='bbox 627 1416 680 1452; x_wconf 92' lang='lat' dir='ltr'>ut</span> <span class='ocrx_word' id='word_1_105' title='bbox 714 1423 831 1452; x_wconf 91' lang='lat' dir='ltr'>unus</span> <span class='ocrx_word' id='word_1_106' title='bbox 864 1409 959 1452; x_wconf 87' lang='lat' dir='ltr'>sine</span> <span class='ocrx_word' id='word_1_107' title='bbox 992 1407 1426 1464; x_wconf 87' lang='lat' dir='ltr'>proclamationibus</span> <span class='ocrx_word' id='word_1_108' title='bbox 1458 1406 1870 1463; x_wconf 88' lang='lat' dir='ltr'>praetermittatur.</span> 
     </span>
    </p>

    <p class='ocr_par' dir='ltr' id='par_1_4' title="bbox 84 1479 1961 1690">
     <span class='ocr_line' id='line_1_16' title="bbox 232 1479 1961 1540; baseline -0.004 -12"><span class='ocrx_word' id='word_1_109' title='bbox 232 1487 266 1528; x_wconf 77' lang='lat' dir='ltr'>b.</span> <span class='ocrx_word' id='word_1_110' title='bbox 301 1485 415 1540; x_wconf 80' lang='lat' dir='ltr'>Legi</span> <span class='ocrx_word' id='word_1_111' title='bbox 448 1499 537 1528; x_wconf 90' lang='lat' dir='ltr'>non</span> <span class='ocrx_word' id='word_1_112' title='bbox 571 1485 758 1538; x_wconf 86' lang='lat' dir='ltr'>satisfit,</span> <span class='ocrx_word' id='word_1_113' title='bbox 803 1483 838 1526; x_wconf 87' lang='lat' dir='ltr'>si</span> <span class='ocrx_word' id='word_1_114' title='bbox 889 1483 1267 1538; x_wconf 81' lang='lat' dir='ltr'>proclamationes</span> <span class='ocrx_word' id='word_1_115' title='bbox 1319 1483 1438 1525; x_wconf 90' lang='lat' dir='ltr'>fiant</span> <span class='ocrx_word' id='word_1_116' title='bbox 1490 1481 1648 1524; x_wconf 78' lang='lat' dir='ltr'>diebus</span> <span class='ocrx_word' id='word_1_117' title='bbox 1691 1479 1961 1536; x_wconf 74' lang='lat' dir='ltr'>ferialibus,</span> 
     </span>
     <span class='ocr_line' id='line_1_17' title="bbox 85 1554 1958 1615; baseline -0.004 -12"><span class='ocrx_word' id='word_1_118' title='bbox 85 1560 171 1603; x_wconf 88' lang='lat' dir='ltr'>etsi</span> <span class='ocrx_word' id='word_1_119' title='bbox 204 1562 414 1615; x_wconf 78' lang='lat' dir='ltr'>frequens</span> <span class='ocrx_word' id='word_1_120' title='bbox 448 1560 640 1615; x_wconf 89' lang='lat' dir='ltr'>populus</span> <span class='ocrx_word' id='word_1_121' title='bbox 673 1559 730 1601; x_wconf 87' lang='lat' dir='ltr'>ad</span> <span class='ocrx_word' id='word_1_122' title='bbox 763 1558 994 1601; x_wconf 87' lang='lat' dir='ltr'>ecclesiam</span> <span class='ocrx_word' id='word_1_123' title='bbox 1029 1562 1280 1610; x_wconf 80' lang='lat' dir='ltr'>concurrat,</span> <span class='ocrx_word' id='word_1_124' title='bbox 1315 1556 1421 1610; x_wconf 89' lang='lat' dir='ltr'>quia</span> <span class='ocrx_word' id='word_1_125' title='bbox 1464 1569 1554 1598; x_wconf 90' lang='lat' dir='ltr'>non</span> <span class='ocrx_word' id='word_1_126' title='bbox 1604 1554 1779 1597; x_wconf 86' lang='lat' dir='ltr'>sufficit</span> <span class='ocrx_word' id='word_1_127' title='bbox 1820 1555 1958 1596; x_wconf 88' lang='lat' dir='ltr'>finem</span> 
     </span>
     <span class='ocr_line' id='line_1_18' title="bbox 84 1627 1809 1690; baseline -0.004 -12"><span class='ocrx_word' id='word_1_128' title='bbox 84 1636 200 1690; x_wconf 75' lang='lat' dir='ltr'>legis</span> <span class='ocrx_word' id='word_1_129' title='bbox 232 1635 478 1689; x_wconf 82' lang='lat' dir='ltr'>attingere,</span> <span class='ocrx_word' id='word_1_130' title='bbox 510 1634 599 1677; x_wconf 91' lang='lat' dir='ltr'>nisi</span> <span class='ocrx_word' id='word_1_131' title='bbox 631 1633 678 1676; x_wconf 90' lang='lat' dir='ltr'>id</span> <span class='ocrx_word' id='word_1_132' title='bbox 711 1635 795 1676; x_wconf 89' lang='lat' dir='ltr'>fiat</span> <span class='ocrx_word' id='word_1_133' title='bbox 829 1646 908 1687; x_wconf 87' lang='lat' dir='ltr'>per</span> <span class='ocrx_word' id='word_1_134' title='bbox 940 1632 1090 1675; x_wconf 89' lang='lat' dir='ltr'>media</span> <span class='ocrx_word' id='word_1_135' title='bbox 1123 1646 1149 1674; x_wconf 88' lang='lat' dir='ltr'>a</span> <span class='ocrx_word' id='word_1_136' title='bbox 1180 1631 1445 1686; x_wconf 79' lang='lat' dir='ltr'>legislatore</span> <span class='ocrx_word' id='word_1_137' title='bbox 1478 1627 1809 1685; x_wconf 63' lang='lat' dir='ltr'>p1·aescripta‘³ft.</span> 
     </span>
    </p>

    <p class='ocr_par' dir='ltr' id='par_1_5' title="bbox 84 1703 1962 2061">
     <span class='ocr_line' id='line_1_19' title="bbox 235 1703 1957 1761; baseline -0.004 -9"><span class='ocrx_word' id='word_1_138' title='bbox 235 1723 268 1752; x_wconf 73' lang='lat' dir='ltr'>c,</span> <span class='ocrx_word' id='word_1_139' title='bbox 301 1709 399 1752; x_wconf 73' lang='lat' dir='ltr'>Xon</span> <span class='ocrx_word' id='word_1_140' title='bbox 433 1708 593 1751; x_wconf 76' lang='lat' dir='ltr'>existit</span> <span class='ocrx_word' id='word_1_141' title='bbox 626 1708 698 1750; x_wconf 81' lang='lat' dir='ltr'>lex</span> <span class='ocrx_word' id='word_1_142' title='bbox 730 1706 1002 1750; x_wconf 76' lang='lat' dir='ltr'>universalis</span> <span class='ocrx_word' id='word_1_143' title='bbox 1051 1705 1307 1761; x_wconf 88' lang='lat' dir='ltr'>prohibens,</span> <span class='ocrx_word' id='word_1_144' title='bbox 1354 1718 1411 1748; x_wconf 92' lang='lat' dir='ltr'>ne</span> <span class='ocrx_word' id='word_1_145' title='bbox 1459 1703 1803 1747; x_wconf 85' lang='lat' dir='ltr'>matrimonium</span> <span class='ocrx_word' id='word_1_146' title='bbox 1855 1703 1957 1745; x_wconf 88' lang='lat' dir='ltr'>cele-</span> 
     </span>
     <span class='ocr_line' id='line_1_20' title="bbox 86 1778 1961 1839; baseline -0.004 -13"><span class='ocrx_word' id='word_1_147' title='bbox 86 1783 239 1826; x_wconf 86' lang='lat' dir='ltr'>bretur</span> <span class='ocrx_word' id='word_1_148' title='bbox 279 1783 374 1839; x_wconf 75' lang='lat' dir='ltr'>ipso</span> <span class='ocrx_word' id='word_1_149' title='bbox 407 1782 480 1825; x_wconf 78' lang='lat' dir='ltr'>die</span> <span class='ocrx_word' id='word_1_150' title='bbox 528 1783 713 1825; x_wconf 70' lang='lat' dir='ltr'>ultimae</span> <span class='ocrx_word' id='word_1_151' title='bbox 755 1781 1166 1837; x_wconf 66' lang='lat' dir='ltr'>J21=0clc111mt1·01n·s.·</span> <span class='ocrx_word' id='word_1_152' title='bbox 1217 1793 1374 1823; x_wconf 66' lang='lat' dir='ltr'>verum</span> <span class='ocrx_word' id='word_1_153' title='bbox 1429 1778 1727 1834; x_wconf 87' lang='lat' dir='ltr'>particularia</span> <span class='ocrx_word' id='word_1_154' title='bbox 1781 1782 1961 1820; x_wconf 86' lang='lat' dir='ltr'>statuta</span> 
     </span>
     <span class='ocr_line' id='line_1_21' title="bbox 85 1852 1958 1913; baseline -0.004 -12"><span class='ocrx_word' id='word_1_155' title='bbox 85 1858 410 1913; x_wconf 84' lang='lat' dir='ltr'>praescribunt,</span> <span class='ocrx_word' id='word_1_156' title='bbox 444 1858 535 1900; x_wconf 91' lang='lat' dir='ltr'>alia</span> <span class='ocrx_word' id='word_1_157' title='bbox 570 1857 703 1911; x_wconf 87' lang='lat' dir='ltr'>diem,</span> <span class='ocrx_word' id='word_1_158' title='bbox 737 1857 828 1899; x_wconf 86' lang='lat' dir='ltr'>alia</span> <span class='ocrx_word' id='word_1_159' title='bbox 861 1856 1063 1907; x_wconf 76' lang='lat' dir='ltr'>biduum,</span> <span class='ocrx_word' id='word_1_160' title='bbox 1097 1856 1189 1898; x_wconf 90' lang='lat' dir='ltr'>alia</span> <span class='ocrx_word' id='word_1_161' title='bbox 1222 1855 1426 1897; x_wconf 88' lang='lat' dir='ltr'>triduum</span> <span class='ocrx_word' id='word_1_162' title='bbox 1473 1866 1567 1896; x_wconf 90' lang='lat' dir='ltr'>esse</span> <span class='ocrx_word' id='word_1_163' title='bbox 1614 1852 1958 1907; x_wconf 78' lang='lat' dir='ltr'>expectandum.</span> 
     </span>
     <span class='ocr_line' id='line_1_22' title="bbox 85 1928 1962 1986; baseline -0.004 -10"><span class='ocrx_word' id='word_1_164' title='bbox 85 1933 172 1976; x_wconf 84' lang='lat' dir='ltr'>Ubi</span> <span class='ocrx_word' id='word_1_165' title='bbox 206 1933 322 1976; x_wconf 88' lang='lat' dir='ltr'>nihil</span> <span class='ocrx_word' id='word_1_166' title='bbox 347 1937 575 1975; x_wconf 90' lang='lat' dir='ltr'>statutum</span> <span class='ocrx_word' id='word_1_167' title='bbox 609 1939 692 1986; x_wconf 87' lang='lat' dir='ltr'>est,</span> <span class='ocrx_word' id='word_1_168' title='bbox 712 1931 923 1974; x_wconf 72' lang='lat' dir='ltr'>convenit.</span> <span class='ocrx_word' id='word_1_169' title='bbox 947 1930 1142 1984; x_wconf 88' lang='lat' dir='ltr'>omnino,</span> <span class='ocrx_word' id='word_1_170' title='bbox 1174 1936 1228 1972; x_wconf 85' lang='lat' dir='ltr'>ut</span> <span class='ocrx_word' id='word_1_171' title='bbox 1252 1929 1413 1972; x_wconf 86' lang='lat' dir='ltr'>saltem</span> <span class='ocrx_word' id='word_1_172' title='bbox 1438 1941 1516 1983; x_wconf 89' lang='lat' dir='ltr'>per</span> <span class='ocrx_word' id='word_1_173' title='bbox 1540 1928 1658 1970; x_wconf 91' lang='lat' dir='ltr'>diem</span> <span class='ocrx_word' id='word_1_174' title='bbox 1683 1930 1962 1981; x_wconf 82' lang='lat' dir='ltr'>expectetur,</span> 
     </span>
     <span class='ocr_line' id='line_1_23' title="bbox 84 2001 1958 2061; baseline -0.005 -10"><span class='ocrx_word' id='word_1_175' title='bbox 84 2008 173 2051; x_wconf 90' lang='lat' dir='ltr'>nisi</span> <span class='ocrx_word' id='word_1_176' title='bbox 206 2008 324 2051; x_wconf 88' lang='lat' dir='ltr'>ratio</span> <span class='ocrx_word' id='word_1_177' title='bbox 358 2007 721 2051; x_wconf 79' lang='lat' dir='ltr'>extraordinaria</span> <span class='ocrx_word' id='word_1_178' title='bbox 752 2011 931 2061; x_wconf 78' lang='lat' dir='ltr'>urgeat,</span> <span class='ocrx_word' id='word_1_179' title='bbox 964 2011 1019 2048; x_wconf 91' lang='lat' dir='ltr'>ut</span> <span class='ocrx_word' id='word_1_180' title='bbox 1052 2004 1396 2048; x_wconf 88' lang='lat' dir='ltr'>matrimonium</span> <span class='ocrx_word' id='word_1_181' title='bbox 1421 2003 1575 2046; x_wconf 88' lang='lat' dir='ltr'>eodem</span> <span class='ocrx_word' id='word_1_182' title='bbox 1602 2002 1673 2044; x_wconf 90' lang='lat' dir='ltr'>die</span> <span class='ocrx_word' id='word_1_183' title='bbox 1697 2001 1958 2044; x_wconf 81' lang='lat' dir='ltr'>celebretur.</span> 
     </span>
    </p>

    <p class='ocr_par' dir='ltr' id='par_1_6' title="bbox 87 2075 1965 2582">
     <span class='ocr_line' id='line_1_24' title="bbox 236 2075 1962 2128; baseline -0.005 -3"><span class='ocrx_word' id='word_1_184' title='bbox 236 2083 276 2125; x_wconf 81' lang='lat' dir='ltr'>d.</span> <span class='ocrx_word' id='word_1_185' title='bbox 312 2082 357 2126; x_wconf 83' lang='lat' dir='ltr'>Si</span> <span class='ocrx_word' id='word_1_186' title='bbox 389 2082 526 2125; x_wconf 75' lang='lat' dir='ltr'>factis</span> <span class='ocrx_word' id='word_1_187' title='bbox 561 2080 983 2125; x_wconf 75' lang='lat' dir='ltr'>denuntiationibus</span> <span class='ocrx_word' id='word_1_188' title='bbox 1017 2079 1360 2123; x_wconf 86' lang='lat' dir='ltr'>matrimonium</span> <span class='ocrx_word' id='word_1_189' title='bbox 1383 2092 1473 2121; x_wconf 89' lang='lat' dir='ltr'>non</span> <span class='ocrx_word' id='word_1_190' title='bbox 1512 2076 1672 2119; x_wconf 86' lang='lat' dir='ltr'>statim</span> <span class='ocrx_word' id='word_1_191' title='bbox 1696 2075 1962 2128; x_wconf 89' lang='lat' dir='ltr'>celebratur,</span> 
     </span>
     <span class='ocr_line' id='line_1_25' title="bbox 87 2149 1961 2210; baseline -0.005 -10"><span class='ocrx_word' id='word_1_192' title='bbox 87 2158 162 2200; x_wconf 88' lang='lat' dir='ltr'>sed</span> <span class='ocrx_word' id='word_1_193' title='bbox 214 2157 388 2200; x_wconf 88' lang='lat' dir='ltr'>diutius</span> <span class='ocrx_word' id='word_1_194' title='bbox 438 2157 675 2210; x_wconf 80' lang='lat' dir='ltr'>differtur,</span> <span class='ocrx_word' id='word_1_195' title='bbox 726 2155 1094 2199; x_wconf 84' lang='lat' dir='ltr'>denuntiationes</span> <span class='ocrx_word' id='word_1_196' title='bbox 1140 2154 1284 2196; x_wconf 91' lang='lat' dir='ltr'>denuo</span> <span class='ocrx_word' id='word_1_197' title='bbox 1333 2152 1432 2195; x_wconf 91' lang='lat' dir='ltr'>fieri</span> <span class='ocrx_word' id='word_1_198' title='bbox 1478 2151 1654 2194; x_wconf 89' lang='lat' dir='ltr'>debent.</span> <span class='ocrx_word' id='word_1_199' title='bbox 1734 2149 1961 2203; x_wconf 80' lang='lat' dir='ltr'>Quamdiu</span> 
     </span>
     <span class='ocr_line' id='line_1_26' title="bbox 88 2225 1963 2284; baseline -0.005 -9"><span class='ocrx_word' id='word_1_200' title='bbox 88 2232 390 2275; x_wconf 81' lang='lat' dir='ltr'>differendum</span> <span class='ocrx_word' id='word_1_201' title='bbox 425 2232 485 2275; x_wconf 87' lang='lat' dir='ltr'>sit</span> <span class='ocrx_word' id='word_1_202' title='bbox 519 2230 877 2284; x_wconf 85' lang='lat' dir='ltr'>matrimonium,</span> <span class='ocrx_word' id='word_1_203' title='bbox 910 2234 963 2272; x_wconf 90' lang='lat' dir='ltr'>ut</span> <span class='ocrx_word' id='word_1_204' title='bbox 995 2243 1113 2272; x_wconf 80' lang='lat' dir='ltr'>nova</span> <span class='ocrx_word' id='word_1_205' title='bbox 1148 2227 1436 2271; x_wconf 87' lang='lat' dir='ltr'>denuntiatio</span> <span class='ocrx_word' id='word_1_206' title='bbox 1468 2226 1720 2270; x_wconf 83' lang='lat' dir='ltr'>neccssaria</span> <span class='ocrx_word' id='word_1_207' title='bbox 1754 2225 1829 2279; x_wconf 85' lang='lat' dir='ltr'>sit,</span> <span class='ocrx_word' id='word_1_208' title='bbox 1862 2225 1963 2278; x_wconf 83' lang='lat' dir='ltr'>lege</span> 
     </span>
     <span class='ocr_line' id='line_1_27' title="bbox 88 2299 1960 2362; baseline -0.005 -12"><span class='ocrx_word' id='word_1_209' title='bbox 88 2307 288 2362; x_wconf 79' lang='lat' dir='ltr'>generali</span> <span class='ocrx_word' id='word_1_210' title='bbox 335 2306 689 2349; x_wconf 88' lang='lat' dir='ltr'>determinatum</span> <span class='ocrx_word' id='word_1_211' title='bbox 733 2318 823 2347; x_wconf 91' lang='lat' dir='ltr'>non</span> <span class='ocrx_word' id='word_1_212' title='bbox 872 2311 961 2346; x_wconf 81' lang='lat' dir='ltr'>est:</span> <span class='ocrx_word' id='word_1_213' title='bbox 1008 2304 1140 2346; x_wconf 85' lang='lat' dir='ltr'>iuxta</span> <span class='ocrx_word' id='word_1_214' title='bbox 1188 2303 1375 2345; x_wconf 73' lang='lat' dir='ltr'>Ritzzale</span> <span class='ocrx_word' id='word_1_215' title='bbox 1414 2314 1650 2344; x_wconf 72' lang='lat' dir='ltr'>romanum</span> <span class='ocrx_word' id='word_1_216' title='bbox 1695 2305 1799 2355; x_wconf 88' lang='lat' dir='ltr'>post</span> <span class='ocrx_word' id='word_1_217' title='bbox 1851 2299 1960 2342; x_wconf 89' lang='lat' dir='ltr'>duos</span> 
     </span>
     <span class='ocr_line' id='line_1_28' title="bbox 88 2375 1961 2435; baseline -0.005 -11"><span class='ocrx_word' id='word_1_218' title='bbox 88 2395 262 2424; x_wconf 88' lang='lat' dir='ltr'>menses</span> <span class='ocrx_word' id='word_1_219' title='bbox 295 2381 388 2423; x_wconf 77' lang='lat' dir='ltr'>nisi</span> <span class='ocrx_word' id='word_1_220' title='bbox 418 2381 556 2423; x_wconf 71' lang='lat' dir='ltr'>aliter·</span> <span class='ocrx_word' id='word_1_221' title='bbox 588 2380 788 2435; x_wconf 73' lang='lat' dir='ltr'>episcopo</span> <span class='ocrx_word' id='word_1_222' title='bbox 822 2378 1083 2432; x_wconf 66' lang='lat' dir='ltr'>rideatllrss),</span> <span class='ocrx_word' id='word_1_223' title='bbox 1122 2377 1254 2420; x_wconf 79' lang='lat' dir='ltr'>iuxta</span> <span class='ocrx_word' id='word_1_224' title='bbox 1297 2375 1593 2431; x_wconf 87' lang='lat' dir='ltr'>particularia</span> <span class='ocrx_word' id='word_1_225' title='bbox 1636 2379 1816 2417; x_wconf 87' lang='lat' dir='ltr'>statuta</span> <span class='ocrx_word' id='word_1_226' title='bbox 1857 2387 1961 2416; x_wconf 91' lang='lat' dir='ltr'>non-</span> 
     </span>
     <span class='ocr_line' id='line_1_29' title="bbox 87 2450 1965 2509; baseline -0.005 -10"><span class='ocrx_word' id='word_1_227' title='bbox 87 2457 318 2499; x_wconf 85' lang='lat' dir='ltr'>nullarum</span> <span class='ocrx_word' id='word_1_228' title='bbox 353 2455 622 2498; x_wconf 85' lang='lat' dir='ltr'>dioecesium</span> <span class='ocrx_word' id='word_1_229' title='bbox 657 2459 759 2509; x_wconf 87' lang='lat' dir='ltr'>post</span> <span class='ocrx_word' id='word_1_230' title='bbox 793 2458 899 2507; x_wconf 69' lang='lat' dir='ltr'>tres²</span> <span class='ocrx_word' id='word_1_231' title='bbox 933 2452 1042 2496; x_wconf 84' lang='lat' dir='ltr'>alibi</span> <span class='ocrx_word' id='word_1_232' title='bbox 1075 2457 1180 2507; x_wconf 87' lang='lat' dir='ltr'>post</span> <span class='ocrx_word' id='word_1_233' title='bbox 1213 2458 1422 2506; x_wconf 84' lang='lat' dir='ltr'>quatuor,</span> <span class='ocrx_word' id='word_1_234' title='bbox 1453 2451 1501 2493; x_wconf 91' lang='lat' dir='ltr'>in</span> <span class='ocrx_word' id='word_1_235' title='bbox 1535 2450 1726 2492; x_wconf 73' lang='lat' dir='ltr'>Austricc</span> <span class='ocrx_word' id='word_1_236' title='bbox 1759 2453 1862 2503; x_wconf 86' lang='lat' dir='ltr'>post</span> <span class='ocrx_word' id='word_1_237' title='bbox 1886 2460 1965 2490; x_wconf 76' lang='lat' dir='ltr'>sex</span> 
     </span>
     <span class='ocr_line' id='line_1_30' title="bbox 90 2527 1030 2582; baseline -0.003 -10"><span class='ocrx_word' id='word_1_238' title='bbox 90 2543 263 2573; x_wconf 82' lang='lat' dir='ltr'>menses</span> <span class='ocrx_word' id='word_1_239' title='bbox 295 2543 413 2572; x_wconf 76' lang='lat' dir='ltr'>nova</span> <span class='ocrx_word' id='word_1_240' title='bbox 447 2528 735 2572; x_wconf 88' lang='lat' dir='ltr'>denuntiatio</span> <span class='ocrx_word' id='word_1_241' title='bbox 768 2527 1030 2582; x_wconf 83' lang='lat' dir='ltr'>requiritur.</span> 
     </span>
    </p>
   </div>
   <div class='ocr_carea' id='block_1_4' title="bbox 90 2611 1963 3108">
    <p class='ocr_par' dir='ltr' id='par_1_7' title="bbox 91 2611 1960 2867">
     <span class='ocr_line' id='line_1_31' title="bbox 240 2611 1943 2686; baseline -0.005 -16"><span class='ocrx_word' id='word_1_242' title='bbox 240 2620 286 2671; x_wconf 72' lang='lat'>2.</span> <span class='ocrx_word' id='word_1_243' title='bbox 328 2621 392 2669; x_wconf 85' lang='lat' dir='ltr'>In</span> <span class='ocrx_word' id='word_1_244' title='bbox 433 2619 652 2669; x_wconf 66' lang='lat' dir='ltr'>ecclesia</span> <span class='ocrx_word' id='word_1_245' title='bbox 703 2618 932 2681; x_wconf 58' lang='lat' dir='ltr'>(scilicet</span> <span class='ocrx_word' id='word_1_246' title='bbox 973 2615 1299 2686; x_wconf 84' lang='lat' dir='ltr'>parochiali)</span> <span class='ocrx_word' id='word_1_247' title='bbox 1340 2616 1478 2666; x_wconf 72' lang='lat' dir='ltr'>inter</span> <span class='ocrx_word' id='word_1_248' title='bbox 1532 2615 1809 2664; x_wconf 75' lang='lat' dir='ltr'>missarum</span> <span class='ocrx_word' id='word_1_249' title='bbox 1864 2611 1943 2662; x_wconf 79' lang='lat' dir='ltr'>sol</span> 
     </span>
     <span class='ocr_line' id='line_1_32' title="bbox 91 2702 1960 2774; baseline -0.004 -16"><span class='ocrx_word' id='word_1_250' title='bbox 91 2708 301 2773; x_wconf 71' lang='lat' dir='ltr'>lemnia,</span> <span class='ocrx_word' id='word_1_251' title='bbox 344 2726 456 2759; x_wconf 89' lang='lat' dir='ltr'>non</span> <span class='ocrx_word' id='word_1_252' title='bbox 492 2716 673 2759; x_wconf 85' lang='lat' dir='ltr'>autem</span> <span class='ocrx_word' id='word_1_253' title='bbox 713 2709 768 2758; x_wconf 92' lang='lat' dir='ltr'>in</span> <span class='ocrx_word' id='word_1_254' title='bbox 799 2707 907 2758; x_wconf 88' lang='lat' dir='ltr'>alia</span> <span class='ocrx_word' id='word_1_255' title='bbox 935 2705 1183 2771; x_wconf 85' lang='lat' dir='ltr'>ecclesia,</span> <span class='ocrx_word' id='word_1_256' title='bbox 1227 2723 1406 2774; x_wconf 90' lang='lat' dir='ltr'>neque</span> <span class='ocrx_word' id='word_1_257' title='bbox 1433 2705 1490 2755; x_wconf 90' lang='lat' dir='ltr'>in</span> <span class='ocrx_word' id='word_1_258' title='bbox 1519 2703 1701 2754; x_wconf 88' lang='lat' dir='ltr'>missis</span> <span class='ocrx_word' id='word_1_259' title='bbox 1730 2702 1960 2771; x_wconf 77' lang='lat' dir='ltr'>privatis</span> 
     </span>
     <span class='ocr_line' id='line_1_33' title="bbox 92 2798 672 2867; baseline -0.002 -18"><span class='ocrx_word' id='word_1_260' title='bbox 92 2816 270 2867; x_wconf 91' lang='lat' dir='ltr'>neque</span> <span class='ocrx_word' id='word_1_261' title='bbox 314 2799 372 2848; x_wconf 90' lang='lat' dir='ltr'>in</span> <span class='ocrx_word' id='word_1_262' title='bbox 412 2798 672 2865; x_wconf 82' lang='lat' dir='ltr'>vesperis.</span> 
     </span>
    </p>

    <p class='ocr_par' dir='ltr' id='par_1_8' title="bbox 90 2898 1963 3108">
     <span class='ocr_line' id='line_1_34' title="bbox 241 2898 1959 2954; baseline -0.004 -10"><span class='ocrx_word' id='word_1_263' title='bbox 241 2916 280 2947; x_wconf 82' lang='grc' dir='ltr'>(ι.</span> <span class='ocrx_word' id='word_1_264' title='bbox 317 2902 362 2944; x_wconf 78' lang='lat' dir='ltr'>Si</span> <span class='ocrx_word' id='word_1_265' title='bbox 395 2900 624 2944; x_wconf 86' lang='lat' dir='ltr'>occasione</span> <span class='ocrx_word' id='word_1_266' title='bbox 656 2899 881 2943; x_wconf 89' lang='lat' dir='ltr'>concionis</span> <span class='ocrx_word' id='word_1_267' title='bbox 914 2901 985 2943; x_wconf 74' lang='lat' dir='ltr'>vel</span> <span class='ocrx_word' id='word_1_268' title='bbox 1019 2898 1316 2954; x_wconf 87' lang='lat' dir='ltr'>processionis</span> <span class='ocrx_word' id='word_1_269' title='bbox 1349 2902 1653 2952; x_wconf 73' lang='lat' dir='ltr'>congregatus</span> <span class='ocrx_word' id='word_1_270' title='bbox 1686 2899 1803 2939; x_wconf 87' lang='lat' dir='ltr'>esset</span> <span class='ocrx_word' id='word_1_271' title='bbox 1828 2908 1959 2950; x_wconf 84' lang='lat' dir='ltr'>popu·</span> 
     </span>
     <span class='ocr_line' id='line_1_35' title="bbox 92 2968 1963 3031; baseline -0.005 -11"><span class='ocrx_word' id='word_1_272' title='bbox 92 2979 178 3031; x_wconf 87' lang='lat' dir='ltr'>lus,</span> <span class='ocrx_word' id='word_1_273' title='bbox 212 2991 266 3020; x_wconf 81' lang='lat' dir='ltr'>ex</span> <span class='ocrx_word' id='word_1_274' title='bbox 301 2976 638 3031; x_wconf 88' lang='lat' dir='ltr'>dispensatione</span> <span class='ocrx_word' id='word_1_275' title='bbox 671 2974 867 3029; x_wconf 85' lang='lat' dir='ltr'>episcopi</span> <span class='ocrx_word' id='word_1_276' title='bbox 902 2981 1011 3016; x_wconf 88' lang='lat' dir='ltr'>tunc</span> <span class='ocrx_word' id='word_1_277' title='bbox 1044 2979 1195 3028; x_wconf 86' lang='lat' dir='ltr'>posset</span> <span class='ocrx_word' id='word_1_278' title='bbox 1228 2972 1328 3015; x_wconf 87' lang='lat' dir='ltr'>fieri</span> <span class='ocrx_word' id='word_1_279' title='bbox 1364 2970 1666 3024; x_wconf 87' lang='lat' dir='ltr'>denuntiatio,</span> <span class='ocrx_word' id='word_1_280' title='bbox 1711 2970 1818 3024; x_wconf 84' lang='lat' dir='ltr'>quia</span> <span class='ocrx_word' id='word_1_281' title='bbox 1855 2968 1963 3011; x_wconf 85' lang='lat' dir='ltr'>finis</span> 
     </span>
     <span class='ocr_line' id='line_1_36' title="bbox 90 3051 801 3108; baseline -0.004 -13"><span class='ocrx_word' id='word_1_282' title='bbox 90 3052 207 3108; x_wconf 81' lang='lat' dir='ltr'>legis</span> <span class='ocrx_word' id='word_1_283' title='bbox 238 3065 378 3106; x_wconf 87' lang='lat' dir='ltr'>aeque</span> <span class='ocrx_word' id='word_1_284' title='bbox 411 3051 604 3094; x_wconf 86' lang='lat' dir='ltr'>obtineri</span> <span class='ocrx_word' id='word_1_285' title='bbox 637 3055 801 3105; x_wconf 87' lang='lat' dir='ltr'>potest.</span> 
     </span>
    </p>
   </div>
   <div class='ocr_carea' id='block_1_5' title="bbox 93 3118 1968 3255">
    <p class='ocr_par' dir='ltr' id='par_1_9' title="bbox 93 3118 1968 3255">
     <span class='ocr_line' id='line_1_37' title="bbox 243 3118 1968 3180; baseline -0.006 -11"><span class='ocrx_word' id='word_1_286' title='bbox 243 3127 279 3168; x_wconf 78' lang='lat' dir='ltr'>b.</span> <span class='ocrx_word' id='word_1_287' title='bbox 314 3126 359 3169; x_wconf 86' lang='lat' dir='ltr'>Si</span> <span class='ocrx_word' id='word_1_288' title='bbox 391 3125 612 3180; x_wconf 87' lang='lat' dir='ltr'>parochus</span> <span class='ocrx_word' id='word_1_289' title='bbox 643 3123 692 3167; x_wconf 91' lang='lat' dir='ltr'>in</span> <span class='ocrx_word' id='word_1_290' title='bbox 724 3124 863 3167; x_wconf 88' lang='lat' dir='ltr'>missa</span> <span class='ocrx_word' id='word_1_291' title='bbox 896 3122 1258 3166; x_wconf 86' lang='lat' dir='ltr'>denuntiationis</span> <span class='ocrx_word' id='word_1_292' title='bbox 1299 3121 1534 3164; x_wconf 77' lang='lat' dir='ltr'>faciendae</span> <span class='ocrx_word' id='word_1_293' title='bbox 1575 3119 1743 3162; x_wconf 87' lang='lat' dir='ltr'>oblitus</span> <span class='ocrx_word' id='word_1_294' title='bbox 1785 3118 1968 3170; x_wconf 75' lang='lat' dir='ltr'>fuisset,</span> 
     </span>
     <span class='ocr_line' id='line_1_38' title="bbox 93 3192 1966 3255; baseline -0.005 -12"><span class='ocrx_word' id='word_1_295' title='bbox 93 3202 165 3245; x_wconf 68' lang='lat' dir='ltr'>vel</span> <span class='ocrx_word' id='word_1_296' title='bbox 198 3202 235 3244; x_wconf 93' lang='lat' dir='ltr'>si</span> <span class='ocrx_word' id='word_1_297' title='bbox 268 3201 454 3244; x_wconf 89' lang='lat' dir='ltr'>nomina</span> <span class='ocrx_word' id='word_1_298' title='bbox 486 3212 750 3255; x_wconf 88' lang='lat' dir='ltr'>sponsorum</span> <span class='ocrx_word' id='word_1_299' title='bbox 784 3198 840 3241; x_wconf 88' lang='lat' dir='ltr'>ab</span> <span class='ocrx_word' id='word_1_300' title='bbox 873 3197 1157 3241; x_wconf 78' lang='lat' dir='ltr'>auditoribus</span> <span class='ocrx_word' id='word_1_301' title='bbox 1190 3197 1454 3240; x_wconf 87' lang='lat' dir='ltr'>nullatenus</span> <span class='ocrx_word' id='word_1_302' title='bbox 1485 3194 1721 3238; x_wconf 83' lang='lat' dir='ltr'>intellecta</span> <span class='ocrx_word' id='word_1_303' title='bbox 1752 3192 1966 3243; x_wconf 74' lang='lat' dir='ltr'>fuissent,</span> 
     </span>
    </p>
   </div>
   <div class='ocr_carea' id='block_1_6' title="bbox 99 3303 274 3306">
    <p class='ocr_par' dir='ltr' id='par_1_10' title="bbox 99 3303 274 3306">
     <span class='ocr_line' id='line_1_39' title="bbox 99 3303 274 3306; baseline 0 0"><span class='ocrx_word' id='word_1_304' title='bbox 99 3303 274 3306; x_wconf 95' lang='lat' dir='ltr'> </span> 
     </span>
    </p>
   </div>
   <div class='ocr_carea' id='block_1_7' title="bbox 275 3303 445 3306">
    <p class='ocr_par' dir='ltr' id='par_1_11' title="bbox 275 3303 445 3306">
     <span class='ocr_line' id='line_1_40' title="bbox 275 3303 445 3306; baseline 0 0"><span class='ocrx_word' id='word_1_305' title='bbox 275 3303 445 3306; x_wconf 95' lang='lat' dir='ltr'> </span> 
     </span>
    </p>
   </div>
   <div class='ocr_carea' id='block_1_8' title="bbox 248 3347 1157 3550">
    <p class='ocr_par' dir='ltr' id='par_1_12' title="bbox 248 3347 1157 3550">
     <span class='ocr_line' id='line_1_41' title="bbox 253 3347 908 3403; baseline -0.008 -11"><span class='ocrx_word' id='word_1_306' title='bbox 253 3349 279 3403; x_wconf 44' lang='grc' dir='ltr'>ἶ)</span> <span class='ocrx_word' id='word_1_307' title='bbox 311 3349 351 3392; x_wconf 82' lang='lat' dir='ltr'>S.</span> <span class='ocrx_word' id='word_1_308' title='bbox 386 3349 432 3392; x_wconf 75' lang='lat' dir='ltr'>C.</span> <span class='ocrx_word' id='word_1_309' title='bbox 466 3349 511 3391; x_wconf 75' lang='lat' dir='ltr'>C.</span> <span class='ocrx_word' id='word_1_310' title='bbox 546 3348 614 3390; x_wconf 73' lang='lat'>29.</span> <span class='ocrx_word' id='word_1_311' title='bbox 650 3361 744 3402; x_wconf 87' lang='lat' dir='ltr'>apr.</span> <span class='ocrx_word' id='word_1_312' title='bbox 779 3347 908 3392; x_wconf 72' lang='lat'>1823.</span> 
     </span>
     <span class='ocr_line' id='line_1_42' title="bbox 251 3421 834 3475; baseline -0.005 -9"><span class='ocrx_word' id='word_1_313' title='bbox 251 3423 280 3475; x_wconf 66' lang='lat'>²)</span> <span class='ocrx_word' id='word_1_314' title='bbox 312 3423 512 3466; x_wconf 71' lang='lat' dir='ltr'>Aiclmer</span> <span class='ocrx_word' id='word_1_315' title='bbox 544 3423 572 3465; x_wconf 96' lang='lat' dir='ltr'>l.</span> <span class='ocrx_word' id='word_1_316' title='bbox 607 3436 640 3464; x_wconf 91' lang='lat' dir='ltr'>c.</span> <span class='ocrx_word' id='word_1_317' title='bbox 675 3421 702 3475; x_wconf 64' lang='grc' dir='ltr'>ξ</span> <span class='ocrx_word' id='word_1_318' title='bbox 736 3422 834 3463; x_wconf 78' lang='grc'><strong>164.</strong></span> 
     </span>
     <span class='ocr_line' id='line_1_43' title="bbox 248 3496 1157 3550; baseline -0.004 -10"><span class='ocrx_word' id='word_1_319' title='bbox 248 3496 280 3550; x_wconf 78' lang='lat'>³)</span> <span class='ocrx_word' id='word_1_320' title='bbox 315 3498 502 3540; x_wconf 73' lang='lat' dir='ltr'>Hitzmle</span> <span class='ocrx_word' id='word_1_321' title='bbox 533 3510 644 3540; x_wconf 78' lang='lat' dir='ltr'>rom.</span> <span class='ocrx_word' id='word_1_322' title='bbox 679 3497 753 3540; x_wconf 87' lang='lat' dir='ltr'>tit.</span> <span class='ocrx_word' id='word_1_323' title='bbox 792 3496 828 3537; x_wconf 69' lang='grc' dir='ltr'>ἶ.</span> <span class='ocrx_word' id='word_1_324' title='bbox 866 3509 900 3538; x_wconf 90' lang='lat' dir='ltr'>c.</span> <span class='ocrx_word' id='word_1_325' title='bbox 936 3498 974 3539; x_wconf 83' lang='grc'>1,</span> <span class='ocrx_word' id='word_1_326' title='bbox 1008 3509 1051 3537; x_wconf 92' lang='lat' dir='ltr'>n.</span> <span class='ocrx_word' id='word_1_327' title='bbox 1090 3496 1157 3536; x_wconf 91' lang='grc'>11.</span> 
     </span>
    </p>
   </div>
  </div>
 </body>
</html>
