<?xml version="1.0" encoding="UTF-8"?>
<!DOCTYPE html PUBLIC "-//W3C//DTD XHTML 1.0 Transitional//EN"
    "http://www.w3.org/TR/xhtml1/DTD/xhtml1-transitional.dtd">
<html xmlns="http://www.w3.org/1999/xhtml" xml:lang="en" lang="en">
 <head>
  <title>
</title>
<meta http-equiv="Content-Type" content="text/html;charset=utf-8" />
  <meta name='ocr-system' content='tesseract 3.04.00' />
  <meta name='ocr-capabilities' content='ocr_page ocr_carea ocr_par ocr_line ocrx_word'/>
</head>
<body>
  <div class='ocr_page' id='page_1' title='image "./summatheologiaem00nold_0304.png"; bbox 0 0 2269 3898; ppageno 0'>
   <div class='ocr_carea' id='block_1_1' title="bbox 270 115 1426 169">
    <p class='ocr_par' dir='ltr' id='par_1_1' title="bbox 270 115 1426 169">
     <span class='ocr_line' id='line_1_1' title="bbox 270 115 1426 169; baseline -0.002 -9"><span class='ocrx_word' id='word_1_1' title='bbox 270 118 358 161; x_wconf 80' lang='lat'>294</span> <span class='ocrx_word' id='word_1_2' title='bbox 1004 115 1081 157; x_wconf 79' lang='lat' dir='ltr'>IV.</span> <span class='ocrx_word' id='word_1_3' title='bbox 1115 116 1182 158; x_wconf 92' lang='lat' dir='ltr'>De</span> <span class='ocrx_word' id='word_1_4' title='bbox 1214 115 1426 169; x_wconf 84' lang='lat' dir='ltr'>peccatis.</span> 
     </span>
    </p>
   </div>
   <div class='ocr_carea' id='block_1_2' title="bbox 274 248 2163 382">
    <p class='ocr_par' dir='ltr' id='par_1_2' title="bbox 274 248 2163 382">
     <span class='ocr_line' id='line_1_2' title="bbox 274 248 2163 310; baseline -0.001 -13"><span class='ocrx_word' id='word_1_5' title='bbox 274 250 324 296; x_wconf 90' lang='lat' dir='ltr'>in</span> <span class='ocrx_word' id='word_1_6' title='bbox 368 251 651 310; x_wconf 74' lang='lat' dir='ltr'>privatione</span> <span class='ocrx_word' id='word_1_7' title='bbox 695 248 892 306; x_wconf 82' lang='lat' dir='ltr'>gratiae</span> <span class='ocrx_word' id='word_1_8' title='bbox 939 248 1316 303; x_wconf 87' lang='lat' dir='ltr'>sanctificantis,</span> <span class='ocrx_word' id='word_1_9' title='bbox 1359 262 1453 306; x_wconf 89' lang='lat' dir='ltr'>qua</span> <span class='ocrx_word' id='word_1_10' title='bbox 1500 249 1743 295; x_wconf 86' lang='lat' dir='ltr'>destituta</span> <span class='ocrx_word' id='word_1_11' title='bbox 1787 249 1953 295; x_wconf 90' lang='lat' dir='ltr'>anima</span> <span class='ocrx_word' id='word_1_12' title='bbox 1992 250 2163 296; x_wconf 80' lang='lat' dir='ltr'>nitore</span> 
     </span>
     <span class='ocr_line' id='line_1_3' title="bbox 276 320 1254 382; baseline -0.001 -12"><span class='ocrx_word' id='word_1_13' title='bbox 276 329 329 370; x_wconf 92' lang='lat' dir='ltr'>et</span> <span class='ocrx_word' id='word_1_14' title='bbox 360 323 727 382; x_wconf 84' lang='lat' dir='ltr'>pulchritudine</span> <span class='ocrx_word' id='word_1_15' title='bbox 763 335 927 368; x_wconf 86' lang='lat' dir='ltr'>coram</span> <span class='ocrx_word' id='word_1_16' title='bbox 960 320 1071 368; x_wconf 89' lang='lat' dir='ltr'>Deo</span> <span class='ocrx_word' id='word_1_17' title='bbox 1107 327 1254 369; x_wconf 70' lang='lat' dir='ltr'>caret.</span> 
     </span>
    </p>
   </div>
   <div class='ocr_carea' id='block_1_3' title="bbox 272 487 2168 1183">
    <p class='ocr_par' dir='ltr' id='par_1_3' title="bbox 272 487 2168 1183">
     <span class='ocr_line' id='line_1_4' title="bbox 426 487 2162 556; baseline 0.001 -16"><span class='ocrx_word' id='word_1_18' title='bbox 426 488 556 543; x_wconf 77' lang='lat'>268.</span> <span class='ocrx_word' id='word_1_19' title='bbox 603 487 997 543; x_wconf 79' lang='lat' dir='ltr'>Condiciones</span> <span class='ocrx_word' id='word_1_20' title='bbox 1039 487 1112 540; x_wconf 90' lang='lat' dir='ltr'>ad</span> <span class='ocrx_word' id='word_1_21' title='bbox 1153 489 1460 554; x_wconf 87' lang='lat' dir='ltr'>peccatum</span> <span class='ocrx_word' id='word_1_22' title='bbox 1507 488 1761 542; x_wconf 77' lang='lat' dir='ltr'><strong>mortale</strong></span> <span class='ocrx_word' id='word_1_23' title='bbox 1803 490 2162 556; x_wconf 69' lang='lat' dir='ltr'>requisitae.</span> 
     </span>
     <span class='ocr_line' id='line_1_5' title="bbox 279 577 2156 647; baseline 0 -18"><span class='ocrx_word' id='word_1_24' title='bbox 279 579 410 630; x_wconf 85' lang='lat' dir='ltr'>Tria</span> <span class='ocrx_word' id='word_1_25' title='bbox 452 579 522 629; x_wconf 89' lang='lat' dir='ltr'>ad</span> <span class='ocrx_word' id='word_1_26' title='bbox 564 586 856 647; x_wconf 89' lang='lat' dir='ltr'>peccatum</span> <span class='ocrx_word' id='word_1_27' title='bbox 913 595 1084 646; x_wconf 82' lang='lat' dir='ltr'>grave</span> <span class='ocrx_word' id='word_1_28' title='bbox 1137 577 1586 628; x_wconf 87' lang='lat' dir='ltr'>constituendum</span> <span class='ocrx_word' id='word_1_29' title='bbox 1628 580 1938 629; x_wconf 90' lang='lat' dir='ltr'>necessario</span> <span class='ocrx_word' id='word_1_30' title='bbox 1981 579 2156 646; x_wconf 90' lang='lat' dir='ltr'>requi-</span> 
     </span>
     <span class='ocr_line' id='line_1_6' title="bbox 275 665 2167 740; baseline -0.001 -21"><span class='ocrx_word' id='word_1_31' title='bbox 275 676 503 719; x_wconf 87' lang='lat' dir='ltr'>runtur:</span> <span class='ocrx_word' id='word_1_32' title='bbox 534 666 985 740; x_wconf 36' lang='lat' dir='ltr'>maleo-{vif}gravis7</span> <span class='ocrx_word' id='word_1_33' title='bbox 1014 665 1177 739; x_wconf 67' lang='lat' dir='ltr'>plena</span> <span class='ocrx_word' id='word_1_34' title='bbox 1200 666 1530 718; x_wconf 56' lang='lat' dir='ltr'>advertenda</span> <span class='ocrx_word' id='word_1_35' title='bbox 1560 675 1613 717; x_wconf 92' lang='lat' dir='ltr'>et</span> <span class='ocrx_word' id='word_1_36' title='bbox 1640 685 1919 739; x_wconf 70' lang='lat' dir='ltr'>consensus</span> <span class='ocrx_word' id='word_1_37' title='bbox 1936 666 2167 738; x_wconf 76' lang='lat' dir='ltr'>plenus:</span> 
     </span>
     <span class='ocr_line' id='line_1_7' title="bbox 278 755 2168 827; baseline 0 -19"><span class='ocrx_word' id='word_1_38' title='bbox 278 764 570 827; x_wconf 88' lang='lat' dir='ltr'>peccatum</span> <span class='ocrx_word' id='word_1_39' title='bbox 614 758 761 808; x_wconf 90' lang='lat' dir='ltr'>enim</span> <span class='ocrx_word' id='word_1_40' title='bbox 799 756 1031 808; x_wconf 79' lang='lat' dir='ltr'>mortale</span> <span class='ocrx_word' id='word_1_41' title='bbox 1074 765 1154 807; x_wconf 89' lang='lat' dir='ltr'>est</span> <span class='ocrx_word' id='word_1_42' title='bbox 1193 764 1348 807; x_wconf 89' lang='lat' dir='ltr'>actus</span> <span class='ocrx_word' id='word_1_43' title='bbox 1389 755 1610 807; x_wconf 91' lang='lat' dir='ltr'>moralis</span> <span class='ocrx_word' id='word_1_44' title='bbox 1652 757 1927 825; x_wconf 84' lang='lat' dir='ltr'>perfectus</span> <span class='ocrx_word' id='word_1_45' title='bbox 1969 765 2168 809; x_wconf 82' lang='lat' dir='ltr'>contra.</span> 
     </span>
     <span class='ocr_line' id='line_1_8' title="bbox 279 845 2167 915; baseline 0 -18"><span class='ocrx_word' id='word_1_46' title='bbox 279 848 458 915; x_wconf 85' lang='lat' dir='ltr'>legem</span> <span class='ocrx_word' id='word_1_47' title='bbox 488 845 589 898; x_wconf 90' lang='lat' dir='ltr'>sub</span> <span class='ocrx_word' id='word_1_48' title='bbox 619 848 778 915; x_wconf 86' lang='lat' dir='ltr'>gravi</span> <span class='ocrx_word' id='word_1_49' title='bbox 813 846 1182 915; x_wconf 78' lang='lat' dir='ltr'>obligantem3</span> <span class='ocrx_word' id='word_1_50' title='bbox 1226 845 1322 896; x_wconf 89' lang='lat' dir='ltr'>sed</span> <span class='ocrx_word' id='word_1_51' title='bbox 1363 847 1558 914; x_wconf 84' lang='lat' dir='ltr'>nequit</span> <span class='ocrx_word' id='word_1_52' title='bbox 1583 865 1699 898; x_wconf 89' lang='lat' dir='ltr'>esse</span> <span class='ocrx_word' id='word_1_53' title='bbox 1739 855 1895 898; x_wconf 90' lang='lat' dir='ltr'>actus</span> <span class='ocrx_word' id='word_1_54' title='bbox 1937 846 2167 898; x_wconf 81' lang='lat' dir='ltr'>moralis-</span> 
     </span>
     <span class='ocr_line' id='line_1_9' title="bbox 277 934 2158 1004; baseline 0.001 -18"><span class='ocrx_word' id='word_1_55' title='bbox 277 936 571 1004; x_wconf 81' lang='lat' dir='ltr'>perfectUS‚</span> <span class='ocrx_word' id='word_1_56' title='bbox 615 936 721 987; x_wconf 90' lang='lat' dir='ltr'>nisi</span> <span class='ocrx_word' id='word_1_57' title='bbox 764 935 1036 987; x_wconf 82' lang='lat' dir='ltr'>elementa</span> <span class='ocrx_word' id='word_1_58' title='bbox 1070 943 1226 986; x_wconf 88' lang='lat' dir='ltr'>actus</span> <span class='ocrx_word' id='word_1_59' title='bbox 1267 934 1507 1002; x_wconf 79' lang='lat' dir='ltr'>moralis,</span> <span class='ocrx_word' id='word_1_60' title='bbox 1553 935 1898 988; x_wconf 87' lang='lat' dir='ltr'>advertentia</span> <span class='ocrx_word' id='word_1_61' title='bbox 1940 944 1993 987; x_wconf 89' lang='lat' dir='ltr'>et</span> <span class='ocrx_word' id='word_1_62' title='bbox 2033 955 2158 987; x_wconf 90' lang='lat' dir='ltr'>con-</span> 
     </span>
     <span class='ocr_line' id='line_1_10' title="bbox 278 1024 2164 1095; baseline -0.001 -19"><span class='ocrx_word' id='word_1_63' title='bbox 278 1044 486 1087; x_wconf 77' lang='grc'>30113113,</span> <span class='ocrx_word' id='word_1_64' title='bbox 531 1026 639 1076; x_wconf 90' lang='lat' dir='ltr'>sint</span> <span class='ocrx_word' id='word_1_65' title='bbox 679 1025 951 1095; x_wconf 81' lang='lat' dir='ltr'>perfecta3</span> <span class='ocrx_word' id='word_1_66' title='bbox 1011 1043 1190 1094; x_wconf 90' lang='lat' dir='ltr'>neque</span> <span class='ocrx_word' id='word_1_67' title='bbox 1233 1024 1495 1094; x_wconf 85' lang='lat' dir='ltr'>obligatio</span> <span class='ocrx_word' id='word_1_68' title='bbox 1550 1032 1728 1094; x_wconf 89' lang='lat' dir='ltr'>potest</span> <span class='ocrx_word' id='word_1_69' title='bbox 1781 1044 1899 1077; x_wconf 90' lang='lat' dir='ltr'>esse</span> <span class='ocrx_word' id='word_1_70' title='bbox 1952 1027 2164 1093; x_wconf 61' lang='lat' dir='ltr'>gravis7</span> 
     </span>
     <span class='ocr_line' id='line_1_11' title="bbox 272 1116 1167 1183; baseline 0.001 -17"><span class='ocrx_word' id='word_1_71' title='bbox 272 1116 380 1166; x_wconf 87' lang='lat' dir='ltr'>nisi</span> <span class='ocrx_word' id='word_1_72' title='bbox 424 1116 541 1166; x_wconf 90' lang='lat' dir='ltr'>eius</span> <span class='ocrx_word' id='word_1_73' title='bbox 586 1116 814 1166; x_wconf 88' lang='lat' dir='ltr'>materia</span> <span class='ocrx_word' id='word_1_74' title='bbox 855 1116 924 1166; x_wconf 89' lang='lat' dir='ltr'>sit</span> <span class='ocrx_word' id='word_1_75' title='bbox 963 1118 1167 1183; x_wconf 84' lang='lat' dir='ltr'>gravis.</span> 
     </span>
    </p>
   </div>
   <div class='ocr_carea' id='block_1_4' title="bbox 275 1217 2167 1466">
    <p class='ocr_par' dir='ltr' id='par_1_4' title="bbox 275 1217 2167 1466">
     <span class='ocr_line' id='line_1_12' title="bbox 427 1217 2164 1271; baseline -0.001 -1"><span class='ocrx_word' id='word_1_76' title='bbox 427 1220 473 1271; x_wconf 91' lang='lat'>1.</span> <span class='ocrx_word' id='word_1_77' title='bbox 527 1217 723 1271; x_wconf 75' lang='lat' dir='ltr'>Gravis</span> <span class='ocrx_word' id='word_1_78' title='bbox 764 1220 990 1270; x_wconf 74' lang='lat' dir='ltr'>materia</span> <span class='ocrx_word' id='word_1_79' title='bbox 1045 1217 1133 1269; x_wconf 91' lang='lat' dir='ltr'>vel</span> <span class='ocrx_word' id='word_1_80' title='bbox 1174 1219 1389 1269; x_wconf 89' lang='lat' dir='ltr'>ratione</span> <span class='ocrx_word' id='word_1_81' title='bbox 1431 1217 1634 1269; x_wconf 84' lang='lat' dir='ltr'>obiecti</span> <span class='ocrx_word' id='word_1_82' title='bbox 1675 1218 1764 1270; x_wconf 90' lang='lat' dir='ltr'>vel</span> <span class='ocrx_word' id='word_1_83' title='bbox 1804 1220 2017 1270; x_wconf 87' lang='lat' dir='ltr'>ratione</span> <span class='ocrx_word' id='word_1_84' title='bbox 2059 1220 2164 1269; x_wconf 89' lang='lat' dir='ltr'>cir—</span> 
     </span>
     <span class='ocr_line' id='line_1_13' title="bbox 277 1307 2167 1378; baseline 0 -20"><span class='ocrx_word' id='word_1_85' title='bbox 277 1310 754 1361; x_wconf 88' lang='lat' dir='ltr'>cumstantiarum.</span> <span class='ocrx_word' id='word_1_86' title='bbox 835 1307 951 1360; x_wconf 87' lang='lat' dir='ltr'>Iam</span> <span class='ocrx_word' id='word_1_87' title='bbox 996 1310 1296 1378; x_wconf 76' lang='lat' dir='ltr'>quaeritur,</span> <span class='ocrx_word' id='word_1_88' title='bbox 1353 1309 1407 1358; x_wconf 89' lang='lat' dir='ltr'>in</span> <span class='ocrx_word' id='word_1_89' title='bbox 1463 1309 1662 1377; x_wconf 88' lang='lat' dir='ltr'>quibus</span> <span class='ocrx_word' id='word_1_90' title='bbox 1716 1310 1958 1377; x_wconf 87' lang='lat' dir='ltr'>peccatis</span> <span class='ocrx_word' id='word_1_91' title='bbox 2001 1308 2167 1359; x_wconf 84' lang='lat' dir='ltr'>detur</span> 
     </span>
     <span class='ocr_line' id='line_1_14' title="bbox 275 1399 844 1466; baseline 0.005 -18"><span class='ocrx_word' id='word_1_92' title='bbox 275 1399 523 1466; x_wconf 88' lang='lat' dir='ltr'>parvitas</span> <span class='ocrx_word' id='word_1_93' title='bbox 565 1399 844 1452; x_wconf 86' lang='lat' dir='ltr'>materiae.</span> 
     </span>
    </p>
   </div>
   <div class='ocr_carea' id='block_1_5' title="bbox 276 1501 2168 1841">
    <p class='ocr_par' dir='ltr' id='par_1_5' title="bbox 276 1501 2168 1841">
     <span class='ocr_line' id='line_1_15' title="bbox 426 1501 2168 1572; baseline 0 -18"><span class='ocrx_word' id='word_1_94' title='bbox 426 1523 475 1554; x_wconf 83' lang='lat' dir='ltr'>a.</span> <span class='ocrx_word' id='word_1_95' title='bbox 506 1502 672 1554; x_wconf 89' lang='lat' dir='ltr'>Nulla</span> <span class='ocrx_word' id='word_1_96' title='bbox 701 1502 863 1554; x_wconf 89' lang='lat' dir='ltr'>datur</span> <span class='ocrx_word' id='word_1_97' title='bbox 884 1504 1132 1572; x_wconf 85' lang='lat' dir='ltr'>parvitas</span> <span class='ocrx_word' id='word_1_98' title='bbox 1155 1503 1419 1553; x_wconf 85' lang='lat' dir='ltr'>materiae</span> <span class='ocrx_word' id='word_1_99' title='bbox 1449 1504 1505 1553; x_wconf 90' lang='lat' dir='ltr'>in</span> <span class='ocrx_word' id='word_1_100' title='bbox 1534 1501 1640 1553; x_wconf 90' lang='lat' dir='ltr'>illis</span> <span class='ocrx_word' id='word_1_101' title='bbox 1667 1503 1927 1571; x_wconf 86' lang='lat' dir='ltr'>peccatis,</span> <span class='ocrx_word' id='word_1_102' title='bbox 1959 1502 2168 1572; x_wconf 86' lang='lat' dir='ltr'>quibus</span> 
     </span>
     <span class='ocr_line' id='line_1_16' title="bbox 278 1591 2166 1674; baseline 0.002 -33"><span class='ocrx_word' id='word_1_103' title='bbox 278 1591 486 1642; x_wconf 89' lang='lat' dir='ltr'>directe</span> <span class='ocrx_word' id='word_1_104' title='bbox 542 1591 783 1643; x_wconf 85' lang='lat' dir='ltr'>laeditur</span> <span class='ocrx_word' id='word_1_105' title='bbox 840 1592 1105 1661; x_wconf 75' lang='lat' dir='ltr'>perfectio</span> <span class='ocrx_word' id='word_1_106' title='bbox 1157 1591 1350 1642; x_wconf 88' lang='lat' dir='ltr'>divina</span> <span class='ocrx_word' id='word_1_107' title='bbox 1392 1591 1480 1642; x_wconf 93' lang='lat' dir='ltr'>vel</span> <span class='ocrx_word' id='word_1_108' title='bbox 1522 1591 1732 1674; x_wconf 89' lang='lat' dir='ltr'>bonum</span> <span class='ocrx_word' id='word_1_109' title='bbox 1790 1592 2166 1662; x_wconf 88' lang='lat' dir='ltr'>quodcunque</span> 
     </span>
     <span class='ocr_line' id='line_1_17' title="bbox 278 1680 2161 1773; baseline 0.001 -41"><span class='ocrx_word' id='word_1_110' title='bbox 278 1699 539 1750; x_wconf 84' lang='lat' dir='ltr'>magnum</span> <span class='ocrx_word' id='word_1_111' title='bbox 586 1690 638 1733; x_wconf 90' lang='lat' dir='ltr'>et</span> <span class='ocrx_word' id='word_1_112' title='bbox 679 1681 1053 1733; x_wconf 85' lang='lat' dir='ltr'>indivisibile:</span> <span class='ocrx_word' id='word_1_113' title='bbox 1099 1683 1155 1732; x_wconf 92' lang='lat' dir='ltr'>in</span> <span class='ocrx_word' id='word_1_114' title='bbox 1198 1681 1283 1732; x_wconf 90' lang='lat' dir='ltr'>his</span> <span class='ocrx_word' id='word_1_115' title='bbox 1327 1683 1475 1732; x_wconf 89' lang='lat' dir='ltr'>enim</span> <span class='ocrx_word' id='word_1_116' title='bbox 1517 1683 1704 1749; x_wconf 82' lang='lat' dir='ltr'>gravis</span> <span class='ocrx_word' id='word_1_117' title='bbox 1739 1680 1951 1773; x_wconf 90' lang='lat' dir='ltr'>malitia</span> <span class='ocrx_word' id='word_1_118' title='bbox 1993 1684 2161 1733; x_wconf 85' lang='lat' dir='ltr'>etiam</span> 
     </span>
     <span class='ocr_line' id='line_1_18' title="bbox 276 1771 1263 1841; baseline 0 -19"><span class='ocrx_word' id='word_1_119' title='bbox 276 1773 334 1822; x_wconf 91' lang='lat' dir='ltr'>in</span> <span class='ocrx_word' id='word_1_120' title='bbox 379 1773 609 1823; x_wconf 89' lang='lat' dir='ltr'>materia</span> <span class='ocrx_word' id='word_1_121' title='bbox 650 1771 933 1823; x_wconf 82' lang='lat' dir='ltr'>levissima</span> <span class='ocrx_word' id='word_1_122' title='bbox 975 1772 1263 1841; x_wconf 78' lang='lat' dir='ltr'>repeiitur.</span> 
     </span>
    </p>
   </div>
   <div class='ocr_carea' id='block_1_6' title="bbox 275 1875 2170 2381">
    <p class='ocr_par' dir='ltr' id='par_1_6' title="bbox 275 1875 2170 2369">
     <span class='ocr_line' id='line_1_19' title="bbox 431 1875 2167 1931; baseline -0.001 -12"><span class='ocrx_word' id='word_1_123' title='bbox 431 1876 538 1927; x_wconf 88' lang='lat' dir='ltr'>Ideo</span> <span class='ocrx_word' id='word_1_124' title='bbox 572 1880 758 1931; x_wconf 84' lang='lat' dir='ltr'>peccata</span> <span class='ocrx_word' id='word_1_125' title='bbox 807 1879 964 1919; x_wconf 83' lang='lat' dir='ltr'>contra</span> <span class='ocrx_word' id='word_1_126' title='bbox 1011 1875 1210 1919; x_wconf 89' lang='lat' dir='ltr'>virtutes</span> <span class='ocrx_word' id='word_1_127' title='bbox 1258 1875 1555 1930; x_wconf 82' lang='lat' dir='ltr'>theologicas,</span> <span class='ocrx_word' id='word_1_128' title='bbox 1603 1880 1790 1930; x_wconf 86' lang='lat' dir='ltr'>peccata</span> <span class='ocrx_word' id='word_1_129' title='bbox 1836 1875 2167 1930; x_wconf 72' lang='lat' dir='ltr'>blasphemiae,</span> 
     </span>
     <span class='ocr_line' id='line_1_20' title="bbox 275 1949 2160 2005; baseline 0 -12"><span class='ocrx_word' id='word_1_130' title='bbox 275 1950 493 1993; x_wconf 82' lang='lat' dir='ltr'>simoniae</span> <span class='ocrx_word' id='word_1_131' title='bbox 529 1950 658 2004; x_wconf 87' lang='lat' dir='ltr'>(iuris</span> <span class='ocrx_word' id='word_1_132' title='bbox 683 1950 859 2005; x_wconf 71' lang='lat' dir='ltr'>divini),</span> <span class='ocrx_word' id='word_1_133' title='bbox 894 1949 1096 2005; x_wconf 85' lang='lat' dir='ltr'>periurii,</span> <span class='ocrx_word' id='word_1_134' title='bbox 1132 1950 1432 1994; x_wconf 79' lang='lat' dir='ltr'>divinationis</span> <span class='ocrx_word' id='word_1_135' title='bbox 1464 1964 1555 1993; x_wconf 91' lang='lat' dir='ltr'>non</span> <span class='ocrx_word' id='word_1_136' title='bbox 1588 1949 1848 1993; x_wconf 87' lang='lat' dir='ltr'>admittunt</span> <span class='ocrx_word' id='word_1_137' title='bbox 1880 1949 2160 2004; x_wconf 83' lang='lat' dir='ltr'>parvitatem</span> 
     </span>
     <span class='ocr_line' id='line_1_21' title="bbox 279 2024 2170 2080; baseline 0 -13"><span class='ocrx_word' id='word_1_138' title='bbox 279 2024 514 2077; x_wconf 86' lang='lat' dir='ltr'>materiae,</span> <span class='ocrx_word' id='word_1_139' title='bbox 548 2025 655 2080; x_wconf 91' lang='lat' dir='ltr'>quia</span> <span class='ocrx_word' id='word_1_140' title='bbox 689 2025 858 2069; x_wconf 87' lang='lat' dir='ltr'>directe</span> <span class='ocrx_word' id='word_1_141' title='bbox 890 2025 1080 2069; x_wconf 85' lang='lat' dir='ltr'>laedunt</span> <span class='ocrx_word' id='word_1_142' title='bbox 1114 2024 1439 2080; x_wconf 78' lang='lat' dir='ltr'>perfectionem</span> <span class='ocrx_word' id='word_1_143' title='bbox 1476 2024 1695 2068; x_wconf 80' lang='lat' dir='ltr'>divinam.</span> <span class='ocrx_word' id='word_1_144' title='bbox 1730 2050 1785 2054; x_wconf 80' lang='lat'>—</span> <span class='ocrx_word' id='word_1_145' title='bbox 1818 2025 1937 2067; x_wconf 86' lang='lat' dir='ltr'>Item</span> <span class='ocrx_word' id='word_1_146' title='bbox 1960 2028 2170 2080; x_wconf 79' lang='lat' dir='ltr'>peccata,</span> 
     </span>
     <span class='ocr_line' id='line_1_22' title="bbox 280 2098 2169 2153; baseline 0 -11"><span class='ocrx_word' id='word_1_147' title='bbox 280 2099 441 2153; x_wconf 85' lang='lat' dir='ltr'>quibus</span> <span class='ocrx_word' id='word_1_148' title='bbox 479 2100 733 2143; x_wconf 82' lang='lat' dir='ltr'>destruitur</span> <span class='ocrx_word' id='word_1_149' title='bbox 765 2100 865 2144; x_wconf 81' lang='lat' dir='ltr'>vita</span> <span class='ocrx_word' id='word_1_150' title='bbox 898 2100 1094 2143; x_wconf 89' lang='lat' dir='ltr'>hominis</span> <span class='ocrx_word' id='word_1_151' title='bbox 1129 2100 1200 2143; x_wconf 85' lang='lat' dir='ltr'>vel</span> <span class='ocrx_word' id='word_1_152' title='bbox 1232 2099 1447 2143; x_wconf 87' lang='lat' dir='ltr'>irritatur</span> <span class='ocrx_word' id='word_1_153' title='bbox 1488 2105 1821 2143; x_wconf 85' lang='lat' dir='ltr'>sacramentum</span> <span class='ocrx_word' id='word_1_154' title='bbox 1854 2099 1928 2142; x_wconf 88' lang='lat' dir='ltr'>vel</span> <span class='ocrx_word' id='word_1_155' title='bbox 1962 2098 2169 2142; x_wconf 79' lang='lat' dir='ltr'>laeditur</span> 
     </span>
     <span class='ocr_line' id='line_1_23' title="bbox 282 2173 2162 2229; baseline -0.001 -12"><span class='ocrx_word' id='word_1_156' title='bbox 282 2174 490 2229; x_wconf 81' lang='lat' dir='ltr'>sigillum</span> <span class='ocrx_word' id='word_1_157' title='bbox 525 2176 855 2218; x_wconf 79' lang='lat' dir='ltr'>sacramentale</span> <span class='ocrx_word' id='word_1_158' title='bbox 888 2176 960 2218; x_wconf 89' lang='lat' dir='ltr'>vel</span> <span class='ocrx_word' id='word_1_159' title='bbox 991 2174 1215 2217; x_wconf 88' lang='lat' dir='ltr'>ieiunium</span> <span class='ocrx_word' id='word_1_160' title='bbox 1248 2174 1460 2217; x_wconf 77' lang='lat' dir='ltr'>natulale</span> <span class='ocrx_word' id='word_1_161' title='bbox 1491 2187 1581 2216; x_wconf 91' lang='lat' dir='ltr'>non</span> <span class='ocrx_word' id='word_1_162' title='bbox 1599 2173 1860 2217; x_wconf 88' lang='lat' dir='ltr'>admittunt</span> <span class='ocrx_word' id='word_1_163' title='bbox 1882 2174 2162 2228; x_wconf 84' lang='lat' dir='ltr'>parvitatem</span> 
     </span>
     <span class='ocr_line' id='line_1_24' title="bbox 276 2248 2170 2332; baseline 0 -40"><span class='ocrx_word' id='word_1_164' title='bbox 276 2249 511 2304; x_wconf 88' lang='lat' dir='ltr'>materiae,</span> <span class='ocrx_word' id='word_1_165' title='bbox 545 2250 653 2305; x_wconf 89' lang='lat' dir='ltr'>quia</span> <span class='ocrx_word' id='word_1_166' title='bbox 685 2251 876 2294; x_wconf 87' lang='lat' dir='ltr'>laedunt</span> <span class='ocrx_word' id='word_1_167' title='bbox 910 2251 1077 2294; x_wconf 90' lang='lat' dir='ltr'>bonum</span> <span class='ocrx_word' id='word_1_168' title='bbox 1112 2264 1332 2306; x_wconf 79' lang='lat' dir='ltr'>magnum</span> <span class='ocrx_word' id='word_1_169' title='bbox 1383 2255 1430 2293; x_wconf 91' lang='lat' dir='ltr'>et</span> <span class='ocrx_word' id='word_1_170' title='bbox 1476 2249 1759 2292; x_wconf 78' lang='lat' dir='ltr'>indivisibile</span> <span class='ocrx_word' id='word_1_171' title='bbox 1790 2248 1949 2305; x_wconf 48' lang='lat' dir='ltr'>{vitae</span> <span class='ocrx_word' id='word_1_172' title='bbox 1996 2249 2170 2332; x_wconf 81' lang='lat' dir='ltr'>valoris</span> 
     </span>
     <span class='ocr_line' id='line_1_25' title="bbox 282 2324 1562 2381; baseline 0 -14"><span class='ocrx_word' id='word_1_173' title='bbox 282 2328 686 2381; x_wconf 87' lang='lat' dir='ltr'>sacramentorum,</span> <span class='ocrx_word' id='word_1_174' title='bbox 721 2326 1003 2369; x_wconf 84' lang='lat' dir='ltr'>reverentiae</span> <span class='ocrx_word' id='word_1_175' title='bbox 1036 2325 1335 2369; x_wconf 82' lang='lat' dir='ltr'>sacramentis</span> <span class='ocrx_word' id='word_1_176' title='bbox 1369 2324 1562 2368; x_wconf 85' lang='lat' dir='ltr'>debitae.</span> 
     </span>
    </p>
   </div>
   <div class='ocr_carea' id='block_1_7' title="bbox 276 2413 2167 2752">
    <p class='ocr_par' dir='ltr' id='par_1_7' title="bbox 276 2413 2167 2752">
     <span class='ocr_line' id='line_1_26' title="bbox 432 2413 2163 2484; baseline 0 -20"><span class='ocrx_word' id='word_1_177' title='bbox 432 2414 477 2465; x_wconf 81' lang='lat' dir='ltr'>b.</span> <span class='ocrx_word' id='word_1_178' title='bbox 509 2414 646 2466; x_wconf 90' lang='lat' dir='ltr'>Dari</span> <span class='ocrx_word' id='word_1_179' title='bbox 674 2424 852 2483; x_wconf 88' lang='lat' dir='ltr'>potest</span> <span class='ocrx_word' id='word_1_180' title='bbox 878 2418 1127 2484; x_wconf 85' lang='lat' dir='ltr'>parvitas</span> <span class='ocrx_word' id='word_1_181' title='bbox 1157 2415 1419 2465; x_wconf 77' lang='lat' dir='ltr'>mateiiae</span> <span class='ocrx_word' id='word_1_182' title='bbox 1447 2415 1503 2464; x_wconf 90' lang='lat' dir='ltr'>in</span> <span class='ocrx_word' id='word_1_183' title='bbox 1533 2413 1640 2464; x_wconf 92' lang='lat' dir='ltr'>illis</span> <span class='ocrx_word' id='word_1_184' title='bbox 1669 2415 1928 2482; x_wconf 81' lang='lat' dir='ltr'>peccatis,</span> <span class='ocrx_word' id='word_1_185' title='bbox 1960 2413 2163 2483; x_wconf 89' lang='lat' dir='ltr'>quibus</span> 
     </span>
     <span class='ocr_line' id='line_1_27' title="bbox 276 2502 2163 2555; baseline 0 -1"><span class='ocrx_word' id='word_1_186' title='bbox 276 2503 517 2554; x_wconf 89' lang='lat' dir='ltr'>laeditur</span> <span class='ocrx_word' id='word_1_187' title='bbox 570 2503 777 2555; x_wconf 91' lang='lat' dir='ltr'>bonum</span> <span class='ocrx_word' id='word_1_188' title='bbox 840 2504 1056 2555; x_wconf 88' lang='lat' dir='ltr'>finitum</span> <span class='ocrx_word' id='word_1_189' title='bbox 1114 2502 1427 2554; x_wconf 86' lang='lat' dir='ltr'>divisibile:</span> <span class='ocrx_word' id='word_1_190' title='bbox 1472 2505 1527 2554; x_wconf 92' lang='lat' dir='ltr'>in</span> <span class='ocrx_word' id='word_1_191' title='bbox 1571 2502 1656 2553; x_wconf 87' lang='lat' dir='ltr'>his</span> <span class='ocrx_word' id='word_1_192' title='bbox 1698 2503 1844 2553; x_wconf 89' lang='lat' dir='ltr'>enim</span> <span class='ocrx_word' id='word_1_193' title='bbox 1888 2521 2013 2553; x_wconf 90' lang='lat' dir='ltr'>cum</span> <span class='ocrx_word' id='word_1_194' title='bbox 2057 2520 2163 2554; x_wconf 91' lang='lat' dir='ltr'>ma-</span> 
     </span>
     <span class='ocr_line' id='line_1_28' title="bbox 276 2591 2167 2661; baseline -0.001 -17"><span class='ocrx_word' id='word_1_195' title='bbox 276 2595 416 2644; x_wconf 86' lang='lat' dir='ltr'>teria</span> <span class='ocrx_word' id='word_1_196' title='bbox 458 2594 623 2645; x_wconf 89' lang='lat' dir='ltr'>etiam</span> <span class='ocrx_word' id='word_1_197' title='bbox 656 2593 867 2645; x_wconf 89' lang='lat' dir='ltr'>malitia</span> <span class='ocrx_word' id='word_1_198' title='bbox 896 2594 1033 2645; x_wconf 90' lang='lat' dir='ltr'>adeo</span> <span class='ocrx_word' id='word_1_199' title='bbox 1079 2594 1394 2644; x_wconf 84' lang='lat' dir='ltr'>decrescere</span> <span class='ocrx_word' id='word_1_200' title='bbox 1439 2600 1631 2661; x_wconf 79' lang='lat' dir='ltr'>potest7</span> <span class='ocrx_word' id='word_1_201' title='bbox 1675 2600 1734 2643; x_wconf 88' lang='lat' dir='ltr'>ut</span> <span class='ocrx_word' id='word_1_202' title='bbox 1775 2610 1885 2643; x_wconf 90' lang='lat' dir='ltr'>non</span> <span class='ocrx_word' id='word_1_203' title='bbox 1926 2591 2167 2661; x_wconf 90' lang='lat' dir='ltr'>amplius</span> 
     </span>
     <span class='ocr_line' id='line_1_29' title="bbox 286 2682 1390 2752; baseline 0.003 -19"><span class='ocrx_word' id='word_1_204' title='bbox 286 2690 575 2734; x_wconf 83' lang='lat' dir='ltr'>censeatur</span> <span class='ocrx_word' id='word_1_205' title='bbox 614 2685 801 2752; x_wconf 81' lang='lat' dir='ltr'>gravis</span> <span class='ocrx_word' id='word_1_206' title='bbox 842 2692 903 2735; x_wconf 92' lang='lat' dir='ltr'>ut</span> <span class='ocrx_word' id='word_1_207' title='bbox 944 2685 999 2735; x_wconf 89' lang='lat' dir='ltr'>in</span> <span class='ocrx_word' id='word_1_208' title='bbox 1042 2684 1185 2735; x_wconf 85' lang='lat' dir='ltr'>furto</span> <span class='ocrx_word' id='word_1_209' title='bbox 1229 2682 1390 2736; x_wconf 92' lang='lat' dir='ltr'>oboli.</span> 
     </span>
    </p>
   </div>
   <div class='ocr_carea' id='block_1_8' title="bbox 277 2787 2169 3141">
    <p class='ocr_par' dir='ltr' id='par_1_8' title="bbox 277 2787 2169 3141">
     <span class='ocr_line' id='line_1_30' title="bbox 429 2787 2163 2843; baseline 0.002 -16"><span class='ocrx_word' id='word_1_210' title='bbox 429 2801 468 2829; x_wconf 86' lang='grc' dir='ltr'>α.</span> <span class='ocrx_word' id='word_1_211' title='bbox 504 2787 606 2831; x_wconf 88' lang='lat' dir='ltr'>Ideo</span> <span class='ocrx_word' id='word_1_212' title='bbox 640 2791 827 2843; x_wconf 89' lang='lat' dir='ltr'>peccata</span> <span class='ocrx_word' id='word_1_213' title='bbox 859 2793 1018 2831; x_wconf 85' lang='lat' dir='ltr'>contra</span> <span class='ocrx_word' id='word_1_214' title='bbox 1051 2788 1225 2831; x_wconf 88' lang='lat' dir='ltr'>cultum</span> <span class='ocrx_word' id='word_1_215' title='bbox 1245 2789 1338 2831; x_wconf 91' lang='lat' dir='ltr'>Deo</span> <span class='ocrx_word' id='word_1_216' title='bbox 1372 2787 1575 2831; x_wconf 87' lang='lat' dir='ltr'>debitum</span> <span class='ocrx_word' id='word_1_217' title='bbox 1600 2787 1861 2831; x_wconf 87' lang='lat' dir='ltr'>admit-tunt</span> <span class='ocrx_word' id='word_1_218' title='bbox 1882 2787 2163 2843; x_wconf 87' lang='lat' dir='ltr'>parvitatem</span> 
     </span>
     <span class='ocr_line' id='line_1_31' title="bbox 279 2861 2169 2918; baseline 0.002 -16"><span class='ocrx_word' id='word_1_219' title='bbox 279 2861 513 2916; x_wconf 84' lang='lat' dir='ltr'>materiae,</span> <span class='ocrx_word' id='word_1_220' title='bbox 548 2862 655 2916; x_wconf 84' lang='lat' dir='ltr'>quia</span> <span class='ocrx_word' id='word_1_221' title='bbox 689 2863 854 2918; x_wconf 88' lang='lat' dir='ltr'>cultus,</span> <span class='ocrx_word' id='word_1_222' title='bbox 888 2877 1019 2917; x_wconf 89' lang='lat' dir='ltr'>quem</span> <span class='ocrx_word' id='word_1_223' title='bbox 1052 2877 1133 2906; x_wconf 90' lang='lat' dir='ltr'>nos</span> <span class='ocrx_word' id='word_1_224' title='bbox 1155 2863 1250 2906; x_wconf 89' lang='lat' dir='ltr'>Deo</span> <span class='ocrx_word' id='word_1_225' title='bbox 1283 2862 1563 2916; x_wconf 80' lang='lat' dir='ltr'>exhibemus,</span> <span class='ocrx_word' id='word_1_226' title='bbox 1597 2862 1762 2905; x_wconf 89' lang='lat' dir='ltr'>bonum</span> <span class='ocrx_word' id='word_1_227' title='bbox 1796 2867 1866 2905; x_wconf 89' lang='lat' dir='ltr'>est</span> <span class='ocrx_word' id='word_1_228' title='bbox 1897 2862 2084 2905; x_wconf 89' lang='lat' dir='ltr'>finitum</span> <span class='ocrx_word' id='word_1_229' title='bbox 2118 2866 2169 2905; x_wconf 79' lang='lat' dir='ltr'>et</span> 
     </span>
     <span class='ocr_line' id='line_1_32' title="bbox 282 2935 2169 2992; baseline 0.002 -16"><span class='ocrx_word' id='word_1_230' title='bbox 282 2935 526 2990; x_wconf 85' lang='lat' dir='ltr'>divisibile,</span> <span class='ocrx_word' id='word_1_231' title='bbox 561 2937 679 2990; x_wconf 89' lang='lat' dir='ltr'>quod</span> <span class='ocrx_word' id='word_1_232' title='bbox 713 2951 793 2992; x_wconf 89' lang='lat' dir='ltr'>pro</span> <span class='ocrx_word' id='word_1_233' title='bbox 826 2938 1005 2981; x_wconf 86' lang='lat' dir='ltr'>ratione</span> <span class='ocrx_word' id='word_1_234' title='bbox 1038 2938 1258 2981; x_wconf 86' lang='lat' dir='ltr'>materiae</span> <span class='ocrx_word' id='word_1_235' title='bbox 1291 2939 1439 2980; x_wconf 86' lang='lat' dir='ltr'>maius</span> <span class='ocrx_word' id='word_1_236' title='bbox 1472 2942 1519 2981; x_wconf 91' lang='lat' dir='ltr'>et</span> <span class='ocrx_word' id='word_1_237' title='bbox 1567 2936 1718 2979; x_wconf 90' lang='lat' dir='ltr'>minus</span> <span class='ocrx_word' id='word_1_238' title='bbox 1763 2949 1858 2979; x_wconf 89' lang='grc'>0330</span> <span class='ocrx_word' id='word_1_239' title='bbox 1906 2941 2073 2992; x_wconf 88' lang='lat' dir='ltr'>potest.</span> <span class='ocrx_word' id='word_1_240' title='bbox 2109 2962 2169 2966; x_wconf 85' lang='lat'>-—</span> 
     </span>
     <span class='ocr_line' id='line_1_33' title="bbox 277 3009 2163 3067; baseline 0.001 -15"><span class='ocrx_word' id='word_1_241' title='bbox 277 3009 396 3053; x_wconf 86' lang='lat' dir='ltr'>Item</span> <span class='ocrx_word' id='word_1_242' title='bbox 421 3015 607 3065; x_wconf 87' lang='lat' dir='ltr'>peccata</span> <span class='ocrx_word' id='word_1_243' title='bbox 629 3011 860 3067; x_wconf 83' lang='lat' dir='ltr'>sacrilegii</span> <span class='ocrx_word' id='word_1_244' title='bbox 883 3013 1021 3055; x_wconf 87' lang='lat' dir='ltr'>realis</span> <span class='ocrx_word' id='word_1_245' title='bbox 1045 3018 1091 3055; x_wconf 88' lang='lat' dir='ltr'>et</span> <span class='ocrx_word' id='word_1_246' title='bbox 1113 3012 1284 3066; x_wconf 85' lang='lat' dir='ltr'>localis,</span> <span class='ocrx_word' id='word_1_247' title='bbox 1319 3012 1425 3066; x_wconf 89' lang='lat' dir='ltr'>quia</span> <span class='ocrx_word' id='word_1_248' title='bbox 1449 3011 1672 3055; x_wconf 88' lang='lat' dir='ltr'>sanctitas</span> <span class='ocrx_word' id='word_1_249' title='bbox 1693 3010 1758 3054; x_wconf 89' lang='lat' dir='ltr'>rei</span> <span class='ocrx_word' id='word_1_250' title='bbox 1780 3011 1852 3053; x_wconf 91' lang='lat' dir='ltr'>vel</span> <span class='ocrx_word' id='word_1_251' title='bbox 1884 3010 1970 3053; x_wconf 89' lang='lat' dir='ltr'>loci</span> <span class='ocrx_word' id='word_1_252' title='bbox 1996 3010 2163 3053; x_wconf 88' lang='lat' dir='ltr'>bonum</span> 
     </span>
     <span class='ocr_line' id='line_1_34' title="bbox 279 3084 2165 3141; baseline 0.001 -15"><span class='ocrx_word' id='word_1_253' title='bbox 279 3084 465 3127; x_wconf 89' lang='lat' dir='ltr'>finitum</span> <span class='ocrx_word' id='word_1_254' title='bbox 495 3090 541 3127; x_wconf 94' lang='lat' dir='ltr'>et</span> <span class='ocrx_word' id='word_1_255' title='bbox 565 3086 795 3130; x_wconf 82' lang='lat' dir='ltr'>divisibile</span> <span class='ocrx_word' id='word_1_256' title='bbox 818 3092 888 3130; x_wconf 88' lang='lat' dir='ltr'>est</span> <span class='ocrx_word' id='word_1_257' title='bbox 911 3091 957 3130; x_wconf 89' lang='lat' dir='ltr'>et</span> <span class='ocrx_word' id='word_1_258' title='bbox 978 3086 1079 3130; x_wconf 88' lang='lat' dir='ltr'>ideo</span> <span class='ocrx_word' id='word_1_259' title='bbox 1108 3086 1256 3129; x_wconf 89' lang='lat' dir='ltr'>maius</span> <span class='ocrx_word' id='word_1_260' title='bbox 1282 3087 1354 3130; x_wconf 89' lang='lat' dir='ltr'>vel</span> <span class='ocrx_word' id='word_1_261' title='bbox 1387 3086 1538 3129; x_wconf 89' lang='lat' dir='ltr'>minus</span> <span class='ocrx_word' id='word_1_262' title='bbox 1568 3099 1649 3141; x_wconf 85' lang='lat' dir='ltr'>pro</span> <span class='ocrx_word' id='word_1_263' title='bbox 1679 3085 1858 3128; x_wconf 89' lang='lat' dir='ltr'>ratione</span> <span class='ocrx_word' id='word_1_264' title='bbox 1887 3084 2165 3138; x_wconf 83' lang='lat' dir='ltr'>materiae¹).</span> 
     </span>
    </p>
   </div>
   <div class='ocr_carea' id='block_1_9' title="bbox 278 3173 2170 3303">
    <p class='ocr_par' dir='ltr' id='par_1_9' title="bbox 278 3173 2170 3303">
     <span class='ocr_line' id='line_1_35' title="bbox 431 3173 2166 3231; baseline -0.001 -14"><span class='ocrx_word' id='word_1_265' title='bbox 431 3176 468 3225; x_wconf 80' lang='grc' dir='ltr'>β.</span> <span class='ocrx_word' id='word_1_266' title='bbox 518 3176 687 3230; x_wconf 72' lang='lat' dir='ltr'>Magna</span> <span class='ocrx_word' id='word_1_267' title='bbox 731 3177 802 3220; x_wconf 79' lang='lat' dir='ltr'>vel</span> <span class='ocrx_word' id='word_1_268' title='bbox 845 3190 986 3231; x_wconf 78' lang='lat' dir='ltr'>parva</span> <span class='ocrx_word' id='word_1_269' title='bbox 1018 3176 1213 3220; x_wconf 89' lang='lat' dir='ltr'>materia</span> <span class='ocrx_word' id='word_1_270' title='bbox 1246 3176 1462 3231; x_wconf 89' lang='lat' dir='ltr'>prudenti</span> <span class='ocrx_word' id='word_1_271' title='bbox 1496 3175 1665 3219; x_wconf 89' lang='lat' dir='ltr'>iudicio</span> <span class='ocrx_word' id='word_1_272' title='bbox 1700 3173 2047 3218; x_wconf 85' lang='lat' dir='ltr'>determinanda</span> <span class='ocrx_word' id='word_1_273' title='bbox 2079 3178 2166 3228; x_wconf 88' lang='lat' dir='ltr'>est,</span> 
     </span>
     <span class='ocr_line' id='line_1_36' title="bbox 278 3247 2170 3303; baseline -0.001 -11"><span class='ocrx_word' id='word_1_274' title='bbox 278 3249 335 3292; x_wconf 89' lang='lat' dir='ltr'>ad</span> <span class='ocrx_word' id='word_1_275' title='bbox 370 3250 488 3303; x_wconf 88' lang='lat' dir='ltr'>quod</span> <span class='ocrx_word' id='word_1_276' title='bbox 521 3249 743 3293; x_wconf 88' lang='lat' dir='ltr'>iudicium</span> <span class='ocrx_word' id='word_1_277' title='bbox 777 3251 1069 3293; x_wconf 77' lang='lat' dir='ltr'>formandum</span> <span class='ocrx_word' id='word_1_278' title='bbox 1104 3251 1213 3293; x_wconf 88' lang='lat' dir='ltr'>haec</span> <span class='ocrx_word' id='word_1_279' title='bbox 1246 3250 1338 3293; x_wconf 87' lang='lat' dir='ltr'>tria</span> <span class='ocrx_word' id='word_1_280' title='bbox 1371 3249 1646 3294; x_wconf 85' lang='lat' dir='ltr'>considerari</span> <span class='ocrx_word' id='word_1_281' title='bbox 1681 3249 1869 3293; x_wconf 86' lang='lat' dir='ltr'>debent:</span> <span class='ocrx_word' id='word_1_282' title='bbox 1907 3263 1947 3291; x_wconf 90' lang='grc' dir='ltr'>α.</span> <span class='ocrx_word' id='word_1_283' title='bbox 1970 3261 2040 3291; x_wconf 88' lang='lat' dir='ltr'>res</span> <span class='ocrx_word' id='word_1_284' title='bbox 2064 3247 2170 3303; x_wconf 75' lang='lat' dir='ltr'>ipsa,</span> 
     </span>
    </p>
   </div>
   <div class='ocr_carea' id='block_1_10' title="bbox 396 3357 633 3362">
    <p class='ocr_par' dir='ltr' id='par_1_10' title="bbox 396 3357 633 3362">
     <span class='ocr_line' id='line_1_37' title="bbox 396 3357 633 3362; baseline 0 0"><span class='ocrx_word' id='word_1_285' title='bbox 396 3357 633 3362; x_wconf 95' lang='lat' dir='ltr'> </span> 
     </span>
    </p>
   </div>
   <div class='ocr_carea' id='block_1_11' title="bbox 272 3410 2164 3532">
    <p class='ocr_par' dir='ltr' id='par_1_11' title="bbox 272 3410 2164 3532">
     <span class='ocr_line' id='line_1_38' title="bbox 436 3410 2164 3470; baseline -0.002 -13"><span class='ocrx_word' id='word_1_286' title='bbox 436 3414 467 3468; x_wconf 69' lang='lat'>¹)</span> <span class='ocrx_word' id='word_1_287' title='bbox 499 3413 962 3470; x_wconf 61' lang='lat' dir='ltr'>Sporer-Bierbaum„</span> <span class='ocrx_word' id='word_1_288' title='bbox 997 3414 1248 3470; x_wconf 83' lang='lat' dir='ltr'>Theologia</span> <span class='ocrx_word' id='word_1_289' title='bbox 1280 3428 1388 3458; x_wconf 87' lang='lat' dir='ltr'>mor.</span> <span class='ocrx_word' id='word_1_290' title='bbox 1410 3415 1548 3458; x_wconf 83' lang='lat' dir='ltr'>decal.</span> <span class='ocrx_word' id='word_1_291' title='bbox 1584 3420 1631 3458; x_wconf 91' lang='lat' dir='ltr'>et</span> <span class='ocrx_word' id='word_1_292' title='bbox 1663 3427 1851 3457; x_wconf 87' lang='lat' dir='ltr'>sacram.</span> <span class='ocrx_word' id='word_1_293' title='bbox 1883 3414 1920 3459; x_wconf 93' lang='lat' dir='ltr'>I.</span> <span class='ocrx_word' id='word_1_294' title='bbox 1953 3410 2087 3456; x_wconf 86' lang='lat' dir='ltr'>tract.</span> <span class='ocrx_word' id='word_1_295' title='bbox 2126 3413 2164 3454; x_wconf 88' lang='lat'>1.</span> 
     </span>
     <span class='ocr_line' id='line_1_39' title="bbox 272 3488 529 3532; baseline 0 -2"><span class='ocrx_word' id='word_1_296' title='bbox 272 3501 316 3530; x_wconf 85' lang='lat' dir='ltr'>n.</span> <span class='ocrx_word' id='word_1_297' title='bbox 353 3488 439 3530; x_wconf 68' lang='lat'>972</span> <span class='ocrx_word' id='word_1_298' title='bbox 473 3502 529 3532; x_wconf 71' lang='lat' dir='ltr'>ss,</span> 
     </span>
    </p>
   </div>
  </div>
 </body>
</html>
