2269 3898
834 131 901 174 De
934 129 1135 173 subiecto
1167 129 1297 184 legis.
1920 131 2002 172 141

128 276 411 336 tamquam
455 283 770 334 supremum
815 273 981 332 caput
1023 263 1284 314 ecclesiae
1329 262 1550 328 Christi,
1606 282 1746 332 quae
1805 272 1884 314 est
1926 282 2001 314 so-

131 358 300 407 cietas
341 355 581 425 perfecta
623 372 719 421 per
745 355 931 403 omnia
971 370 1139 419 regna
1181 362 1356 403 terrae
1399 352 1616 418 diffusa,
1662 354 1778 403 iure
1816 351 2006 403 divino

128 464 161 496 a
202 446 399 515 quavis
441 443 822 494 iurisdictione
863 442 1204 492 auctoritatis
1235 440 1416 492 civilis
1457 443 1720 493 immunis
1761 450 1857 508 est,
1901 443 2005 492 nisi

129 536 246 603 ipse
302 532 442 584 ultro
497 531 566 583 ad
622 543 838 600 tempus
894 549 948 581 se
991 532 1039 580 ei
1082 528 1355 580 subiicere
1398 529 1547 596 velit,
1609 532 1749 581 sicut
1807 533 2006 581 summi

129 622 420 693 pontifices
461 623 767 691 primorum
809 619 1153 672 saeculorum
1197 619 1621 687 imperatoribus
1658 621 1898 671 romanis
1942 620 2008 671 de

131 713 293 778 facto⁷
336 729 446 762 non
490 709 558 762 de
602 711 720 761 iure
764 708 997 760 subiecti
1041 717 1215 760 erant.

278 801 328 853 2.
398 800 624 852 Summo
679 799 927 867 pontifici
985 800 1071 850 ius
1126 800 1390 866 competit
1446 797 1727 849 eximendi
1782 817 1813 848 a
1856 799 2004 848 iuris

132 891 372 942 dictione
402 888 553 940 civili
584 897 689 938 tum
731 889 1002 957 episcopos
1031 897 1136 939 tum
1162 887 1392 940 clericos.
1451 886 1607 951 Sunt,
1653 888 1745 956 qui
1778 886 2010 938 doceant

131 982 418 1049 episcopos
459 985 519 1029 ut
546 976 811 1029 ecclesiae
833 979 1113 1047 principes
1143 996 1204 1028 eo
1235 979 1351 1046 ipso
1384 996 1414 1028 a
1444 977 1824 1028 iurisdictione
1859 975 2010 1027 civili

132 1070 241 1119 iam
292 1076 537 1119 exemtos
579 1085 710 1119 esse.

280 1159 421 1200 Docet
456 1156 695 1200 concilium
729 1156 1035 1199 tridentinum
1077 1170 1369 1212 personarum
1411 1155 1817 1199 ecclesiasticarum
1852 1155 2011 1197 inimu-

130 1231 326 1275 nitatem
359 1232 452 1274 Dez'
482 1231 768 1274 ordinatione
812 1234 856 1274 et
896 1231 1124 1274 canonicis
1165 1232 1473 1275 smectiom'bns
1517 1231 1818 1274 constitutam
1859 1230 2010 1285 esse¹).

132 1307 313 1350 Scilicet
359 1307 457 1350 iure
507 1306 660 1350 divino
706 1307 855 1350 clerici
899 1307 1164 1350 eximuntur
1211 1321 1237 1350 a
1270 1311 1500 1362 potestate
1534 1305 1753 1349 saeculari
1804 1310 1848 1348 et
1881 1304 2013 1348 unice

131 1381 353 1436 potestati
387 1381 714 1424 ecclesiasticae
747 1380 1067 1435 subiiciuntur,
1112 1394 1160 1424 eo
1195 1382 1313 1435 quod
1345 1381 1394 1435 ii,
1440 1381 1515 1435 qui
1550 1381 1807 1423 charactere
1842 1379 2012 1422 ordinis

130 1456 346 1511 insigniti
379 1460 501 1510 sunt,
533 1456 630 1498 iure
665 1455 819 1498 divino
853 1469 879 1498 a
910 1455 1040 1498 laicis
1075 1455 1430 1510 distinguuntur
1463 1455 1615 1510 eisque
1657 1462 2010 1509 praeponuntur.

133 1530 276 1573 Simul
310 1530 521 1573 ecclesiae
553 1532 678 1572 facta
711 1534 779 1572 est
813 1534 1018 1584 potestas
1051 1529 1303 1573 clericalem
1340 1530 1544 1573 ordinem
1590 1528 1843 1584 ampliandi
1877 1534 2014 1583 atque

130 1603 482 1660 determinandi‚
520 1604 704 1658 quinam
740 1608 784 1647 et
819 1603 981 1658 quibus
1013 1603 1061 1646 in
1094 1603 1225 1647 rebus
1270 1608 1376 1647 actu
1408 1604 1634 1647 immunes
1678 1617 1773 1647 esse
1819 1603 2012 1646 debeant-

137 1693 162 1722 a
194 1678 510 1722 iurisdictione
544 1677 818 1731 saeculari2).

282 1762 331 1813 3.
393 1759 587 1813 Clerici
642 1761 789 1830 leges
845 1760 1036 1813 civiles
1079 1762 1261 1831 quoad
1303 1763 1404 1813 vim
1448 1761 1756 1813 directio-am
1797 1779 2015 1812 servare

134 1859 408 1918 tenentur,
453 1869 594 1920 quae
636 1850 891 1918 dignitati
935 1859 1106 1902 status
1150 1850 1417 1902 clericalis
1473 1868 1581 1902 non
1631 1849 2011 1902 adversantur.

285 1955 326 1983 α.
381 1940 544 1985 Omnes
590 1940 883 1984 consentiunt
916 1940 1098 1984 clericos
1131 1941 1189 1984 ad
1224 1940 1584 1984 observationem
1620 1941 1774 1995 legum
1809 1938 2014 1982 civilium

135 2015 179 2058 in
223 2015 498 2059 conscientia
538 2015 698 2070 teneri,
747 2015 1074 2070 obligationem
1116 2029 1221 2059 vero
1269 2029 1359 2059 non
1410 2029 1563 2058 omnes
1607 2028 1662 2058 ex
1695 2014 1850 2057 eodem
1888 2015 2017 2056 fonte

139 2090 370 2133 derivant:
408 2090 486 2133 alii
522 2090 640 2133 enim
675 2095 858 2133 censent
892 2105 917 2133 a
950 2091 1050 2145 lege
1083 2094 1289 2143 naturae,
1324 2090 1403 2133 alii
1437 2089 1493 2132 ab
1525 2089 1626 2145 ipsa
1649 2090 1749 2144 lege
1772 2088 1914 2142 civili,
1937 2087 2015 2131 alii

137 2165 322 2208 tandem
357 2178 383 2207 a
416 2165 656 2207 voluntate
696 2164 906 2208 ecclesiae
951 2178 1048 2208 eam
1093 2166 1372 2208 descendere.
1438 2164 1689 2208 Secundam
1740 2163 2014 2207 sententiam

136 2243 293 2282 nostra
324 2243 476 2282 aetate
507 2244 667 2282 tuetur
697 2239 858 2282 Werne
898 2239 938 2293 I.
972 2254 1016 2282 n.
1052 2240 1182 2295 ica),
1215 2239 1402 2283 tertiam
1437 2238 1698 2282 Lelmzknlzl
1729 2237 1782 2291 (Ι.
1816 2251 1859 2280 n.
1897 2236 2017 2289 140).

288 2313 325 2356 b.
374 2313 534 2368 Leges,
580 2327 693 2368 quae
735 2317 909 2357 statum
944 2314 1194 2358 clericalem
1228 2328 1318 2358 non
1354 2315 1528 2369 decent,
1562 2318 1616 2357 ut
1649 2318 1755 2356 sunt
1789 2313 1913 2367 leges
1941 2311 2018 2354 mi-

138 2386 284 2441 litiae,
319 2386 467 2430 clerici
501 2387 738 2430 observare
760 2400 851 2430 non
876 2392 1112 2431 tenentur:
1149 2388 1337 2431 ecclesia
1369 2388 1489 2432 enim
1514 2401 1667 2431 eorum
1693 2386 2017 2430 subiectionem

141 2474 249 2516 erga
281 2461 362 2504 has
395 2462 520 2517 leges
541 2475 631 2504 non
655 2461 814 2516 exigit.
851 2463 929 2505 sed
953 2462 1106 2517 potius
1128 2462 1366 2518 reprobat;
1400 2462 1530 2517 atqui
1554 2466 1712 2505 contra
1729 2462 2017 2504 voluntatem

142 2535 353 2580 ecclesiae
386 2540 590 2591 potestas
623 2536 771 2579 civilis
805 2536 988 2580 clericos
1031 2537 1125 2580 suis
1167 2537 1346 2592 legibus
1380 2536 1598 2580 subiicere
1629 2550 1720 2579 non
1753 2539 1920 2591 potest.
1974 2534 2019 2577 Si

142 2615 297 2654 tamen
345 2611 484 2654 etiam
534 2611 793 2654 huiusmodi
841 2611 966 2666 leges
1025 2615 1183 2655 contra
1235 2612 1523 2655 voluntatem
1577 2610 1789 2654 ecclesiae
1842 2622 2019 2653 servare

143 2691 384 2740 coguntur,
426 2685 675 2740 praemissa
720 2686 1053 2740 protestatione
1096 2691 1254 2730 contra
1286 2685 1379 2729 vim
1422 2686 1619 2739 illatam,
1652 2685 1690 2728 si
1724 2698 1775 2728 ea
1807 2684 1865 2727 ad
1898 2696 2018 2739 prae-

143 2761 393 2804 cavendum
428 2760 692 2803 scandalum
724 2760 978 2804 necessaria
1016 2764 1271 2816 reputetur,
1314 2760 1360 2803 vi
1395 2760 1549 2804 cedere
1583 2767 1628 2803 et
1660 2760 1808 2812 legem
1843 2771 2020 2802 servare

144 2834 323 2880 debent.

292 2911 343 2961 4.
402 2907 603 2960 Clerici
651 2909 799 2978 leges
857 2909 1049 2961 civiles
1103 2910 1287 2979 quoad
1328 2911 1431 2960 vim
1471 2909 1759 2960 coactivam
1801 2925 2021 2959 servare

145 3017 253 3050 non
307 3006 594 3050 tenentur:
657 3018 688 3050 a
735 2998 951 3067 legibus
1004 2999 1153 3050 enim
1207 3016 1443 3068 poenam
1496 2996 1921 3049 decernentibus
1962 2997 2018 3046 vi

144 3087 425 3157 privilegii
465 3087 568 3139 fori
610 3087 842 3139 ecclesia
884 3087 1111 3140 clericos
1152 3090 1334 3157 reipsa
1384 3089 1663 3140 immunes
1717 3086 2016 3138 constituit.

147 3177 281 3230 Cum
325 3185 508 3229 tamen
548 3176 714 3230 hodie
753 3185 995 3248 potestas
1038 3177 1219 3230 civilis
1273 3180 1419 3230 hanc
1474 3176 1798 3229 clericorum
1842 3192 2021 3225 exem-

146 3268 355 3319 tionem
396 3285 506 3318 non
546 3266 784 3337 amplius
823 3275 1103 3336 agnoscat,
1146 3267 1242 3320 sed
1285 3267 1510 3319 clericos
1553 3284 1726 3335 aeque
1761 3283 1826 3316 ac
1853 3263 2023 3315 laicos

301 3425 332 3477 ¹)
368 3423 481 3467 Sess.
516 3423 585 3466 25.
620 3436 654 3466 c.
689 3423 759 3466 20.
792 3424 860 3466 De
890 3425 1072 3469 reform.

299 3496 332 3552 ²)
365 3497 854 3541 Ballerini-Palmierz'
881 3498 960 3541 IV.
993 3512 1038 3541 n.
1070 3498 1172 3541 5²21.
