2269 3898
740 187 807 229 De
840 186 1118 241 obligatione
1150 187 1279 242 legiS.
1860 189 1944 231 169

82 323 135 363 ut·
167 333 202 363 e.
236 332 281 374 g.
314 319 539 372 infirmus,
573 318 649 372 qui
684 318 881 374 dubitat,
914 333 1022 363 num
1056 320 1201 374 possit
1224 324 1400 374 partem
1424 320 1563 363 officii
1586 320 1798 363 recitare:
1833 320 1946 363 alias

81 394 201 437 enim
235 393 394 436 multis
428 392 651 447 scrupulis
685 396 728 435 et
762 393 1073 437 anxietatibus
1107 407 1217 437 ansa
1251 395 1446 437 daretur.

231 540 359 595 147.
420 542 463 592 1.
516 540 740 593 Eodem
794 542 930 593 actu
985 540 1262 607 pluribus
1315 543 1647 610 praeceptis
1699 543 1947 594 satisfieri

83 638 274 700 potest,
317 630 422 680 nisi
465 636 676 679 constet
715 628 880 680 aliam
922 628 1089 680 fuisse
1134 638 1370 680 mentem
1414 629 1769 696 legislatoris:
1819 649 1946 682 nam

83 736 192 769 uno
233 726 362 769 actu
403 725 578 768 totum
630 735 766 786 opus
820 719 950 786 poni
1006 725 1198 786 potest,
1255 719 1400 788 quod
1452 719 1683 770 diversis
1735 719 1949 787 legibus

83 807 435 876 praecipitur.
517 806 759 857 Mentem
815 814 994 858 autem
1051 806 1376 875 legislatoris
1433 826 1541 859 non
1585 826 1698 859 esse
1742 817 1948 859 contra-

82 897 221 946 riam
262 903 409 946 recte
452 896 758 960 coniicitur,
815 896 856 946 si
913 904 1208 965 praecepta
1265 915 1404 966 quae
1453 896 1523 948 ad
1566 897 1798 948 eandem
1842 915 1948 949 ma-

82 986 274 1036 teriam
316 984 628 1035 referuntur
669 1002 738 1034 ex
780 983 973 1035 eodem
1015 986 1222 1036 motivo
1265 986 1643 1053 iniungantur.

235 1087 319 1140 Qui
369 1087 571 1130 officium
625 1087 814 1130 recitare
869 1088 998 1131 debet
1053 1088 1229 1131 ratione
1284 1088 1454 1131 ordinis
1504 1093 1550 1131 et
1601 1088 1778 1131 ratione
1830 1087 1952 1131 bene-

83 1161 191 1216 ficii,
222 1175 313 1204 una
345 1160 612 1204 recitatione
646 1162 896 1213 satisfacit;
941 1162 1016 1217 qui
1064 1167 1266 1217 tempore
1300 1162 1501 1217 paschali
1543 1163 1683 1205 sumit
1717 1162 1951 1217 viat-icum,

84 1236 266 1290 utrique
298 1240 536 1290 praecepto
571 1236 932 1279 communicandi
964 1237 1012 1280 in
1044 1237 1259 1291 paschate
1284 1242 1326 1279 et
1352 1237 1713 1279 communicandi
1737 1237 1784 1279 in
1808 1241 1952 1280 morte

82 1309 326 1353 satisfacit.
390 1309 471 1352 Cui
504 1322 608 1352 vero
642 1324 720 1365 pro
754 1311 1039 1365 poenitentia
1071 1311 1278 1354 iniuncta
1310 1311 1401 1353 fuit
1435 1311 1622 1366 largitio
1647 1312 1953 1365 eleemosynae

83 1385 140 1428 ad
173 1384 271 1438 pias
304 1396 475 1438 causas,
508 1397 596 1426 non
631 1384 875 1439 satisfacit,
909 1385 945 1428 si
980 1388 1080 1428 eam'
1115 1386 1191 1428 det
1224 1398 1302 1439 pro
1336 1385 1619 1438 eleemosyna
1652 1398 1704 1428 ex
1739 1389 1845 1428 voto
1883 1386 1949 1428 de-

84 1459 202 1509 bita;
238 1462 284 1501 et
317 1458 354 1500 si
387 1457 458 1500 cui
491 1471 570 1512 pro
604 1458 887 1512 poenitentia
919 1458 1136 1513 imposita
1169 1458 1261 1502 fuit
1294 1459 1470 1501 auditio
1506 1459 1619 1502 sacri
1644 1472 1741 1502 eam
1765 1459 1953 1514 implere

81 1546 171 1576 non
203 1536 354 1587 potest
391 1532 461 1575 die
492 1533 611 1575 festo
644 1531 781 1574 simul
814 1532 1038 1576 audiendo
1073 1546 1247 1575 sacrum
1282 1546 1335 1575 ex
1369 1539 1608 1588 praecepto
1642 1533 1853 1576 ecclesiae
1887 1533 1954 1576 de-

83 1608 245 1662 bitum,
278 1607 367 1650 nisi
400 1606 699 1650 confessarius
732 1619 938 1661 expresse
971 1607 1244 1662 permiserit,
1286 1607 1391 1661 quia
1427 1607 1654 1650 diversum
1689 1611 1756 1650 est
1790 1607 1955 1650 utrius-

87 1695 172 1737 que
204 1680 433 1737 praecepti
467 1680 706 1724 motivum.

203 1814 353 1859 Nota.
385 1814 470 1857 His
503 1814 765 1857 continetur
798 1814 1012 1868 aliqualis
1045 1828 1203 1857 norma
1247 1819 1367 1857 recte
1401 1813 1669 1857 coniiciendi
1711 1814 1764 1857 de
1807 1818 1957 1857 mente

86 1888 379 1945 legislatoris,
413 1888 501 1931 nisi
536 1902 589 1932 ex
622 1889 851 1932 adiunctis
885 1888 1011 1931 aliud
1046 1892 1235 1931 constet.
1287 1888 1357 1931 Sic
1392 1902 1567 1943 semper
1590 1888 1856 1943 excipienda
1889 1893 1957 1931 est

83 1964 279 2006 nzczfericz
314 1963 548 2006 iustitiae:
596 1963 671 2017 qui
720 1962 839 2005 enim
890 1976 943 2005 ex
991 1962 1197 2017 pluribus
1243 1962 1601 2017 obligationibus
1645 1963 1779 2006 alteri
1825 1962 1955 2005 debet

81 2043 280 2092 centum,
320 2051 410 2081 non
451 2038 694 2092 satisfacit,
730 2037 766 2080 si
800 2038 936 2080 semel
972 2037 1050 2080 dat
1084 2042 1280 2091 centum,
1323 2036 1428 2091 quia
1469 2036 1516 2079 in
1551 2036 1715 2080 debitis
1748 2036 1956 2079 iustitiae

85 2111 345 2156 attenditur
377 2111 630 2165 aequalitas
663 2111 727 2154 rei
761 2112 818 2154 ad
850 2124 968 2164 rem;
1005 2112 1081 2154 sed
1113 2125 1203 2154 non
1236 2115 1386 2166 potest
1410 2124 1501 2154 una
1524 2110 1749 2154 solutione
1773 2114 1953 2153 centum

83 2185 265 2240 aequari
312 2185 514 2229 debitum
560 2186 760 2241 plurium
808 2190 1015 2238 centum;
1056 2185 1156 2229 ideo
1190 2186 1282 2228 alia
1312 2186 1360 2228 in
1393 2185 1464 2228 his
1497 2192 1565 2228 est
1596 2183 1794 2228 intentio
1826 2184 1957 2239 legis-

86 2260 259 2304 latoris
294 2285 348 2289 —
380 2260 499 2304 Item
545 2261 621 2315 qui
664 2264 822 2303 votum
866 2260 1019 2304 emisit
1065 2260 1201 2303 semel
1244 2259 1606 2303 communicandi
1647 2259 1694 2302 in
1740 2259 1951 2302 honorem

86 2334 278 2378 alicuius
311 2334 473 2389 sancti,
521 2335 680 2390 nequit
712 2349 803 2378 una
836 2334 1147 2378 communione
1181 2333 1443 2377 satisfacere
1477 2333 1749 2388 obligationi
1782 2333 1878 2376 voti
1912 2340 1958 2376 et

87 2422 264 2453 annuae
297 2409 638 2464 communionis,
672 2409 780 2452 licet
812 2409 931 2452 idem
967 2408 1027 2451 sit
1061 2408 1298 2462 utriusque
1331 2408 1572 2469 motivum,
1601 2406 1706 2461 quia
1739 2407 1831 2450 alia
1864 2420 1957 2450 cen·

85 2488 210 2527 setur
241 2482 383 2526 fuisse
414 2483 612 2526 intentio
646 2484 868 2538 voventis,
914 2487 1231 2538 praeterquam
1276 2482 1394 2536 quod
1438 2495 1553 2524 novo
1594 2481 1830 2536 religionis
1862 2480 1955 2522 vin-

87 2558 187 2600 culo
219 2571 265 2601 se
288 2557 491 2613 obligare
513 2557 786 2601 intendisset
820 2559 878 2601 ad
901 2557 1261 2600 communionem
1298 2556 1570 2611 paschalem.
1596 2581 1648 2585 ——
1673 2556 1710 2598 E
1733 2554 1959 2598 contrario

88 2632 227 2675 missa
260 2632 332 2675 die
364 2633 405 2675 2.
438 2631 708 2679 novembris,
754 2646 867 2686 quae
912 2632 1102 2675 dicenda
1145 2636 1214 2675 est
1258 2644 1337 2686 pro
1372 2629 1599 2673 defunctis
1633 2642 1687 2672 ex
1720 2632 1958 2684 praecepto

86 2706 297 2750 ecclesiae
333 2707 406 2759 (ex
438 2706 610 2750 motivo
642 2705 915 2761 religionis),
950 2706 1038 2749 dici
1072 2705 1211 2749 etiam
1245 2709 1397 2760 potest
1420 2717 1498 2759 pro
1524 2703 1752 2759 stipendio
1775 2707 1957 2758 accepto

86 2781 158 2834 (ex
189 2780 410 2836 iustitia),
444 2780 550 2834 quia
582 2783 760 2823 constat
795 2780 1106 2835 legislatorem
1139 2779 1187 2822 id
1220 2778 1499 2834 permittere.

246 2929 293 2980 2.
357 2927 581 2981 Eodem
639 2930 909 2996 tempore
967 2928 1245 2995 pluribus
1310 2926 1647 2994 praeceptis
1709 2925 1960 2976 satisfieri

91 3024 296 3086 potest:
360 3036 407 3070 a.
470 3018 576 3069 nisi
627 3034 794 3086 opera
852 3024 1150 3086 praecepta
1207 3034 1262 3066 se
1323 3014 1956 3090 invicem-simpediann

97 3106 140 3159 b.
198 3107 304 3156 nisi
357 3105 635 3174 legislator
688 3094 854 3176 opera
908 3106 1126 3157 diverso
1182 3113 1428 3173 tempore
1483 3103 1738 3172 ponenda
1789 3105 1960 3153 inten-
2024 3136 2029 3138 -

93 3194 250 3246 derit.
329 3195 479 3246 Hinc
532 3195 727 3248 eodem
781 3203 1026 3264 tempore
1079 3193 1279 3263 aliquis
1331 3194 1556 3244 missam
1608 3200 1960 3261 praeceptam

95 3284 286 3335 audire
341 3293 394 3334 et
449 3284 610 3336 horas
661 3285 893 3335 recitare
935 3283 1024 3334 vel
1077 3283 1475 3352 poenitentiam
1518 3282 1823 3332 iniunctam
1866 3280 1961 3330 im-

93 3373 242 3442 plere
282 3381 476 3442 potest.

241 3459 324 3503 Cui
356 3474 435 3515 pro
468 3459 751 3515 poenitentia
781 3459 1026 3515 impositae
1059 3463 1168 3502 sunt,
1202 3459 1316 3501 duae
1348 3457 1420 3501 vel
1453 3465 1545 3499 tres
1579 3455 1758 3510 missae,
1794 3468 1867 3498 eas
1891 3454 1961 3498 ab·

96 3535 241 3578 solute
283 3535 439 3578 eodem
471 3537 686 3590 tempore,
737 3534 844 3577 dum
892 3534 1028 3577 simul
1074 3533 1358 3577 celebrantur
1398 3532 1447 3574 in
1480 3530 1685 3585 pluribus
1725 3529 1963 3583 alt-aribus,
