2269 3898
782 104 849 146 De
882 106 1129 157 systemate
1162 103 1335 146 morali.
1905 108 1987 150 251

120 234 582 289 aequiprobabilistae
615 235 795 289 quidem
829 236 877 278 in
910 236 993 279 hac
1025 250 1072 279 re
1105 236 1305 279 eiusdem
1349 240 1457 280 sunt
1497 238 1764 282 sententiae.
1829 241 1992 283 Recen-

115 308 255 353 tiores
291 310 457 363 (Mare,
491 310 667 363 Gande')
705 314 949 353 autumant
983 325 1015 353 s.
1052 311 1277 353 doctorem
1311 311 1700 367 probabilismum,
1744 312 1814 355 cui
1857 313 1991 355 initio

118 384 402 438 adhaeserat,
424 387 583 438 postea
605 396 837 427 revocasse
860 389 906 427 et
929 384 1435 438 aequiprobabilismum
1462 386 1686 438 docuisse3
1712 386 1990 440 antiquiores

117 457 532 513 vero(Ha7²inffe1²p‚
593 457 819 500 Vz‘ndieiae
863 458 1089 513 alphons)
1135 459 1382 513 opinantur
1425 474 1457 505 s.
1492 461 1774 515 Alphonsum
1818 464 1991 503 senten-

118 531 231 574 tiam
267 532 320 574 de
353 531 513 574 morali
546 534 796 585 systemate
827 546 1059 586 nunquam
1095 536 1311 587 mutasse,
1347 534 1422 576 sed
1447 548 1621 588 semper
1655 534 1991 589 aequiprobabi-

116 606 249 648 lismo
282 605 555 659 adhaesisse,
598 604 732 648 initio
777 606 958 659 quidem
1002 605 1228 660 implicite
1271 610 1315 648 et
1360 606 1637 660 dubitanter,
1686 613 1844 662 postea
1886 622 1989 651 vero

120 679 334 734 explicite
381 683 427 722 et
474 680 683 722 fidenter.
750 680 959 734 Plerique
1007 680 1337 734 probabilistae
1386 687 1633 735 praeeunte
1666 683 1902 725 Ballerim'
1945 685 1991 726 et

117 752 207 807 ipsi
241 755 436 799 censent,
472 766 505 795 s.
542 752 769 794 doctorem
821 752 1098 795 sententiam
1149 754 1202 797 de
1250 755 1414 797 morali
1464 759 1713 808 systemate
1759 769 1991 809 nunquam

118 829 334 879 iiiut-asse,
368 827 445 868 sed
468 839 644 881 semper
667 826 927 869 adhaesisse
951 826 1148 881 simplici
1173 828 1510 883 probabilismo,
1544 842 1674 883 quem
1699 830 1746 872 in
1769 830 1990 884 prioribus

117 899 303 954 scriptis
335 900 589 943 luculenter
622 900 809 955 exponit
844 905 980 954 atque
1017 901 1238 956 defendit,
1271 902 1319 944 in
1342 903 1668 957 posterioribus
1692 905 1836 947 solum
1861 918 1992 958 appa-

116 978 269 1016 renter
313 978 552 1028 retractat,
597 987 646 1017 eo
694 975 813 1028 quod
855 976 1054 1017 formula
1097 975 1577 1030 aequiprobabilistica
1622 991 1721 1020 eum
1766 978 1992 1033 proponit.

267 1122 390 1177 226.
436 1121 710 1188 systema
752 1138 797 1178 S.
841 1123 1143 1191 Alphonsi
1185 1140 1217 1176 a
1246 1125 1509 1192 simplici
1550 1126 1984 1192 probabilismo

118 1227 228 1266 nec
267 1212 601 1265 theoretice
643 1227 752 1266 nec
793 1214 1057 1280 practice
1102 1213 1327 1267 differt.

268 1322 316 1353 a.
378 1302 741 1370 Principium,
798 1305 853 1353 in
910 1321 1015 1371 quo
1057 1303 1283 1354 tandem
1326 1313 1569 1372 systema
1609 1305 1993 1373 probabilismi

116 1400 291 1443 totum
336 1393 618 1442 innititur:
676 1391 768 1442 lex
810 1391 979 1443 dubia
1021 1410 1131 1443 non
1174 1392 1386 1461 obligat
1426 1393 1513 1444 vel
1555 1411 1664 1444 non
1706 1403 1786 1444 est
1825 1396 1993 1462 impo-

117 1482 302 1533 nenda
338 1481 616 1548 obligatio,
661 1483 767 1532 nisi
811 1482 877 1532 de
920 1500 984 1532 ea
1026 1490 1171 1533 certo
1217 1491 1443 1543 constet,
1489 1491 1566 1533 est
1607 1485 1786 1551 ipsum
1830 1492 1992 1552 syste-

119 1572 279 1622 matis
321 1570 669 1639 alphonsiani
712 1571 1066 1638 principium,
1123 1571 1269 1639 quod
1313 1564 1533 1622 sanctus
1574 1573 1660 1622 vir
1713 1574 1769 1623 in
1823 1580 1994 1640 poste-

116 1659 355 1710 rioribus
410 1661 627 1727 scriptis
681 1678 857 1728 aeque
899 1668 1063 1728 atque
1123 1661 1177 1710 in
1236 1661 1510 1729 prioribus
1572 1679 1770 1729 magno
1815 1661 1993 1712 studio

118 1749 408 1800 confirmat
460 1768 524 1799 ac
578 1757 786 1813 tuetur3
832 1751 984 1818 atqui
1028 1768 1094 1799 ex
1139 1749 1243 1800 hoc
1286 1751 1561 1819 principio
1605 1750 1838 1802 formula
1878 1769 1995 1819 pro-

116 1837 400 1890 babilismi
443 1847 589 1888 recte
631 1838 768 1901 fluit,
813 1838 1128 1889 nullatenus
1170 1856 1301 1889 vero
1352 1838 1586 1889 formula
1638 1839 1995 1908 aequiproba·

118 1927 374 1979 bilistica.

268 2016 312 2069 b.
357 2016 412 2068 Si
458 2016 657 2067 deinde
689 2016 878 2066 docet:
937 2034 1045 2067 non
1087 2016 1216 2067 licet
1258 2019 1410 2086 sequi
1454 2018 1769 2085 opinionem
1815 2018 1995 2068 minus

117 2105 478 2174 probabilem,
522 2107 566 2156 si
609 2107 793 2174 opinio
836 2124 933 2175 pro
975 2105 1094 2173 lege
1137 2114 1216 2156 est
1263 2115 1396 2156 certe
1438 2114 1490 2156 et
1530 2106 1837 2157 notabiliter
1872 2126 1994 2176 pro-

119 2195 363 2258 babilior,
424 2194 529 2245 hac
577 2194 812 2246 formula
854 2194 993 2245 nihil
1033 2194 1185 2246 aliud
1228 2193 1346 2245 vult
1387 2202 1550 2264 atque
1593 2195 1844 2260 intendit,
1889 2196 1994 2246 nisi

117 2292 177 2335 ut
218 2284 547 2335 excludatur
586 2302 717 2334 usus
758 2285 1034 2352 opinionis
1075 2285 1313 2334 tenuiter
1353 2283 1441 2334 vel
1470 2283 1636 2335 dubie
1664 2283 1993 2352 probabilis3

118 2374 389 2442 siquidem
426 2373 571 2425 hanc
598 2373 768 2424 solam
797 2374 956 2424 affert
983 2374 1269 2438 rationem,
1300 2373 1368 2424 ob
1397 2392 1561 2442 quam
1592 2373 1649 2424 id
1680 2392 1787 2424 non
1816 2373 1994 2437 liceat,

118 2464 249 2531 quia
291 2471 436 2513 certe
479 2471 531 2513 et
572 2461 890 2514 notabiliter
931 2461 1271 2531 probabilior
1325 2471 1492 2526 (certe
1547 2462 1886 2530 probabilior
1927 2481 1995 2512 ex

117 2553 234 2603 eius
264 2560 446 2603 mente
477 2570 691 2620 semper
721 2560 799 2602 est
842 2551 1161 2603 notabiliter
1201 2550 1560 2620 probabilior)
1605 2559 1686 2602 est
1717 2550 1996 2602 moraliter

117 2640 207 2691 vel
250 2643 406 2710 quasi
448 2641 728 2692 moraliter
769 2650 939 2708 certa,
982 2649 1035 2692 et
1076 2643 1206 2710 quia
1249 2642 1430 2691 minus
1471 2640 1774 2709 probabilis
1816 2640 1994 2691 eidem

119 2732 371 2799 opposita
413 2748 522 2781 non
565 2739 644 2781 est
686 2749 815 2781 vere
856 2729 1190 2799 probabilis3
1235 2732 1342 2780 iam
1373 2748 1502 2780 Vero
1533 2731 1698 2780 etiam
1740 2728 1994 2798 probabi-

116 2820 274 2871 listae
316 2818 613 2888 prohibent
641 2822 793 2889 sequi
822 2822 1139 2888 opinionem
1167 2821 1350 2870 minus
1378 2818 1740 2887 probabilem,
1785 2820 1827 2868 si
1858 2817 1994 2869 haec

118 2926 229 2959 non
272 2909 340 2959 sit
381 2926 510 2959 vere
564 2908 885 2978 probabilis,
943 2917 995 2960 et
1048 2909 1247 2960 docent
1301 2907 1638 2977 sequendam
1694 2925 1810 2958 esse
1852 2915 1995 2957 certe

118 2996 568 3066 probabiliorem,
623 2999 667 3047 si
723 2997 1002 3048 moraliter
1060 3005 1207 3048 certa
1264 2998 1358 3055 sit;
1411 3014 1537 3064 ergo
1594 2997 1711 3047 eius
1763 2995 1997 3046 formula

120 3085 296 3136 solum
338 3086 524 3137 verbis
567 3105 598 3136 a
639 3085 1035 3155 probabilismo
1079 3086 1278 3138 differt.

270 3196 307 3228 c.
350 3174 407 3227 Si
451 3194 488 3226 S.
530 3174 803 3244 Alphonsi
848 3185 1089 3243 systema
1126 3193 1158 3225 a
1194 3172 1589 3243 probabilismo
1633 3172 1995 3224 essentialiter

121 3265 380 3329 differret,
435 3282 544 3315 non
588 3264 762 3315 solum
803 3263 1263 3333 probabilismum
1323 3270 1486 3314 antea
1538 3262 1803 3313 traditum
1844 3279 1997 3311 revo-

119 3372 261 3420 care,
305 3353 399 3404 sed
427 3354 777 3422 potissimum
806 3351 1139 3421 theologiam
1171 3351 1434 3403 moralem
1475 3351 1545 3402 ad
1587 3368 1836 3401 normam
1864 3351 1995 3400 novi

119 3445 431 3512 systematis
459 3444 752 3493 immutare
783 3442 1091 3493 debuisset:
1138 3448 1466 3492 exaraverat
1495 3441 1639 3490 enim
1663 3437 1995 3505 theologiam
