2269 3898
306 87 395 132 290
1034 85 1111 129 VI.
1145 86 1212 129 De
1243 86 1455 141 peccatis.

305 239 474 298 quare
532 221 839 289 theologice
900 228 1128 288 peccata
1207 219 1625 286 distinguuntur
1701 201 1759 271 in
1819 221 2070 273 mortalia
2129 230 2183 273 et

302 313 553 383 venialia.
592 308 975 362 Essentialiter
1016 308 1238 359 diversa
1278 308 1416 359 haec
1458 317 1688 377 peccata
1731 309 2008 378 dicuntur,
2052 312 2183 380 quia

304 413 529 477 peccato
571 398 788 452 mortali
831 399 1093 448 convenit
1133 397 1359 463 malitia,
1413 416 1555 468 quae
1609 400 1666 449 in
1706 412 1933 467 peccato
1975 401 2183 452 veniali

305 514 415 547 non
454 491 755 560 reperitur:
799 486 946 538 illius
975 488 1123 538 enim
1165 486 1376 538 malitia
1418 489 1471 538 in
1518 488 1806 539 aversione
1847 507 1879 539 a
1905 489 2025 541 Deo
2056 508 2181 541 con—

304 584 461 648 sistit,
507 597 648 649 quae
691 596 800 629 non
841 578 984 628 inest
1025 584 1253 645 peccato
1297 576 1519 630 veniali.

452 667 729 722 Theologica
745 667 856 710 haec
879 665 1117 708 distinctio
1135 669 1442 721 nuncupatur,
1461 666 1568 721 quia
1585 666 1731 709 oritur
1747 681 1802 711 ex
1820 668 2182 713 consideratione

302 745 491 803 peccati,
525 757 614 799 qua
645 743 728 785 hoc
760 742 818 785 ad
851 741 997 784 Deum
1030 742 1246 783 refertur:
1290 753 1369 795 per
1400 746 1636 795 peccatum
1670 741 1790 784 enim
1825 743 2018 785 mortale
2048 742 2181 786 homo

302 837 329 865 a
362 822 454 864 Deo
487 818 730 871 avertitur,
777 829 857 871 per
902 819 1138 870 peccatum
1188 818 1343 858 autem
1391 815 1569 859 veniale
1616 830 1643 859 a
1689 816 1783 859 Deo
1815 804 1904 859 non
1937 816 2179 862 avertitur.

303 896 450 950 Quare
481 895 592 937 haec
625 894 712 935 duo
745 894 932 946 peccata
965 894 1064 932 toto
1099 902 1263 963 genere
1295 889 1351 932 ab
1383 889 1579 932 invicem
1615 889 1849 934 differunt.
2001 894 2004 898 '

451 986 499 1036 2.
542 985 839 1034 Peccatum
882 978 1111 1030 mortale
1151 965 1329 1046 legem
1372 980 1623 1030 divinam
1678 980 2081 1049 transgreditur
2121 983 2179 1033 in

297 1097 354 1127 re
393 1076 561 1144 qwavi,
605 1078 894 1141 peccatum
954 1068 1170 1119 veniale
1223 1087 1345 1119 eam
1399 1068 1804 1136 transgreditur
1854 1071 1909 1121 in
1966 1090 2022 1120 oe
2064 1069 2178 1122 levi.

449 1192 490 1219 a.
522 1178 618 1220 Lex
643 1174 800 1217 divina
824 1186 873 1216 eo
896 1172 1064 1226 tendit,
1096 1176 1150 1214 ut
1174 1176 1380 1215 servetur
1403 1172 1743 1236 Qmoralis.
1791 1172 1862 1214 Ad
1895 1173 2177 1216 huncfinem

299 1252 597 1296 obtinendum
631 1251 704 1292 lex
736 1262 827 1292 non
860 1261 912 1290 ea
944 1254 1128 1298 tantum
1163 1247 1325 1301 exigit,
1367 1247 1464 1290 sine
1497 1247 1660 1301 quibus
1692 1247 2038 1301 perturbaretur
2070 1248 2178 1291 ordo

299 1327 499 1380 moralis,
548 1326 624 1368 sed
673 1337 726 1367 ea
773 1335 963 1378 quoque,
1012 1336 1126 1376 quae
1169 1323 1227 1365 ad
1268 1321 1364 1364 eius
1408 1321 1732 1376 perfectionem
1766 1322 2013 1376 pertinent.
2077 1322 2177 1366 Vio-

297 1403 411 1447 latio
444 1401 576 1457 legiS,
620 1412 734 1454 quae
781 1399 838 1441 ad
872 1397 1142 1441 servandam
1176 1396 1421 1439 essentiam
1456 1395 1628 1438 ordinis
1659 1395 1914 1439 necessaria
1955 1401 2040 1451 est,
2082 1410 2178 1452 pec-

297 1482 451 1521 catum
496 1476 689 1519 mortale
737 1473 1005 1524 constituit;
1051 1472 1243 1515 violatio
1286 1472 1418 1526 legiS,
1463 1485 1552 1526 qua
1593 1471 1776 1526 integro
1818 1476 2031 1515 manente
2076 1472 2175 1527 ipso

297 1552 454 1595 ordine
487 1549 647 1593 morali
682 1549 777 1592 sola
809 1548 905 1591 eius
938 1547 1157 1609 perfectio
1191 1548 1406 1601 laeditur,
1440 1550 1674 1600 peccatum
1706 1546 1884 1589 veniale
1917 1547 2175 1590 constituit.

448 1627 484 1668 h.
518 1625 629 1668 Cum
665 1624 771 1666 ordo
804 1623 989 1666 moralis
1021 1609 1170 1665 tribus
1192 1621 1492 1665 relationibus
1517 1620 1838 1664 essentialibus
1863 1626 2175 1677 componatur,

296 1701 460 1756 quibus
501 1701 634 1742 homo
666 1700 865 1741 refertur
906 1698 964 1740 ad
997 1698 1159 1751 Deum,
1208 1697 1265 1739 ad
1315 1695 1513 1750 seipsum
1564 1699 1610 1738 et
1657 1696 1715 1738 ad
1764 1696 1878 1739 alias
1927 1701 2174 1751 creaturas,

295 1777 369 1819 lex
403 1774 560 1817 divina
592 1772 842 1816 necessario
875 1771 1085 1826 prohibet
1118 1784 1183 1825 ea,
1229 1784 1358 1825 quae,
1408 1770 1445 1813 si
1478 1769 1608 1812 licita
1641 1774 1806 1824 essent,
1857 1770 2173 1814 subverterent

294 1848 493 1892 hominis
525 1847 794 1891 relationem
828 1846 1117 1890 essentialem
1141 1846 1198 1889 ad
1222 1846 1383 1899 Deum,
1415 1848 1467 1887 ut
1493 1848 1561 1887 est
1586 1843 1884 1898 blasphemia,
1906 1845 2173 1900 periurium,

292 1923 599 1978 sacrilegium,
642 1922 714 1964 vel
746 1921 1016 1978 relationem
1051 1920 1339 1964 essentialem
1388 1920 1445 1962 ad
1496 1919 1710 1973 seipsum,
1750 1922 1803 1961 ut
1849 1923 1919 1963 est
1962 1918 2172 1984 ebrietas,

294 1997 528 2052 mollities,
560 1997 632 2039 vel
666 1996 933 2039 relationem
968 1995 1256 2038 essentialem
1291 1995 1348 2037 ad
1382 1994 1497 2037 alias
1531 1996 1779 2048 creaturas,
1822 1998 1877 2037 ut
1921 1997 1990 2037 est
2033 1994 2172 2037 homi-

289 2073 474 2127 cidium,
505 2073 700 2126 furtum,
732 2070 1025 2114 adulterium,

439 2162 474 2191 c.
508 2145 733 2190 Perfectio
761 2145 933 2188 ordinis
959 2145 1143 2188 moralis
1177 2143 1338 2199 exigit,
1370 2148 1423 2186 ut
1458 2158 1611 2187 omnes
1644 2144 1841 2188 hominis
1874 2143 2076 2187 actiones
2109 2157 2172 2187 or-

295 2223 481 2265 dinatae
514 2221 608 2263 sint
639 2221 697 2263 ad
731 2220 876 2262 Deum
910 2221 1048 2262 finem
1081 2218 1320 2270 ultimum;
1356 2218 1557 2261 actiones
1590 2232 1711 2274 ergo,
1745 2231 1859 2273 quae
1881 2217 2170 2261 essentialem

293 2297 497 2341 ordinem
531 2310 621 2339 non
653 2299 940 2351 pervertunt,
975 2295 1053 2338 sed
1089 2308 1179 2338 non
1211 2295 1270 2337 ad
1302 2294 1448 2337 Deum
1484 2294 1722 2337 ordinatae
1755 2298 1877 2349 sunt,
1910 2297 2045 2337 erunt
2077 2307 2172 2350 pec·

293 2378 396 2415 cata
427 2371 640 2415 venialia.
703 2370 846 2424 Atqui
879 2369 1126 2425 tripliciter
1158 2369 1258 2413 fieri
1291 2372 1457 2424 potest,
1490 2373 1544 2412 ut
1577 2368 1697 2412 actio
1729 2369 1883 2423 aliqua
1914 2369 2088 2419 nullam
2111 2368 2170 2412 ad

293 2447 439 2490 Deum
472 2445 739 2489 relationem
773 2444 954 2499 habeat,
990 2444 1100 2498 quin
1140 2448 1296 2487 tamen
1344 2443 1547 2486 ordinem
1597 2444 1813 2486 moralem
1863 2443 2171 2487 essentialiter

291 2521 550 2576 perturbet:
587 2534 644 2562 ea·
676 2520 772 2576 ipso
806 2519 988 2571 obiecto,
1022 2519 1140 2573 quod
1172 2523 1340 2561 natura
1373 2531 1455 2560 sua
1488 2517 1710 2560 eiusmodi
1744 2522 1827 2572 est,
1867 2521 1920 2560 ut
1964 2518 2167 2560 ordinem

292 2595 553 2639 subvertere
573 2609 664 2637 non
687 2594 846 2650 possit,
879 2598 931 2637 ut
955 2593 1241 2637 mendacium
1264 2606 1354 2635 non
1375 2592 1605 2648 nocivum,
1638 2592 1901 2636 voluntaria
1930 2591 2169 2636 distractio

287 2671 336 2713 in
369 2670 592 2722 oratione,
629 2668 1232 2729 {QsparL'itassplatel'ia65
1265 2667 1534 2722 quandoque
1567 2666 1687 2710 enim
1722 2666 1856 2721 actio,
1890 2680 2004 2721 quae
2036 2680 2090 2710 ex
2122 2679 2170 2710 se

291 2745 494 2787 ordinem
528 2732 745 2787 moralem
780 2743 1077 2797 subverteret,
1111 2745 1168 2784 ad
1192 2754 1293 2784 eum
1318 2741 1674 2784 subvertendum
1699 2746 1810 2796 apta
1831 2754 1921 2783 non
1944 2744 2027 2795 est,
2061 2739 2168 2795 quia

290 2820 408 2862 circa
430 2832 522 2861 rem
547 2818 676 2873 parvi
701 2817 919 2861 momenti
943 2821 1166 2871 versatur,
1198 2820 1252 2859 ut
1273 2817 1451 2858 furtum
1476 2815 1714 2870 exiguum3
1749 2829 1807 2857 ea·
1828 2815 2170 2871 ῐιηρενζεεΐὶοηε
2184 2821 2250 2851 ff

288 2895 442 2936 aetus:
487 2893 743 2942 etenim-ut
775 2892 894 2935 actio
938 2891 1123 2934 moralis
1171 2891 1370 2934 ordinem
1421 2890 1673 2945 perturbet,
1722 2890 1922 2944 perfecte
1968 2889 2169 2932 humana
2190 2878 2269 2954 vj&

284 2981 382 3012 esse
414 2968 560 3011 debet.
2176 2969 2269 3012 Ceu·

436 3042 478 3085 cl.
521 3043 643 3097 Ergo
691 3054 793 3084 vere
843 3041 1011 3083 dicitur
1058 3041 1144 3083 dno
1192 3054 1291 3083 esse
1335 3052 1507 3095 yellel‘a
1561 3042 1847 3094 peccatorum
1897 3038 2167 3081 venialium:

286 3132 328 3160 α.
362 3117 453 3160 alia
487 3116 686 3160 venialia
718 3122 825 3159 sunt
857 3117 1037 3158 ratione
1070 3115 1325 3169 materiaeg
1377 3115 1415 3163 β.
1449 3115 1541 3157 alia
1586 3113 1785 3157 venialia
1832 3117 1939 3156 sunt
1987 3114 2167 3156 ratione

288 3191 643 3248 z‘ttffletfeclz'oltl's
676 3193 816 3233 actus.
880 3190 1033 3233 Priore
1066 3202 1229 3245 genere
1262 3188 1710 3243 comprehenduntur
1742 3190 1941 3242 peccata,
1975 3200 2089 3241 quae
2111 3199 2165 3229 ex

287 3265 387 3320 ipso
420 3265 592 3308 obiecto
628 3268 674 3307 et
707 3278 819 3318 quae
853 3278 906 3306 ex
938 3264 1171 3318 parvitate
1204 3263 1423 3306 materiae
1457 3263 1657 3306 venialia
1690 3266 1812 3305 sunt.

436 3355 485 3407 3.
533 3353 673 3406 Cum
716 3353 918 3424 offensa
958 3358 1012 3405 in
1066 3373 1127 3405 eo
1179 3356 1456 3420 consistat,
1515 3353 1660 3423 quod
1716 3351 1927 3421 aliquid
1968 3358 2163 3419 agatur

288 3455 479 3496 contra
519 3443 745 3495 alterius
787 3442 1144 3510 voluntatem,
1189 3452 1241 3493 et
1280 3445 1486 3495 iniuria
1527 3444 1584 3493 in
1626 3461 1726 3509 eo,¹
1764 3440 1911 3511 quod
1952 3438 2165 3510 aliquid
