2269 3898
764 178 831 220 De
863 177 1062 221 subiecto
1095 177 1224 232 legis.
1844 178 1926 220 137

216 311 340 365 119.
397 310 741 365 Subiectum
794 311 948 377 legis
999 311 1061 363 ill
1122 312 1338 378 specie.
1423 313 1468 363 1.
1513 312 1644 382 Lege
1691 311 1933 363 naturali

60 409 319 453 tenentur
354 419 542 452 omnes
584 399 850 465 homineS,
895 408 947 450 et
984 401 1207 469 quidem
1252 402 1344 470 qui
1386 402 1613 452 rationis
1655 409 1932 469 compotes

63 501 205 555 sunt,
260 489 566 553 actualiter,
612 490 704 558 qui
760 491 989 540 rationis
1047 498 1324 558 compotes
1378 508 1488 541 non
1542 498 1684 556 sunt,
1740 489 1928 541 saltem

64 578 445 631 habitualiter:
505 577 594 629 lex
649 587 878 629 naturae
921 579 1066 629 enim
1110 578 1220 629 lata
1262 587 1341 629 est
1382 579 1637 630 omnibus
1678 586 1930 629 naturam

64 667 385 720 rationalem
429 666 765 718 habentibus
807 676 859 717 et
900 669 1017 736 ipso
1059 667 1268 718 lumine
1308 669 1537 719 rationis
1579 669 1656 719 eis
1698 667 1931 736 promul-

61 766 252 826 gatum
305 759 398 826 qui
441 774 567 824 ergo
610 755 882 807 actualem
929 775 1085 807 usum
1127 757 1354 807 rationis
1397 756 1620 822 habent,
1664 765 1789 807 actu
1830 756 1934 807 hac

62 846 182 915 lege
236 845 579 912 obligantur3
638 846 731 914 qui
790 845 962 896 solum
1020 846 1265 914 potentia
1305 847 1515 896 ratione
1558 853 1801 908 utuntur,
1845 844 1934 895 ha-

65 928 733 1002 bitualiter'obligantur.
813 934 944 986 Ideo
1002 943 1186 986 autem
1234 934 1325 985 lex
1366 942 1596 986 naturae
1640 937 1804 985 etiam
1847 952 1936 984 eos

65 1024 289 1092 obligat,
334 1025 427 1093 qui
470 1042 571 1074 usu
613 1025 839 1075 rationis
882 1034 1084 1086 carent,
1139 1026 1268 1094 quia
1316 1024 1406 1074 lex
1449 1025 1552 1075 ista
1593 1023 1825 1074 refertur
1866 1022 1934 1074 ad

65 1133 145 1183 eaj
190 1132 330 1183 quae
357 1131 455 1182 per
484 1131 539 1164 se
570 1121 621 1164 et
648 1115 956 1164 necessario
997 1115 1337 1185 conveniunt
1379 1112 1466 1163 vel
1509 1113 1938 1164 disconveniunt

67 1222 192 1255 cum
221 1211 418 1255 natura
445 1203 701 1253 rationali
726 1223 735 1267 ς
781 1221 948 1272 quare
979 1202 1204 1254 violatio
1246 1202 1382 1271 legis
1424 1209 1653 1253 naturae
1680 1200 1937 1252 omnibus

67 1302 318 1344 naturam
363 1290 688 1343 rationalem
732 1289 1068 1343 habentibus
1111 1292 1539 1343 disconveniens
1581 1299 1675 1344 est.

220 1405 341 1458 Ergo
375 1417 464 1446 non
496 1404 603 1446 licet
637 1403 828 1446 incitare
861 1416 1022 1457 pueros
1056 1407 1138 1446 aut
1170 1408 1388 1457 perpetuo
1423 1407 1625 1446 amentes
1659 1402 1716 1445 ad
1750 1401 1938 1455 aliquid,

73 1479 193 1533 quod
226 1479 325 1533 lege
359 1478 561 1521 naturali
596 1477 875 1532 prohibitum
911 1480 978 1520 est
1013 1490 1047 1520 e.
1073 1490 1116 1531 g.
1141 1477 1198 1519 ad
1222 1476 1566 1531 blasphemiam,
1599 1475 1938 1530 impudicitiam

72 1558 176 1608 etc.,
209 1566 313 1596 nam
349 1553 485 1595 etiam
512 1551 654 1607 pueri,
679 1556 867 1606 agentes
900 1556 1056 1594 contra
1087 1552 1233 1606 legem
1267 1555 1474 1605 naturae,
1508 1550 1815 1593 materialiter
1847 1562 1940 1603 pec-

71 1632 191 1671 cant.
255 1627 340 1670 Ille
372 1640 492 1681 vero,
540 1626 616 1680 qui
659 1639 848 1680 puerum
898 1626 953 1668 ad
1003 1625 1264 1668 violandam
1314 1625 1460 1679 legem
1509 1628 1702 1667 naturae
1749 1623 1939 1668 inducit

66 1706 230 1757 utpote
262 1701 527 1745 violationis
578 1715 713 1744 causa
756 1700 1036 1755 principalis,
1079 1700 1350 1757 formaliter
1397 1703 1565 1754 peccat.
1629 1697 1941 1752 Cumprimum

67 1778 195 1833 pueri
227 1791 359 1820 usum
393 1776 585 1820 rationis
619 1775 805 1829 habent,
838 1774 1229 1829 transgredientes
1276 1775 1419 1828 legem
1453 1778 1645 1816 naturae
1688 1771 1943 1815 formaliter

68 1856 271 1907 peccant.

216 1957 265 2010 2.
310 1956 441 2025 Leqe
473 1955 709 2025 positiva
749 1954 948 2016 divina,
1006 1970 1146 2022 quae
1188 1971 1219 2002 a
1262 1950 1478 2003 Christo
1529 1950 1657 2002 data
1714 1957 1795 2001 est
1843 1967 1939 2019 pro

67 2047 324 2099 omnibus
365 2043 700 2110 hominibus,
745 2061 950 2109 omnes,
993 2042 1112 2111 lege
1142 2049 1343 2107 autem,
1387 2059 1528 2110 quae
1569 2039 1681 2090 lata
1722 2048 1802 2091 est
1842 2057 1939 2108 pro

70 2135 344 2200 fidelibus,
388 2134 486 2185 soli
531 2125 1031 2203 fidelesffitur,
1077 2149 1201 2182 cum
1239 2133 1480 2199 primum
1510 2130 1739 2181 rationis
1780 2146 1938 2180 usum

69 2226 257 2295 adepti
300 2233 442 2280 sunt.
498 2224 629 2276 Ideo
673 2241 862 2274 omnes
907 2230 1162 2273 tenentur
1202 2219 1495 2272 ecclesiam
1538 2217 1771 2287 ingredi7
1814 2217 1943 2286 bap·

70 2317 296 2367 tismum
339 2315 631 2382 suscipere,
675 2319 731 2363 at
771 2330 878 2363 non
908 2319 1163 2362 tenentur
1193 2309 1441 2361 confiteri
1472 2317 1524 2360 et
1552 2308 1943 2360 eucharistiam

73 2406 353 2472 suscipere
396 2404 501 2454 nisi
543 2400 747 2453 fideles.

222 2515 267 2558 Si
301 2528 413 2569 quae
446 2527 551 2568 ergo
597 2517 704 2556 sunt
747 2513 870 2567 leges
916 2510 1112 2565 divinae,
1157 2523 1271 2565 quae
1313 2509 1458 2553 aetati
1499 2507 1663 2563 puerili
1709 2507 1800 2550 iam
1848 2520 1943 2549 con-

70 2590 273 2643 veniant,
307 2589 364 2632 ad
397 2601 470 2631 eas
503 2588 747 2631 servandas
781 2586 908 2642 pueri
941 2590 1185 2637 tenentum
1231 2584 1294 2627 sic
1336 2583 1463 2639 pueri
1497 2595 1698 2637 quoque,
1742 2581 1817 2635 qui
1851 2593 1945 2635 pec-

71 2668 224 2708 catum
258 2663 450 2705 mortale
482 2662 780 2715 admiserunt,
829 2660 1035 2704 confiteri
1070 2664 1115 2704 et
1148 2660 1195 2702 in
1229 2662 1373 2701 morte
1407 2670 1559 2701 omnes
1592 2656 1813 2699 viaticum
1849 2668 1939 2698 sus-

73 2739 221 2794 cipere
254 2742 481 2782 tenentur.

225 2843 274 2896 3.
314 2842 445 2910 Leye
485 2841 713 2891 humana
766 2846 1023 2889 tenentur
1079 2856 1268 2889 omnes
1323 2845 1376 2888 et
1428 2835 1526 2887 soli
1581 2834 1807 2901 subditi,
1852 2834 1946 2903 qui

77 2929 434 2983 habitualiter
475 2930 704 2980 rationis
734 2935 1013 2997 compotes
1057 2936 1199 2979 sunt.
1254 2927 1413 2978 Ratio
1447 2925 1646 2995 primi:
1687 2922 1787 2975 soli
1824 2921 1944 2973 sub-

79 3021 180 3073 diti
221 3018 436 3088 legibus
477 3037 508 3069 a
550 3018 833 3087 superiore
866 3016 992 3068 latis
1026 3015 1187 3085 ligari
1217 3022 1462 3085 possunt.
1531 3014 1691 3065 Ratio
1732 3010 1949 3063 secundi

78 3118 174 3177 est,
219 3110 349 3178 quia
388 3108 525 3177 legis
566 3109 840 3176 positivae
882 3114 963 3158 est
1003 3107 1249 3157 actiones
1291 3104 1639 3156 subditorum
1681 3103 1738 3152 in
1779 3101 1947 3151 finem

81 3198 492 3250 communitatis
535 3197 803 3265 dirigere3
859 3195 954 3247 sed
1008 3196 1251 3247 actiones
1301 3212 1506 3260 eorum,
1566 3193 1659 3261 qui
1701 3189 1947 3242 nondum

82 3296 208 3340 sunt
248 3287 477 3338 rationis
520 3293 814 3354 compotes,
858 3285 1022 3353 dirigi
1065 3302 1174 3335 non
1216 3291 1462 3352 possunt.

232 3407 273 3435 α.
306 3391 521 3434 Infideles
555 3403 632 3434 seu
662 3403 753 3433 non
785 3388 1012 3444 baptizati
1035 3402 1125 3431 non
1147 3391 1363 3430 tenentur
1384 3385 1562 3441 legibus
1585 3382 1811 3433 ecclesiae,
1844 3381 1949 3436 quia

83 3480 174 3510 non
207 3469 313 3509 sunt
346 3464 556 3509 ecclesiae
589 3463 785 3513 subditi;
819 3462 920 3505 ideo
953 3475 1032 3517 per
1065 3475 1110 3505 se
1141 3461 1248 3504 licet
1283 3460 1439 3503 diebus
1470 3457 1603 3501 festis
1627 3456 1690 3499 eis
1711 3454 1949 3510 iniungere

85 3554 219 3595 opera
252 3539 448 3583 servilia.
