<?xml version="1.0" encoding="UTF-8"?>
<!DOCTYPE html PUBLIC "-//W3C//DTD XHTML 1.0 Transitional//EN"
    "http://www.w3.org/TR/xhtml1/DTD/xhtml1-transitional.dtd">
<html xmlns="http://www.w3.org/1999/xhtml" xml:lang="en" lang="en">
 <head>
  <title>
</title>
<meta http-equiv="Content-Type" content="text/html;charset=utf-8" />
  <meta name='ocr-system' content='tesseract 3.04.00' />
  <meta name='ocr-capabilities' content='ocr_page ocr_carea ocr_par ocr_line ocrx_word'/>
</head>
<body>
  <div class='ocr_page' id='page_1' title='image "./summatheologiaem00nold_0383.png"; bbox 0 0 2269 3898; ppageno 0'>
   <div class='ocr_carea' id='block_1_1' title="bbox 757 115 1992 159">
    <p class='ocr_par' dir='ltr' id='par_1_1' title="bbox 757 115 1992 159">
     <span class='ocr_line' id='line_1_1' title="bbox 757 115 1992 159; baseline 0 -1"><span class='ocrx_word' id='word_1_1' title='bbox 757 117 824 159; x_wconf 90' lang='lat' dir='ltr'>De</span> <span class='ocrx_word' id='word_1_2' title='bbox 856 120 1022 159; x_wconf 88' lang='lat' dir='ltr'>natura</span> <span class='ocrx_word' id='word_1_3' title='bbox 1054 115 1350 158; x_wconf 79' lang='lat' dir='ltr'>matrimonii.</span> <span class='ocrx_word' id='word_1_4' title='bbox 1938 116 1992 158; x_wconf 75' lang='lat'>15</span> 
     </span>
    </p>
   </div>
   <div class='ocr_carea' id='block_1_2' title="bbox 121 246 1997 673">
    <p class='ocr_par' dir='ltr' id='par_1_2' title="bbox 121 246 1997 673">
     <span class='ocr_line' id='line_1_2' title="bbox 274 246 1993 303; baseline -0.001 -11"><span class='ocrx_word' id='word_1_5' title='bbox 274 264 314 292; x_wconf 82' lang='lat' dir='ltr'>a.</span> <span class='ocrx_word' id='word_1_6' title='bbox 348 250 638 293; x_wconf 84' lang='lat' dir='ltr'>Contractum</span> <span class='ocrx_word' id='word_1_7' title='bbox 682 249 1064 292; x_wconf 82' lang='lat' dir='ltr'>matrimonialem</span> <span class='ocrx_word' id='word_1_8' title='bbox 1109 249 1239 303; x_wconf 84' lang='lat' dir='ltr'>signo</span> <span class='ocrx_word' id='word_1_9' title='bbox 1292 253 1477 291; x_wconf 84' lang='lat' dir='ltr'>externo</span> <span class='ocrx_word' id='word_1_10' title='bbox 1529 246 1697 290; x_wconf 85' lang='lat' dir='ltr'>initum</span> <span class='ocrx_word' id='word_1_11' title='bbox 1741 260 1767 289; x_wconf 91' lang='lat' dir='ltr'>a</span> <span class='ocrx_word' id='word_1_12' title='bbox 1814 246 1993 290; x_wconf 86' lang='lat' dir='ltr'>Christo</span> 
     </span>
     <span class='ocr_line' id='line_1_3' title="bbox 121 320 1993 368; baseline -0.003 0"><span class='ocrx_word' id='word_1_13' title='bbox 121 329 327 368; x_wconf 74' lang='lat' dir='ltr'>evectum</span> <span class='ocrx_word' id='word_1_14' title='bbox 362 337 456 367; x_wconf 91' lang='lat' dir='ltr'>esse</span> <span class='ocrx_word' id='word_1_15' title='bbox 489 324 546 367; x_wconf 91' lang='lat' dir='ltr'>ad</span> <span class='ocrx_word' id='word_1_16' title='bbox 571 326 906 366; x_wconf 75' lang='lat' dir='ltr'>sacramentnm</span> <span class='ocrx_word' id='word_1_17' title='bbox 941 328 1121 365; x_wconf 92' lang='lat' dir='ltr'>constat</span> <span class='ocrx_word' id='word_1_18' title='bbox 1151 335 1204 365; x_wconf 75' lang='lat' dir='ltr'>ex</span> <span class='ocrx_word' id='word_1_19' title='bbox 1237 321 1502 365; x_wconf 89' lang='lat' dir='ltr'>definitione</span> <span class='ocrx_word' id='word_1_20' title='bbox 1525 320 1702 364; x_wconf 91' lang='lat' dir='ltr'>concilii</span> <span class='ocrx_word' id='word_1_21' title='bbox 1726 321 1993 363; x_wconf 73' lang='lat' dir='ltr'>tridentini:</span> 
     </span>
     <span class='ocr_line' id='line_1_4' title="bbox 124 395 1993 455; baseline -0.002 -14"><span class='ocrx_word' id='word_1_22' title='bbox 124 398 199 455; x_wconf 77' lang='lat' dir='ltr'>„Si</span> <span class='ocrx_word' id='word_1_23' title='bbox 234 398 333 453; x_wconf 89' lang='lat' dir='ltr'>quis</span> <span class='ocrx_word' id='word_1_24' title='bbox 367 398 536 441; x_wconf 81' lang='lat' dir='ltr'>dixerit</span> <span class='ocrx_word' id='word_1_25' title='bbox 568 397 911 440; x_wconf 82' lang='lat' dir='ltr'>matrimonium</span> <span class='ocrx_word' id='word_1_26' title='bbox 944 410 1034 439; x_wconf 91' lang='lat' dir='ltr'>non</span> <span class='ocrx_word' id='word_1_27' title='bbox 1068 409 1161 439; x_wconf 88' lang='lat' dir='ltr'>esse</span> <span class='ocrx_word' id='word_1_28' title='bbox 1183 409 1286 439; x_wconf 83' lang='lat' dir='ltr'>vere</span> <span class='ocrx_word' id='word_1_29' title='bbox 1309 400 1354 439; x_wconf 95' lang='lat' dir='ltr'>et</span> <span class='ocrx_word' id='word_1_30' title='bbox 1377 395 1557 450; x_wconf 84' lang='lat' dir='ltr'>proprie</span> <span class='ocrx_word' id='word_1_31' title='bbox 1578 409 1720 438; x_wconf 90' lang='lat' dir='ltr'>unum</span> <span class='ocrx_word' id='word_1_32' title='bbox 1745 408 1798 438; x_wconf 82' lang='lat' dir='ltr'>ex</span> <span class='ocrx_word' id='word_1_33' title='bbox 1822 399 1993 450; x_wconf 85' lang='lat' dir='ltr'>septem</span> 
     </span>
     <span class='ocr_line' id='line_1_5' title="bbox 124 469 1997 527; baseline -0.002 -12"><span class='ocrx_word' id='word_1_34' title='bbox 124 473 238 527; x_wconf 84' lang='lat' dir='ltr'>legis</span> <span class='ocrx_word' id='word_1_35' title='bbox 273 471 561 527; x_wconf 78' lang='lat' dir='ltr'>evangelicae</span> <span class='ocrx_word' id='word_1_36' title='bbox 593 470 888 513; x_wconf 83' lang='lat' dir='ltr'>sacramentis</span> <span class='ocrx_word' id='word_1_37' title='bbox 922 484 948 513; x_wconf 91' lang='lat' dir='ltr'>a</span> <span class='ocrx_word' id='word_1_38' title='bbox 989 469 1168 513; x_wconf 88' lang='lat' dir='ltr'>Christo</span> <span class='ocrx_word' id='word_1_39' title='bbox 1213 469 1483 512; x_wconf 88' lang='lat' dir='ltr'>institutum</span> <span class='ocrx_word' id='word_1_40' title='bbox 1525 483 1564 513; x_wconf 82' lang='lat' dir='ltr'>a,</span> <span class='ocrx_word' id='word_1_41' title='bbox 1608 470 1669 511; x_wconf 85' lang='lat' dir='ltr'>S.“</span> <span class='ocrx_word' id='word_1_42' title='bbox 1684 469 1723 523; x_wconf 87' lang='lat'>¹).</span> <span class='ocrx_word' id='word_1_43' title='bbox 1787 469 1856 511; x_wconf 78' lang='lat' dir='ltr'>Ex</span> <span class='ocrx_word' id='word_1_44' title='bbox 1902 470 1997 512; x_wconf 76' lang='lat' dir='ltr'>fon·</span> 
     </span>
     <span class='ocr_line' id='line_1_6' title="bbox 125 543 1996 599; baseline -0.002 -10"><span class='ocrx_word' id='word_1_45' title='bbox 125 546 248 589; x_wconf 84' lang='lat' dir='ltr'>tibus</span> <span class='ocrx_word' id='word_1_46' title='bbox 280 544 570 589; x_wconf 86' lang='lat' dir='ltr'>revelationis</span> <span class='ocrx_word' id='word_1_47' title='bbox 612 545 862 588; x_wconf 90' lang='lat' dir='ltr'>ostendunt</span> <span class='ocrx_word' id='word_1_48' title='bbox 896 543 1146 599; x_wconf 82' lang='lat' dir='ltr'>dogmatici</span> <span class='ocrx_word' id='word_1_49' title='bbox 1187 547 1468 586; x_wconf 85' lang='lat' dir='ltr'>contractum</span> <span class='ocrx_word' id='word_1_50' title='bbox 1513 543 1896 586; x_wconf 85' lang='lat' dir='ltr'>matrimonialem</span> <span class='ocrx_word' id='word_1_51' title='bbox 1942 556 1996 586; x_wconf 78' lang='lat' dir='ltr'>ex</span> 
     </span>
     <span class='ocr_line' id='line_1_7' title="bbox 125 616 1430 673; baseline -0.002 -10"><span class='ocrx_word' id='word_1_52' title='bbox 125 619 421 664; x_wconf 86' lang='lat' dir='ltr'>institutione</span> <span class='ocrx_word' id='word_1_53' title='bbox 453 618 623 662; x_wconf 85' lang='lat' dir='ltr'>Christi</span> <span class='ocrx_word' id='word_1_54' title='bbox 658 632 751 661; x_wconf 89' lang='lat' dir='ltr'>esse</span> <span class='ocrx_word' id='word_1_55' title='bbox 786 618 969 673; x_wconf 84' lang='lat' dir='ltr'>signum</span> <span class='ocrx_word' id='word_1_56' title='bbox 1003 619 1168 661; x_wconf 78' lang='lat' dir='ltr'>efficax</span> <span class='ocrx_word' id='word_1_57' title='bbox 1201 616 1430 672; x_wconf 78' lang='lat' dir='ltr'>gratiae2).</span> 
     </span>
    </p>
   </div>
   <div class='ocr_carea' id='block_1_3' title="bbox 124 706 1999 984">
    <p class='ocr_par' dir='ltr' id='par_1_3' title="bbox 124 706 1999 984">
     <span class='ocr_line' id='line_1_8' title="bbox 276 706 1997 762; baseline -0.001 -12"><span class='ocrx_word' id='word_1_58' title='bbox 276 709 312 750; x_wconf 80' lang='lat' dir='ltr'>b.</span> <span class='ocrx_word' id='word_1_59' title='bbox 346 707 691 751; x_wconf 85' lang='lat' dir='ltr'>Matrimonium</span> <span class='ocrx_word' id='word_1_60' title='bbox 726 707 897 762; x_wconf 81' lang='lat' dir='ltr'>duplici</span> <span class='ocrx_word' id='word_1_61' title='bbox 931 720 1063 750; x_wconf 87' lang='lat' dir='ltr'>sensu</span> <span class='ocrx_word' id='word_1_62' title='bbox 1099 706 1187 749; x_wconf 88' lang='lat' dir='ltr'>dici</span> <span class='ocrx_word' id='word_1_63' title='bbox 1222 710 1373 761; x_wconf 90' lang='lat' dir='ltr'>potest</span> <span class='ocrx_word' id='word_1_64' title='bbox 1406 709 1765 749; x_wconf 72' lang='lat' dir='ltr'>sacramentnm:</span> <span class='ocrx_word' id='word_1_65' title='bbox 1800 720 1840 747; x_wconf 84' lang='grc' dir='ltr'>α.</span> <span class='ocrx_word' id='word_1_66' title='bbox 1865 718 1997 748; x_wconf 88' lang='lat' dir='ltr'>sensu</span> 
     </span>
     <span class='ocr_line' id='line_1_9' title="bbox 124 779 1999 837; baseline -0.002 -12"><span class='ocrx_word' id='word_1_67' title='bbox 124 784 234 837; x_wconf 77' lang='lat' dir='ltr'>lato,</span> <span class='ocrx_word' id='word_1_68' title='bbox 268 786 491 836; x_wconf 90' lang='lat' dir='ltr'>quatenus</span> <span class='ocrx_word' id='word_1_69' title='bbox 524 785 592 824; x_wconf 87' lang='lat' dir='ltr'>est</span> <span class='ocrx_word' id='word_1_70' title='bbox 624 795 695 824; x_wconf 89' lang='lat' dir='ltr'>res</span> <span class='ocrx_word' id='word_1_71' title='bbox 728 795 868 834; x_wconf 88' lang='lat' dir='ltr'>sacra,</span> <span class='ocrx_word' id='word_1_72' title='bbox 918 795 1004 836; x_wconf 88' lang='lat' dir='ltr'>quo</span> <span class='ocrx_word' id='word_1_73' title='bbox 1053 795 1185 824; x_wconf 87' lang='lat' dir='ltr'>sensu</span> <span class='ocrx_word' id='word_1_74' title='bbox 1233 781 1523 823; x_wconf 77' lang='lat' dir='ltr'>Innocentius</span> <span class='ocrx_word' id='word_1_75' title='bbox 1571 780 1660 822; x_wconf 93' lang='lat' dir='ltr'><em>III.</em></span> <span class='ocrx_word' id='word_1_76' title='bbox 1706 779 1999 822; x_wconf 88' lang='lat' dir='ltr'>matrimonia</span> 
     </span>
     <span class='ocr_line' id='line_1_10' title="bbox 126 854 1999 910; baseline -0.002 -11"><span class='ocrx_word' id='word_1_77' title='bbox 126 856 383 899; x_wconf 89' lang='lat' dir='ltr'>infidelium</span> <span class='ocrx_word' id='word_1_78' title='bbox 408 869 582 910; x_wconf 88' lang='lat' dir='ltr'>quoque</span> <span class='ocrx_word' id='word_1_79' title='bbox 605 863 888 899; x_wconf 88' lang='lat' dir='ltr'>sacramenta</span> <span class='ocrx_word' id='word_1_80' title='bbox 910 854 1176 910; x_wconf 77' lang='lat' dir='ltr'>appellat³);</span> <span class='ocrx_word' id='word_1_81' title='bbox 1214 856 1252 905; x_wconf 60' lang='lat'>13.</span> <span class='ocrx_word' id='word_1_82' title='bbox 1285 867 1418 897; x_wconf 89' lang='lat' dir='ltr'>sensu</span> <span class='ocrx_word' id='word_1_83' title='bbox 1441 854 1635 909; x_wconf 88' lang='lat' dir='ltr'>proprio,</span> <span class='ocrx_word' id='word_1_84' title='bbox 1664 858 1887 908; x_wconf 84' lang='lat' dir='ltr'>quatenus</span> <span class='ocrx_word' id='word_1_85' title='bbox 1910 867 1999 896; x_wconf 84' lang='lat' dir='ltr'>ma-</span> 
     </span>
     <span class='ocr_line' id='line_1_11' title="bbox 128 929 1632 984; baseline -0.003 -10"><span class='ocrx_word' id='word_1_86' title='bbox 128 929 393 974; x_wconf 83' lang='lat' dir='ltr'>trimonium</span> <span class='ocrx_word' id='word_1_87' title='bbox 428 930 633 974; x_wconf 89' lang='lat' dir='ltr'>fidelium</span> <span class='ocrx_word' id='word_1_88' title='bbox 668 934 736 973; x_wconf 91' lang='lat' dir='ltr'>est</span> <span class='ocrx_word' id='word_1_89' title='bbox 769 943 925 972; x_wconf 75' lang='lat' dir='ltr'>verum</span> <span class='ocrx_word' id='word_1_90' title='bbox 959 943 1102 972; x_wconf 78' lang='lat' dir='ltr'>novae</span> <span class='ocrx_word' id='word_1_91' title='bbox 1133 929 1249 984; x_wconf 82' lang='lat' dir='ltr'>legis</span> <span class='ocrx_word' id='word_1_92' title='bbox 1284 933 1632 972; x_wconf 88' lang='lat' dir='ltr'>sacramentum.</span> 
     </span>
    </p>
   </div>
   <div class='ocr_carea' id='block_1_4' title="bbox 126 1018 2004 1608">
    <p class='ocr_par' dir='ltr' id='par_1_4' title="bbox 126 1018 2004 1608">
     <span class='ocr_line' id='line_1_12' title="bbox 281 1018 2001 1087; baseline -0.003 -16"><span class='ocrx_word' id='word_1_93' title='bbox 281 1021 329 1072; x_wconf 75' lang='grc'>2.</span> <span class='ocrx_word' id='word_1_94' title='bbox 382 1019 777 1071; x_wconf 73' lang='lat' dir='ltr'>Sacramentum</span> <span class='ocrx_word' id='word_1_95' title='bbox 838 1020 1174 1070; x_wconf 85' lang='lat' dir='ltr'>matrimonii</span> <span class='ocrx_word' id='word_1_96' title='bbox 1234 1037 1339 1070; x_wconf 77' lang='lat' dir='ltr'>non</span> <span class='ocrx_word' id='word_1_97' title='bbox 1400 1018 1580 1087; x_wconf 73' lang='lat' dir='ltr'>differt</span> <span class='ocrx_word' id='word_1_98' title='bbox 1640 1037 1672 1068; x_wconf 80' lang='grc' dir='ltr'><em>α</em></span> <span class='ocrx_word' id='word_1_99' title='bbox 1732 1024 2001 1068; x_wconf 72' lang='lat' dir='ltr'>contractu</span> 
     </span>
     <span class='ocr_line' id='line_1_13' title="bbox 127 1104 2000 1177; baseline -0.003 -16"><span class='ocrx_word' id='word_1_100' title='bbox 127 1107 539 1175; x_wconf 71' lang='lat' dir='ltr'>matrimoniali,</span> <span class='ocrx_word' id='word_1_101' title='bbox 595 1108 690 1160; x_wconf 84' lang='lat' dir='ltr'>sed</span> <span class='ocrx_word' id='word_1_102' title='bbox 733 1110 849 1177; x_wconf 88' lang='lat' dir='ltr'>ipse</span> <span class='ocrx_word' id='word_1_103' title='bbox 892 1115 1204 1159; x_wconf 89' lang='lat' dir='ltr'>contractus</span> <span class='ocrx_word' id='word_1_104' title='bbox 1246 1106 1667 1158; x_wconf 88' lang='lat' dir='ltr'>matrimonialis</span> <span class='ocrx_word' id='word_1_105' title='bbox 1709 1125 1740 1157; x_wconf 91' lang='lat' dir='ltr'>a</span> <span class='ocrx_word' id='word_1_106' title='bbox 1784 1104 2000 1156; x_wconf 85' lang='lat' dir='ltr'>Christo</span> 
     </span>
     <span class='ocr_line' id='line_1_14' title="bbox 126 1196 2002 1266; baseline -0.003 -16"><span class='ocrx_word' id='word_1_107' title='bbox 126 1207 354 1250; x_wconf 86' lang='lat' dir='ltr'>evectus</span> <span class='ocrx_word' id='word_1_108' title='bbox 396 1206 476 1249; x_wconf 89' lang='lat' dir='ltr'>est</span> <span class='ocrx_word' id='word_1_109' title='bbox 517 1197 587 1249; x_wconf 88' lang='lat' dir='ltr'>ad</span> <span class='ocrx_word' id='word_1_110' title='bbox 631 1197 957 1266; x_wconf 82' lang='lat' dir='ltr'>dignitatem</span> <span class='ocrx_word' id='word_1_111' title='bbox 1000 1198 1349 1263; x_wconf 81' lang='lat' dir='ltr'>sacramenti,</span> <span class='ocrx_word' id='word_1_112' title='bbox 1403 1196 1538 1247; x_wconf 87' lang='lat' dir='ltr'>adeo</span> <span class='ocrx_word' id='word_1_113' title='bbox 1590 1203 1649 1246; x_wconf 91' lang='lat' dir='ltr'>ut</span> <span class='ocrx_word' id='word_1_114' title='bbox 1691 1203 2002 1246; x_wconf 86' lang='lat' dir='ltr'>contractus</span> 
     </span>
     <span class='ocr_line' id='line_1_15' title="bbox 130 1284 2003 1354; baseline -0.003 -15"><span class='ocrx_word' id='word_1_115' title='bbox 130 1287 552 1340; x_wconf 87' lang='lat' dir='ltr'>matrimonialis</span> <span class='ocrx_word' id='word_1_116' title='bbox 605 1306 636 1338; x_wconf 90' lang='lat' dir='ltr'>a</span> <span class='ocrx_word' id='word_1_117' title='bbox 691 1295 1033 1338; x_wconf 88' lang='lat' dir='ltr'>sacramento</span> <span class='ocrx_word' id='word_1_118' title='bbox 1089 1286 1375 1337; x_wconf 88' lang='lat' dir='ltr'>dissociari</span> <span class='ocrx_word' id='word_1_119' title='bbox 1431 1303 1542 1336; x_wconf 89' lang='lat' dir='ltr'>non</span> <span class='ocrx_word' id='word_1_120' title='bbox 1590 1285 1776 1354; x_wconf 86' lang='lat' dir='ltr'>possit.</span> <span class='ocrx_word' id='word_1_121' title='bbox 1854 1284 2003 1335; x_wconf 90' lang='lat' dir='ltr'>Hinc</span> 
     </span>
     <span class='ocr_line' id='line_1_16' title="bbox 130 1373 2002 1446; baseline -0.003 -18"><span class='ocrx_word' id='word_1_122' title='bbox 130 1386 233 1443; x_wconf 79' lang='lat' dir='ltr'>est,</span> <span class='ocrx_word' id='word_1_123' title='bbox 262 1377 409 1446; x_wconf 86' lang='lat' dir='ltr'>quod</span> <span class='ocrx_word' id='word_1_124' title='bbox 438 1379 579 1428; x_wconf 87' lang='lat' dir='ltr'>inter</span> <span class='ocrx_word' id='word_1_125' title='bbox 609 1376 937 1428; x_wconf 87' lang='lat' dir='ltr'>christianos</span> <span class='ocrx_word' id='word_1_126' title='bbox 971 1378 1159 1444; x_wconf 84' lang='lat' dir='ltr'>(etiam</span> <span class='ocrx_word' id='word_1_127' title='bbox 1190 1375 1494 1426; x_wconf 87' lang='lat' dir='ltr'>haereticos</span> <span class='ocrx_word' id='word_1_128' title='bbox 1523 1382 1575 1425; x_wconf 91' lang='lat' dir='ltr'>et</span> <span class='ocrx_word' id='word_1_129' title='bbox 1602 1373 2002 1438; x_wconf 75' lang='lat' dir='ltr'>schismaticos)</span> 
     </span>
     <span class='ocr_line' id='line_1_17' title="bbox 132 1462 2004 1535; baseline -0.003 -17"><span class='ocrx_word' id='word_1_130' title='bbox 132 1466 326 1518; x_wconf 82' lang='lat' dir='ltr'>haberi</span> <span class='ocrx_word' id='word_1_131' title='bbox 380 1484 489 1518; x_wconf 91' lang='lat' dir='ltr'>non</span> <span class='ocrx_word' id='word_1_132' title='bbox 544 1467 715 1535; x_wconf 90' lang='lat' dir='ltr'>possit</span> <span class='ocrx_word' id='word_1_133' title='bbox 773 1473 1090 1517; x_wconf 88' lang='lat' dir='ltr'>contractus</span> <span class='ocrx_word' id='word_1_134' title='bbox 1146 1463 1592 1529; x_wconf 87' lang='lat' dir='ltr'>matrimonialis,</span> <span class='ocrx_word' id='word_1_135' title='bbox 1652 1465 1784 1532; x_wconf 87' lang='lat' dir='ltr'>quin</span> <span class='ocrx_word' id='word_1_136' title='bbox 1843 1462 2004 1513; x_wconf 87' lang='lat' dir='ltr'>simul</span> 
     </span>
     <span class='ocr_line' id='line_1_18' title="bbox 134 1555 1249 1608; baseline 0 -1"><span class='ocrx_word' id='word_1_137' title='bbox 134 1555 406 1608; x_wconf 80' lang='lat' dir='ltr'>habeatur</span> <span class='ocrx_word' id='word_1_138' title='bbox 447 1563 853 1606; x_wconf 86' lang='lat' dir='ltr'>sacramentum</span> <span class='ocrx_word' id='word_1_139' title='bbox 895 1555 1249 1607; x_wconf 85' lang='lat' dir='ltr'>matrimonii.</span> 
     </span>
    </p>
   </div>
   <div class='ocr_carea' id='block_1_5' title="bbox 286 1656 2006 1713">
    <p class='ocr_par' dir='ltr' id='par_1_5' title="bbox 286 1656 2006 1713">
     <span class='ocr_line' id='line_1_19' title="bbox 286 1656 2006 1713; baseline -0.002 -11"><span class='ocrx_word' id='word_1_140' title='bbox 286 1674 325 1701; x_wconf 82' lang='lat' dir='ltr'>a.</span> <span class='ocrx_word' id='word_1_141' title='bbox 351 1660 473 1702; x_wconf 88' lang='lat' dir='ltr'>Haec</span> <span class='ocrx_word' id='word_1_142' title='bbox 497 1659 702 1713; x_wconf 86' lang='lat' dir='ltr'>quaestio</span> <span class='ocrx_word' id='word_1_143' title='bbox 728 1663 863 1701; x_wconf 85' lang='lat' dir='ltr'>antea</span> <span class='ocrx_word' id='word_1_144' title='bbox 888 1658 1126 1713; x_wconf 86' lang='lat' dir='ltr'>disputata</span> <span class='ocrx_word' id='word_1_145' title='bbox 1148 1657 1317 1701; x_wconf 82' lang='lat' dir='ltr'>recenti</span> <span class='ocrx_word' id='word_1_146' title='bbox 1341 1661 1543 1711; x_wconf 85' lang='lat' dir='ltr'>tempore</span> <span class='ocrx_word' id='word_1_147' title='bbox 1566 1656 1705 1699; x_wconf 77' lang='lat' dir='ltr'>variis</span> <span class='ocrx_word' id='word_1_148' title='bbox 1728 1669 2006 1699; x_wconf 90' lang='lat' dir='ltr'>summorum</span> 
     </span>
    </p>
   </div>
   <div class='ocr_carea' id='block_1_6' title="bbox 66 1728 2009 1789">
    <p class='ocr_par' dir='ltr' id='par_1_6' title="bbox 66 1728 2009 1789">
     <span class='ocr_line' id='line_1_20' title="bbox 66 1728 2009 1789; baseline -0.003 -13"><span class='ocrx_word' id='word_1_149' title='bbox 66 1764 72 1770; x_wconf 83' lang='lat'><strong>·</strong></span> <span class='ocrx_word' id='word_1_150' title='bbox 131 1734 407 1789; x_wconf 86' lang='lat' dir='ltr'>pontificum</span> <span class='ocrx_word' id='word_1_151' title='bbox 458 1731 842 1776; x_wconf 85' lang='lat' dir='ltr'>declarationibus</span> <span class='ocrx_word' id='word_1_152' title='bbox 893 1731 1084 1774; x_wconf 86' lang='lat' dir='ltr'>definita</span> <span class='ocrx_word' id='word_1_153' title='bbox 1133 1735 1215 1773; x_wconf 87' lang='lat' dir='ltr'>est.</span> <span class='ocrx_word' id='word_1_154' title='bbox 1278 1730 1398 1773; x_wconf 75' lang='lat' dir='ltr'>Pius</span> <span class='ocrx_word' id='word_1_155' title='bbox 1446 1729 1528 1772; x_wconf 87' lang='lat' dir='ltr'>IX.</span> <span class='ocrx_word' id='word_1_156' title='bbox 1579 1728 1844 1784; x_wconf 86' lang='lat' dir='ltr'>proscripsit</span> <span class='ocrx_word' id='word_1_157' title='bbox 1892 1729 2009 1771; x_wconf 90' lang='lat' dir='ltr'>hanc</span> 
     </span>
    </p>
   </div>
   <div class='ocr_carea' id='block_1_7' title="bbox 129 1803 2016 3063">
    <p class='ocr_par' dir='ltr' id='par_1_7' title="bbox 129 1803 2011 2456">
     <span class='ocr_line' id='line_1_21' title="bbox 133 1803 2007 1864; baseline -0.004 -12"><span class='ocrx_word' id='word_1_158' title='bbox 133 1807 512 1864; x_wconf 88' lang='lat' dir='ltr'>propositionem:</span> <span class='ocrx_word' id='word_1_159' title='bbox 551 1806 861 1862; x_wconf 83' lang='lat' dir='ltr'>„Matrimonii</span> <span class='ocrx_word' id='word_1_160' title='bbox 895 1811 1229 1849; x_wconf 88' lang='lat' dir='ltr'>sacramentum</span> <span class='ocrx_word' id='word_1_161' title='bbox 1263 1818 1353 1847; x_wconf 92' lang='lat' dir='ltr'>non</span> <span class='ocrx_word' id='word_1_162' title='bbox 1387 1808 1456 1847; x_wconf 89' lang='lat' dir='ltr'>est</span> <span class='ocrx_word' id='word_1_163' title='bbox 1488 1804 1577 1847; x_wconf 89' lang='lat' dir='ltr'>nisi</span> <span class='ocrx_word' id='word_1_164' title='bbox 1611 1803 1719 1858; x_wconf 88' lang='lat' dir='ltr'>quid</span> <span class='ocrx_word' id='word_1_165' title='bbox 1754 1803 2007 1846; x_wconf 89' lang='lat' dir='ltr'>contractui</span> 
     </span>
     <span class='ocr_line' id='line_1_22' title="bbox 129 1878 2008 1936; baseline -0.003 -10"><span class='ocrx_word' id='word_1_166' title='bbox 129 1883 429 1926; x_wconf 83' lang='lat' dir='ltr'>accessorium</span> <span class='ocrx_word' id='word_1_167' title='bbox 462 1882 518 1925; x_wconf 88' lang='lat' dir='ltr'>ab</span> <span class='ocrx_word' id='word_1_168' title='bbox 551 1894 689 1935; x_wconf 89' lang='lat' dir='ltr'>eoque</span> <span class='ocrx_word' id='word_1_169' title='bbox 723 1879 1065 1936; x_wconf 68' lang='lat' dir='ltr'>separabile“⁴);</span> <span class='ocrx_word' id='word_1_170' title='bbox 1108 1880 1202 1922; x_wconf 85' lang='lat' dir='ltr'>Leo</span> <span class='ocrx_word' id='word_1_171' title='bbox 1238 1879 1373 1922; x_wconf 87' lang='lat' dir='ltr'><em>XIII.</em></span> <span class='ocrx_word' id='word_1_172' title='bbox 1420 1879 1643 1922; x_wconf 88' lang='lat' dir='ltr'>declarat:</span> <span class='ocrx_word' id='word_1_173' title='bbox 1693 1878 1816 1933; x_wconf 78' lang='lat' dir='ltr'>„Non</span> <span class='ocrx_word' id='word_1_174' title='bbox 1857 1882 2008 1932; x_wconf 89' lang='lat' dir='ltr'>potest</span> 
     </span>
     <span class='ocr_line' id='line_1_23' title="bbox 132 1952 2006 2008; baseline -0.003 -9"><span class='ocrx_word' id='word_1_175' title='bbox 132 1956 393 1999; x_wconf 87' lang='lat' dir='ltr'>huiusmodi</span> <span class='ocrx_word' id='word_1_176' title='bbox 429 1955 665 1999; x_wconf 89' lang='lat' dir='ltr'>distinctio</span> <span class='ocrx_word' id='word_1_177' title='bbox 712 1955 850 2008; x_wconf 75' lang='lat' dir='ltr'>(inter</span> <span class='ocrx_word' id='word_1_178' title='bbox 897 1959 1180 1998; x_wconf 87' lang='lat' dir='ltr'>contractum</span> <span class='ocrx_word' id='word_1_179' title='bbox 1229 1958 1273 1997; x_wconf 89' lang='lat' dir='ltr'>et</span> <span class='ocrx_word' id='word_1_180' title='bbox 1323 1954 1674 2006; x_wconf 83' lang='lat' dir='ltr'>sacramentum)</span> <span class='ocrx_word' id='word_1_181' title='bbox 1721 1965 1799 1995; x_wconf 90' lang='lat' dir='ltr'>seu</span> <span class='ocrx_word' id='word_1_182' title='bbox 1851 1952 2006 2007; x_wconf 89' lang='lat' dir='ltr'>potius</span> 
     </span>
     <span class='ocr_line' id='line_1_24' title="bbox 135 2026 2008 2085; baseline -0.003 -11"><span class='ocrx_word' id='word_1_183' title='bbox 135 2031 374 2074; x_wconf 86' lang='lat' dir='ltr'>distractio</span> <span class='ocrx_word' id='word_1_184' title='bbox 408 2031 602 2085; x_wconf 87' lang='lat' dir='ltr'>probari,</span> <span class='ocrx_word' id='word_1_185' title='bbox 637 2044 736 2073; x_wconf 88' lang='lat' dir='ltr'>cum</span> <span class='ocrx_word' id='word_1_186' title='bbox 772 2030 1057 2085; x_wconf 80' lang='lat' dir='ltr'>exploratum</span> <span class='ocrx_word' id='word_1_187' title='bbox 1093 2028 1153 2071; x_wconf 91' lang='lat' dir='ltr'>sit</span> <span class='ocrx_word' id='word_1_188' title='bbox 1187 2028 1235 2071; x_wconf 90' lang='lat' dir='ltr'>in</span> <span class='ocrx_word' id='word_1_189' title='bbox 1280 2026 1572 2070; x_wconf 90' lang='lat' dir='ltr'>matrimonio</span> <span class='ocrx_word' id='word_1_190' title='bbox 1615 2026 1863 2070; x_wconf 87' lang='lat' dir='ltr'>christiano</span> <span class='ocrx_word' id='word_1_191' title='bbox 1908 2040 2008 2069; x_wconf 93' lang='lat' dir='ltr'>con-</span> 
     </span>
     <span class='ocr_line' id='line_1_25' title="bbox 133 2101 2010 2156; baseline -0.003 -8"><span class='ocrx_word' id='word_1_192' title='bbox 133 2111 335 2148; x_wconf 86' lang='lat' dir='ltr'>tractum</span> <span class='ocrx_word' id='word_1_193' title='bbox 369 2119 395 2148; x_wconf 89' lang='lat' dir='ltr'>a</span> <span class='ocrx_word' id='word_1_194' title='bbox 437 2109 718 2148; x_wconf 87' lang='lat' dir='ltr'>sacramento</span> <span class='ocrx_word' id='word_1_195' title='bbox 758 2118 847 2147; x_wconf 90' lang='lat' dir='ltr'>non</span> <span class='ocrx_word' id='word_1_196' title='bbox 892 2116 986 2147; x_wconf 87' lang='lat' dir='ltr'>esse</span> <span class='ocrx_word' id='word_1_197' title='bbox 1028 2101 1383 2152; x_wconf 87' lang='lat' dir='ltr'>dissociabilem;</span> <span class='ocrx_word' id='word_1_198' title='bbox 1428 2105 1565 2156; x_wconf 89' lang='lat' dir='ltr'>atque</span> <span class='ocrx_word' id='word_1_199' title='bbox 1606 2101 1707 2144; x_wconf 89' lang='lat' dir='ltr'>ideo</span> <span class='ocrx_word' id='word_1_200' title='bbox 1751 2114 1841 2143; x_wconf 94' lang='lat' dir='ltr'>non</span> <span class='ocrx_word' id='word_1_201' title='bbox 1881 2113 2010 2155; x_wconf 87' lang='lat' dir='ltr'>posse</span> 
     </span>
     <span class='ocr_line' id='line_1_26' title="bbox 137 2175 2010 2233; baseline -0.003 -10"><span class='ocrx_word' id='word_1_202' title='bbox 137 2182 421 2223; x_wconf 86' lang='lat' dir='ltr'>contractum</span> <span class='ocrx_word' id='word_1_203' title='bbox 455 2193 611 2222; x_wconf 76' lang='lat' dir='ltr'>verum</span> <span class='ocrx_word' id='word_1_204' title='bbox 654 2183 699 2221; x_wconf 89' lang='lat' dir='ltr'>et</span> <span class='ocrx_word' id='word_1_205' title='bbox 741 2178 1003 2233; x_wconf 84' lang='lat' dir='ltr'>legitimum</span> <span class='ocrx_word' id='word_1_206' title='bbox 1053 2176 1310 2231; x_wconf 88' lang='lat' dir='ltr'>consistere,</span> <span class='ocrx_word' id='word_1_207' title='bbox 1359 2176 1468 2231; x_wconf 86' lang='lat' dir='ltr'>quin</span> <span class='ocrx_word' id='word_1_208' title='bbox 1514 2175 1575 2218; x_wconf 87' lang='lat' dir='ltr'>sit</span> <span class='ocrx_word' id='word_1_209' title='bbox 1623 2189 1672 2218; x_wconf 85' lang='lat' dir='ltr'>eo</span> <span class='ocrx_word' id='word_1_210' title='bbox 1720 2175 1819 2230; x_wconf 88' lang='lat' dir='ltr'>ipso</span> <span class='ocrx_word' id='word_1_211' title='bbox 1870 2188 2010 2218; x_wconf 87' lang='lat' dir='ltr'>sacra-</span> 
     </span>
     <span class='ocr_line' id='line_1_27' title="bbox 136 2249 2010 2306; baseline -0.003 -9"><span class='ocrx_word' id='word_1_212' title='bbox 136 2258 357 2298; x_wconf 86' lang='lat' dir='ltr'>mentum.</span> <span class='ocrx_word' id='word_1_213' title='bbox 421 2254 535 2297; x_wconf 76' lang='lat' dir='ltr'>Nam</span> <span class='ocrx_word' id='word_1_214' title='bbox 579 2253 788 2297; x_wconf 88' lang='lat' dir='ltr'>Christus</span> <span class='ocrx_word' id='word_1_215' title='bbox 834 2253 1042 2296; x_wconf 87' lang='lat' dir='ltr'>dominus</span> <span class='ocrx_word' id='word_1_216' title='bbox 1094 2251 1324 2306; x_wconf 80' lang='lat' dir='ltr'>dignitate</span> <span class='ocrx_word' id='word_1_217' title='bbox 1365 2250 1637 2293; x_wconf 88' lang='lat' dir='ltr'>sacramenti</span> <span class='ocrx_word' id='word_1_218' title='bbox 1679 2249 1810 2292; x_wconf 79' lang='lat' dir='ltr'>auxit</span> <span class='ocrx_word' id='word_1_219' title='bbox 1856 2249 2010 2292; x_wconf 89' lang='lat' dir='ltr'>matri-</span> 
     </span>
     <span class='ocr_line' id='line_1_28' title="bbox 136 2324 2011 2381; baseline -0.003 -10"><span class='ocrx_word' id='word_1_220' title='bbox 136 2328 363 2379; x_wconf 87' lang='lat' dir='ltr'>monium;</span> <span class='ocrx_word' id='word_1_221' title='bbox 399 2327 742 2371; x_wconf 88' lang='lat' dir='ltr'>matrimonium</span> <span class='ocrx_word' id='word_1_222' title='bbox 776 2331 929 2371; x_wconf 85' lang='lat' dir='ltr'>autem</span> <span class='ocrx_word' id='word_1_223' title='bbox 964 2331 1034 2370; x_wconf 87' lang='lat' dir='ltr'>est</span> <span class='ocrx_word' id='word_1_224' title='bbox 1065 2325 1162 2381; x_wconf 87' lang='lat' dir='ltr'>ipse</span> <span class='ocrx_word' id='word_1_225' title='bbox 1196 2329 1468 2379; x_wconf 87' lang='lat' dir='ltr'>contractus,</span> <span class='ocrx_word' id='word_1_226' title='bbox 1503 2325 1540 2367; x_wconf 89' lang='lat' dir='ltr'>si</span> <span class='ocrx_word' id='word_1_227' title='bbox 1587 2324 1717 2367; x_wconf 90' lang='lat' dir='ltr'>modo</span> <span class='ocrx_word' id='word_1_228' title='bbox 1762 2324 1823 2367; x_wconf 78' lang='lat' dir='ltr'>sit·</span> <span class='ocrx_word' id='word_1_229' title='bbox 1861 2326 2011 2367; x_wconf 75' lang='lat' dir='ltr'>factus</span> 
     </span>
     <span class='ocr_line' id='line_1_29' title="bbox 137 2401 315 2456; baseline -0.006 -11"><span class='ocrx_word' id='word_1_230' title='bbox 137 2401 315 2456; x_wconf 74' lang='lat' dir='ltr'>iure“⁵).</span> 
     </span>
    </p>

    <p class='ocr_par' dir='ltr' id='par_1_8' title="bbox 137 2489 2016 3063">
     <span class='ocr_line' id='line_1_30' title="bbox 289 2489 2014 2535; baseline -0.002 -1"><span class='ocrx_word' id='word_1_231' title='bbox 289 2492 324 2534; x_wconf 81' lang='lat' dir='ltr'>b.</span> <span class='ocrx_word' id='word_1_232' title='bbox 370 2491 416 2535; x_wconf 89' lang='lat' dir='ltr'>Si</span> <span class='ocrx_word' id='word_1_233' title='bbox 459 2491 697 2534; x_wconf 88' lang='lat' dir='ltr'>christiani</span> <span class='ocrx_word' id='word_1_234' title='bbox 738 2491 1055 2534; x_wconf 89' lang='lat' dir='ltr'>contrahentes</span> <span class='ocrx_word' id='word_1_235' title='bbox 1100 2489 1306 2532; x_wconf 83' lang='lat' dir='ltr'>absolute</span> <span class='ocrx_word' id='word_1_236' title='bbox 1349 2489 1503 2531; x_wconf 83' lang='lat' dir='ltr'>nolnnt</span> <span class='ocrx_word' id='word_1_237' title='bbox 1546 2491 1878 2531; x_wconf 77' lang='lat' dir='ltr'>sacramentnm</span> <span class='ocrx_word' id='word_1_238' title='bbox 1924 2500 2014 2530; x_wconf 86' lang='lat' dir='ltr'>sus·</span> 
     </span>
     <span class='ocr_line' id='line_1_31' title="bbox 137 2562 2013 2621; baseline -0.003 -12"><span class='ocrx_word' id='word_1_239' title='bbox 137 2566 301 2621; x_wconf 88' lang='lat' dir='ltr'>cipere,</span> <span class='ocrx_word' id='word_1_240' title='bbox 333 2579 476 2620; x_wconf 87' lang='lat' dir='ltr'>neque</span> <span class='ocrx_word' id='word_1_241' title='bbox 508 2565 712 2608; x_wconf 74' lang='lat' dir='ltr'>validum</span> <span class='ocrx_word' id='word_1_242' title='bbox 748 2564 1090 2608; x_wconf 88' lang='lat' dir='ltr'>matrimonium</span> <span class='ocrx_word' id='word_1_243' title='bbox 1124 2563 1306 2607; x_wconf 88' lang='lat' dir='ltr'>ineunt:</span> <span class='ocrx_word' id='word_1_244' title='bbox 1353 2563 1429 2617; x_wconf 89' lang='lat' dir='ltr'>qui</span> <span class='ocrx_word' id='word_1_245' title='bbox 1463 2562 1581 2606; x_wconf 89' lang='lat' dir='ltr'>enim</span> <span class='ocrx_word' id='word_1_246' title='bbox 1615 2575 1705 2604; x_wconf 89' lang='lat' dir='ltr'>non</span> <span class='ocrx_word' id='word_1_247' title='bbox 1738 2562 1840 2605; x_wconf 86' lang='lat' dir='ltr'>vult</span> <span class='ocrx_word' id='word_1_248' title='bbox 1874 2575 2013 2604; x_wconf 89' lang='lat' dir='ltr'>sacra-</span> 
     </span>
     <span class='ocr_line' id='line_1_32' title="bbox 141 2635 2013 2694; baseline -0.003 -11"><span class='ocrx_word' id='word_1_249' title='bbox 141 2644 363 2694; x_wconf 88' lang='lat' dir='ltr'>mentum,</span> <span class='ocrx_word' id='word_1_250' title='bbox 394 2653 537 2694; x_wconf 89' lang='lat' dir='ltr'>neque</span> <span class='ocrx_word' id='word_1_251' title='bbox 569 2653 726 2683; x_wconf 85' lang='lat' dir='ltr'>verum</span> <span class='ocrx_word' id='word_1_252' title='bbox 751 2638 1092 2682; x_wconf 88' lang='lat' dir='ltr'>matrimonium</span> <span class='ocrx_word' id='word_1_253' title='bbox 1118 2639 1234 2681; x_wconf 78' lang='lat' dir='ltr'>velle</span> <span class='ocrx_word' id='word_1_254' title='bbox 1257 2642 1422 2692; x_wconf 88' lang='lat' dir='ltr'>potest.</span> <span class='ocrx_word' id='word_1_255' title='bbox 1488 2635 1657 2689; x_wconf 79' lang='lat' dir='ltr'>Quodsi</span> <span class='ocrx_word' id='word_1_256' title='bbox 1680 2649 1836 2679; x_wconf 85' lang='lat' dir='ltr'>verum</span> <span class='ocrx_word' id='word_1_257' title='bbox 1860 2635 2013 2678; x_wconf 90' lang='lat' dir='ltr'>matri-</span> 
     </span>
     <span class='ocr_line' id='line_1_33' title="bbox 140 2711 2012 2770; baseline -0.003 -13"><span class='ocrx_word' id='word_1_258' title='bbox 140 2714 343 2757; x_wconf 89' lang='lat' dir='ltr'>monium</span> <span class='ocrx_word' id='word_1_259' title='bbox 376 2713 492 2757; x_wconf 91' lang='lat' dir='ltr'>inire</span> <span class='ocrx_word' id='word_1_260' title='bbox 513 2714 691 2770; x_wconf 87' lang='lat' dir='ltr'>volunt,</span> <span class='ocrx_word' id='word_1_261' title='bbox 724 2714 863 2757; x_wconf 87' lang='lat' dir='ltr'>etiam</span> <span class='ocrx_word' id='word_1_262' title='bbox 888 2717 1221 2756; x_wconf 86' lang='lat' dir='ltr'>sacramentum</span> <span class='ocrx_word' id='word_1_263' title='bbox 1247 2711 1516 2766; x_wconf 82' lang='lat' dir='ltr'>suscipiunt,</span> <span class='ocrx_word' id='word_1_264' title='bbox 1549 2711 1657 2754; x_wconf 91' lang='lat' dir='ltr'>licet</span> <span class='ocrx_word' id='word_1_265' title='bbox 1680 2714 2012 2753; x_wconf 87' lang='lat' dir='ltr'>sacramentum</span> 
     </span>
     <span class='ocr_line' id='line_1_34' title="bbox 142 2784 2015 2843; baseline -0.002 -12"><span class='ocrx_word' id='word_1_266' title='bbox 142 2789 356 2843; x_wconf 87' lang='lat' dir='ltr'>perficere</span> <span class='ocrx_word' id='word_1_267' title='bbox 387 2788 559 2830; x_wconf 88' lang='lat' dir='ltr'>nolint:</span> <span class='ocrx_word' id='word_1_268' title='bbox 605 2788 681 2842; x_wconf 88' lang='lat' dir='ltr'>qui</span> <span class='ocrx_word' id='word_1_269' title='bbox 714 2787 833 2831; x_wconf 91' lang='lat' dir='ltr'>enim</span> <span class='ocrx_word' id='word_1_270' title='bbox 867 2788 935 2830; x_wconf 89' lang='lat' dir='ltr'>ita</span> <span class='ocrx_word' id='word_1_271' title='bbox 983 2787 1283 2841; x_wconf 88' lang='lat' dir='ltr'>contrahunt,</span> <span class='ocrx_word' id='word_1_272' title='bbox 1330 2786 1383 2829; x_wconf 90' lang='lat' dir='ltr'>de</span> <span class='ocrx_word' id='word_1_273' title='bbox 1421 2788 1543 2828; x_wconf 76' lang='lat' dir='ltr'>facto</span> <span class='ocrx_word' id='word_1_274' title='bbox 1586 2785 1696 2827; x_wconf 87' lang='lat' dir='ltr'>duas</span> <span class='ocrx_word' id='word_1_275' title='bbox 1736 2784 2015 2828; x_wconf 86' lang='lat' dir='ltr'>intentiones</span> 
     </span>
     <span class='ocr_line' id='line_1_35' title="bbox 142 2858 2014 2913; baseline -0.003 -8"><span class='ocrx_word' id='word_1_276' title='bbox 142 2861 327 2913; x_wconf 83' lang='lat' dir='ltr'>habent,</span> <span class='ocrx_word' id='word_1_277' title='bbox 358 2862 549 2905; x_wconf 89' lang='lat' dir='ltr'>alteram</span> <span class='ocrx_word' id='word_1_278' title='bbox 584 2861 881 2905; x_wconf 85' lang='lat' dir='ltr'>contrahendi</span> <span class='ocrx_word' id='word_1_279' title='bbox 913 2874 1069 2904; x_wconf 84' lang='lat' dir='ltr'>verum</span> <span class='ocrx_word' id='word_1_280' title='bbox 1109 2860 1467 2913; x_wconf 87' lang='lat' dir='ltr'>matrimonium,</span> <span class='ocrx_word' id='word_1_281' title='bbox 1510 2860 1702 2902; x_wconf 88' lang='lat' dir='ltr'>alteram</span> <span class='ocrx_word' id='word_1_282' title='bbox 1746 2858 2014 2902; x_wconf 80' lang='lat' dir='ltr'>excludendi</span> 
     </span>
     <span class='ocr_line' id='line_1_36' title="bbox 146 2933 2015 2991; baseline -0.002 -12"><span class='ocrx_word' id='word_1_283' title='bbox 146 2940 498 2986; x_wconf 85' lang='lat' dir='ltr'>sacramentum;</span> <span class='ocrx_word' id='word_1_284' title='bbox 549 2936 641 2979; x_wconf 89' lang='lat' dir='ltr'>iam</span> <span class='ocrx_word' id='word_1_285' title='bbox 684 2935 720 2979; x_wconf 91' lang='lat' dir='ltr'>si</span> <span class='ocrx_word' id='word_1_286' title='bbox 754 2935 876 2991; x_wconf 90' lang='lat' dir='ltr'>prior</span> <span class='ocrx_word' id='word_1_287' title='bbox 908 2935 1104 2979; x_wconf 88' lang='lat' dir='ltr'>intentio</span> <span class='ocrx_word' id='word_1_288' title='bbox 1153 2935 1429 2989; x_wconf 81' lang='lat' dir='ltr'>praevaleat,</span> <span class='ocrx_word' id='word_1_289' title='bbox 1478 2934 1623 2976; x_wconf 88' lang='lat' dir='ltr'>altera</span> <span class='ocrx_word' id='word_1_290' title='bbox 1670 2946 1749 2988; x_wconf 90' lang='lat' dir='ltr'>per</span> <span class='ocrx_word' id='word_1_291' title='bbox 1795 2946 1893 2977; x_wconf 86' lang='lat' dir='ltr'>eam</span> <span class='ocrx_word' id='word_1_292' title='bbox 1948 2933 2015 2976; x_wconf 86' lang='lat' dir='ltr'>de-</span> 
     </span>
     <span class='ocr_line' id='line_1_37' title="bbox 142 3007 2016 3063; baseline -0.002 -9"><span class='ocrx_word' id='word_1_293' title='bbox 142 3011 354 3054; x_wconf 85' lang='lat' dir='ltr'>struitur.</span> <span class='ocrx_word' id='word_1_294' title='bbox 417 3010 545 3053; x_wconf 90' lang='lat' dir='ltr'>Prior</span> <span class='ocrx_word' id='word_1_295' title='bbox 585 3014 737 3053; x_wconf 87' lang='lat' dir='ltr'>autem</span> <span class='ocrx_word' id='word_1_296' title='bbox 779 3009 976 3053; x_wconf 89' lang='lat' dir='ltr'>intentio</span> <span class='ocrx_word' id='word_1_297' title='bbox 1021 3023 1070 3052; x_wconf 90' lang='lat' dir='ltr'>eo</span> <span class='ocrx_word' id='word_1_298' title='bbox 1112 3009 1294 3053; x_wconf 79' lang='lat' dir='ltr'>facilius</span> <span class='ocrx_word' id='word_1_299' title='bbox 1342 3007 1637 3063; x_wconf 85' lang='lat' dir='ltr'>praevalebit,</span> <span class='ocrx_word' id='word_1_300' title='bbox 1686 3007 1792 3062; x_wconf 87' lang='lat' dir='ltr'>quia</span> <span class='ocrx_word' id='word_1_301' title='bbox 1845 3012 2016 3050; x_wconf 88' lang='lat' dir='ltr'>contra-</span> 
     </span>
    </p>
   </div>
   <div class='ocr_carea' id='block_1_8' title="bbox 234 3118 499 3121">
    <p class='ocr_par' dir='ltr' id='par_1_9' title="bbox 234 3118 499 3121">
     <span class='ocr_line' id='line_1_38' title="bbox 234 3118 499 3121; baseline 0 0"><span class='ocrx_word' id='word_1_302' title='bbox 234 3118 499 3121; x_wconf 95' lang='lat' dir='ltr'> </span> 
     </span>
    </p>
   </div>
   <div class='ocr_carea' id='block_1_9' title="bbox 301 3173 1825 3524">
    <p class='ocr_par' dir='ltr' id='par_1_10' title="bbox 303 3173 1197 3227">
     <span class='ocr_line' id='line_1_39' title="bbox 303 3173 1197 3227; baseline -0.002 -11"><span class='ocrx_word' id='word_1_303' title='bbox 303 3173 334 3227; x_wconf 83' lang='grc'>1&gt;</span> <span class='ocrx_word' id='word_1_304' title='bbox 369 3173 610 3216; x_wconf 75' lang='lat' dir='ltr'>Concilium</span> <span class='ocrx_word' id='word_1_305' title='bbox 643 3173 751 3217; x_wconf 89' lang='lat' dir='ltr'>trid.</span> <span class='ocrx_word' id='word_1_306' title='bbox 786 3186 890 3216; x_wconf 86' lang='lat' dir='ltr'>sess.</span> <span class='ocrx_word' id='word_1_307' title='bbox 925 3174 994 3215; x_wconf 69' lang='lat'>24.</span> <span class='ocrx_word' id='word_1_308' title='bbox 1029 3187 1124 3216; x_wconf 86' lang='lat' dir='ltr'>can.</span> <span class='ocrx_word' id='word_1_309' title='bbox 1158 3175 1197 3215; x_wconf 87' lang='lat'>1.</span> 
     </span>
    </p>

    <p class='ocr_par' dir='ltr' id='par_1_11' title="bbox 304 3247 1042 3301">
     <span class='ocr_line' id='line_1_40' title="bbox 304 3247 1042 3301; baseline 0.003 -11"><span class='ocrx_word' id='word_1_310' title='bbox 304 3247 338 3301; x_wconf 81' lang='lat'>²)</span> <span class='ocrx_word' id='word_1_311' title='bbox 372 3247 440 3291; x_wconf 77' lang='lat' dir='ltr'>Cf,</span> <span class='ocrx_word' id='word_1_312' title='bbox 473 3247 621 3290; x_wconf 68' lang='lat' dir='ltr'>Pescla</span> <span class='ocrx_word' id='word_1_313' title='bbox 654 3247 754 3289; x_wconf 82' lang='lat' dir='ltr'>VII.</span> <span class='ocrx_word' id='word_1_314' title='bbox 789 3261 832 3290; x_wconf 90' lang='lat' dir='ltr'>n.</span> <span class='ocrx_word' id='word_1_315' title='bbox 867 3247 953 3290; x_wconf 83' lang='lat'>699</span> <span class='ocrx_word' id='word_1_316' title='bbox 987 3260 1042 3292; x_wconf 82' lang='lat' dir='ltr'>SS.</span> 
     </span>
    </p>

    <p class='ocr_par' dir='ltr' id='par_1_12' title="bbox 303 3319 1418 3376">
     <span class='ocr_line' id='line_1_41' title="bbox 303 3319 1418 3376; baseline -0.002 -11"><span class='ocrx_word' id='word_1_317' title='bbox 303 3321 335 3376; x_wconf 86' lang='lat'>³)</span> <span class='ocrx_word' id='word_1_318' title='bbox 372 3322 417 3365; x_wconf 82' lang='lat' dir='ltr'>C.</span> <span class='ocrx_word' id='word_1_319' title='bbox 453 3322 712 3365; x_wconf 87' lang='lat' dir='ltr'>Gaudemus</span> <span class='ocrx_word' id='word_1_320' title='bbox 746 3323 786 3365; x_wconf 78' lang='lat' dir='ltr'>S.</span> <span class='ocrx_word' id='word_1_321' title='bbox 851 3322 922 3364; x_wconf 81' lang='lat' dir='ltr'>De</span> <span class='ocrx_word' id='word_1_322' title='bbox 955 3321 1164 3364; x_wconf 70' lang='lat' dir='ltr'>divortiis</span> <span class='ocrx_word' id='word_1_323' title='bbox 1198 3319 1294 3374; x_wconf 89' lang='lat' dir='ltr'><strong>(IV.</strong></span> <span class='ocrx_word' id='word_1_324' title='bbox 1331 3321 1418 3368; x_wconf 68' lang='lat'>19).</span> 
     </span>
    </p>

    <p class='ocr_par' dir='ltr' id='par_1_13' title="bbox 301 3393 1825 3524">
     <span class='ocr_line' id='line_1_42' title="bbox 301 3393 1825 3451; baseline -0.003 -12"><span class='ocrx_word' id='word_1_325' title='bbox 301 3395 334 3451; x_wconf 66' lang='lat'>4)</span> <span class='ocrx_word' id='word_1_326' title='bbox 366 3396 573 3450; x_wconf 79' lang='lat' dir='ltr'>Syllabus</span> <span class='ocrx_word' id='word_1_327' title='bbox 608 3396 809 3439; x_wconf 87' lang='lat' dir='ltr'>damnat.</span> <span class='ocrx_word' id='word_1_328' title='bbox 845 3408 1018 3450; x_wconf 89' lang='lat' dir='ltr'>propos.</span> <span class='ocrx_word' id='word_1_329' title='bbox 1054 3408 1179 3450; x_wconf 82' lang='lat' dir='ltr'>prop.</span> <span class='ocrx_word' id='word_1_330' title='bbox 1214 3395 1292 3445; x_wconf 79' lang='lat'>663</span> <span class='ocrx_word' id='word_1_331' title='bbox 1330 3396 1384 3437; x_wconf 72' lang='lat' dir='ltr'>ct.</span> <span class='ocrx_word' id='word_1_332' title='bbox 1419 3394 1559 3438; x_wconf 90' lang='lat' dir='ltr'>etiam</span> <span class='ocrx_word' id='word_1_333' title='bbox 1594 3407 1719 3449; x_wconf 92' lang='lat' dir='ltr'>prop.</span> <span class='ocrx_word' id='word_1_334' title='bbox 1756 3393 1825 3435; x_wconf 73' lang='lat'>73.</span> 
     </span>
     <span class='ocr_line' id='line_1_43' title="bbox 305 3469 1296 3524; baseline -0.004 -10"><span class='ocrx_word' id='word_1_335' title='bbox 305 3469 335 3522; x_wconf 68' lang='lat'>⁵)</span> <span class='ocrx_word' id='word_1_336' title='bbox 367 3470 606 3524; x_wconf 74' lang='lat' dir='ltr'>Encyclica</span> <span class='ocrx_word' id='word_1_337' title='bbox 639 3470 867 3513; x_wconf 75' lang='lat' dir='ltr'>Arcanum</span> <span class='ocrx_word' id='word_1_338' title='bbox 904 3469 972 3512; x_wconf 88' lang='lat'>10.</span> <span class='ocrx_word' id='word_1_339' title='bbox 1007 3469 1134 3512; x_wconf 88' lang='lat' dir='ltr'>Febr.</span> <span class='ocrx_word' id='word_1_340' title='bbox 1170 3469 1296 3512; x_wconf 75' lang='lat'>1880.</span> 
     </span>
    </p>
   </div>
  </div>
 </body>
</html>
