2269 3898
281 148 367 190 233
965 140 1042 183 IV.
1081 140 1144 182 De
1176 137 1464 182 conscientia.

281 281 433 350 atqui
463 297 558 348 pro
589 277 692 328 hac
730 277 947 327 actione
990 281 1135 324 certe
1178 271 1377 323 militat
1417 271 1602 339 opinio
1646 287 1776 320 vere
1817 267 2156 338 probabilis3

286 388 411 439 ergo
456 369 594 420 haec
636 367 778 417 actio
821 372 967 415 certe
1007 362 1157 413 licita
1200 369 1296 413 est.

432 473 501 514 Ex
549 471 631 513 hac
679 465 1080 523 argumentatione
1130 465 1216 507 duo
1263 464 1520 507 redduntur
1566 461 1827 516 manifesta,
1875 473 1989 515 quae
2021 473 2159 515 supra

285 548 346 600 (n.
381 546 501 594 ⁶209.)
529 544 786 587 innuimus:
822 541 1093 596 opinionem,
1129 552 1262 593 quam
1286 537 1454 592 aliquis
1477 537 1696 591 sequitur,
1730 536 1889 579 debere
1921 548 2016 578 esse
2039 537 2160 577 certe

285 621 585 676 probabilQn:
632 617 799 662 etenim
845 616 883 659 si
922 629 1012 658 non
1045 617 1165 657 esset
1198 616 1318 656 certe
1350 611 1612 667 probabilis,
1645 609 1870 654 conclusio
1903 608 2159 664 syllogismi

287 700 425 750 atque
457 695 557 738 ideo
592 693 821 736 dictamen
855 688 1158 733 conscientiae
1191 700 1245 731 ex
1277 686 1450 741 regulis
1482 686 1658 741 logicae
1688 699 1778 728 non
1811 688 1930 728 esset
1963 687 2160 733 certum;

135 816 175 830 ,st
224 771 407 843 Qssbh·
442 769 699 824 opinionem
734 765 892 809 debere
936 777 1031 807 esse
1071 763 1142 806 illi
1182 762 1272 818 ipsi
1322 760 1616 816 probabilem,
1664 760 1741 814 qui
1788 773 1886 802 eam
1934 751 2269 861 sequiturtl'w·v

169 870 180 886 ι
223 871 230 887 ,-
288 859 393 888 nam
429 845 482 887 de
514 843 659 898 ipsius
693 839 924 897 operantis
958 837 1235 882 conscientia
1267 836 1558 879 informanda
1590 835 1760 890 agitur.

121 888 255 960 sava(

0 966 322 1033 wuae‹m2;.2!=3s;
441 941 489 994 2.
535 940 702 1009 Sequi
742 938 870 990 licet
912 937 1229 1005 opinionem
1280 933 1623 1003 probabilem
1667 941 1850 983 contra
1891 950 2163 1001 quamcun-

31 1053 38 1069 ί
110 1059 116 1072 »
152 1034 264 1058 ‘²
291 1050 386 1103 que
415 1031 573 1100 Zeqcm
600 1031 716 1080 sive
757 1025 1067 1078 naturalem
1110 1025 1227 1075 sive
1271 1023 1521 1075 divinam
1564 1023 1682 1072 sive
1724 1020 2056 1071 humanam:
2100 1020 2167 1071 de

293 1120 550 1172 omnibus
613 1119 758 1169 enim
814 1134 988 1184 aeque
1046 1113 1190 1164 valet
1252 1113 1616 1181 principium:
1685 1110 1794 1160 Lem
1847 1108 2010 1160 dubia
2064 1128 2171 1160 non

295 1209 507 1279 obligat,
565 1209 769 1277 quippe
824 1205 972 1275 quod
1026 1222 1094 1254 ex
1147 1204 1265 1272 ipsa
1307 1210 1506 1253 natura
1547 1199 1901 1268 obligationis
1944 1198 2165 1250 demon-

296 1307 511 1352 stretur.

446 1403 577 1457 Sunt,
611 1401 687 1456 qui
720 1401 836 1443 lianc
868 1396 1226 1441 affirmationem
1261 1395 1409 1450 quoad
1442 1395 1590 1449 legem
1623 1396 1817 1436 naturae
1847 1392 2044 1436 infitiati
2078 1380 2174 1435 sint

301 1479 620 1523 existimantes
653 1475 771 1518 circa
802 1474 950 1527 legem
984 1480 1178 1514 naturae
1210 1484 1299 1513 non
1333 1481 1462 1524 posse
1495 1468 1684 1512 admitti
1721 1467 1909 1511 dubium
1931 1466 2176 1510 insolubile

300 1568 378 1598 seu
424 1550 735 1608 ignorantiam
784 1546 1112 1591 invincibilem.
1176 1545 1345 1588 Verum
1395 1543 1482 1586 etsi
1532 1544 1586 1587 de
1634 1542 1794 1598 primis
1842 1542 2081 1598 principiis
2129 1548 2173 1586 et

300 1627 521 1686 proximis
554 1622 916 1669 conclusionibus
957 1635 1048 1663 non
1091 1619 1314 1663 habeatur
1345 1617 1611 1673 ignorantia
1642 1617 1938 1672 invincibilis,
1981 1617 2034 1660 de
2066 1616 2177 1660 veri-

299 1703 476 1746 tatibus
523 1706 679 1743 tamen
736 1695 944 1740 deductis
997 1692 1264 1749 praesertim
1320 1692 1640 1736 remotioribus
1695 1691 1882 1734 dubium
1935 1690 2178 1735 insolubile

299 1779 447 1821 locum
481 1775 645 1819 habere
677 1776 830 1828 potest
861 1775 919 1823 (n.
954 1769 1043 1823 93)».

454 1875 502 1927 3.
543 1873 701 1923 Licet
744 1869 898 1937 sequi
941 1866 1258 1934 opinionem
1304 1881 1433 1914 vere
1475 1861 1820 1932 probabilem
1873 1880 1971 1931 pro
2021 1861 2180 1915 liber-

303 1972 415 2016 tate
443 1965 501 2014 in
532 1960 768 2014 omnibus
807 1956 1013 2009 casibus
1052 1953 1178 2024 Zeyz's
1222 1952 1431 2018 dubiae,
1474 1953 1591 2003 sive
1633 1952 1884 2021 opposita
1925 1969 2022 2020 pro
2063 1950 2182 2020 lege

306 2061 387 2106 est
429 2053 610 2104 minus
652 2047 740 2099 vel
781 2064 958 2116 aeque
999 2044 1088 2095 vel
1130 2044 1306 2112 magis
1347 2041 1680 2111 probabilis:
1741 2059 1866 2092 cum
1916 2042 2062 2092 enim
2105 2059 2184 2092 ar-

306 2150 584 2214 gumenta,
629 2138 831 2209 quibus
862 2136 1270 2188 demonstratur
1310 2133 1681 2201 principium:
1725 2131 1836 2181 Lcoe
1878 2129 2040 2182 dubia
2080 2150 2187 2182 non

308 2232 524 2302 obliyat,
581 2249 651 2281 ex
690 2229 811 2297 ipsa
851 2233 1050 2277 natura
1091 2222 1444 2291 obligationis
1486 2221 1774 2290 depromta
1815 2221 1941 2283 sint,
1993 2229 2186 2290 sponte

284 2321 666 2423 sconsequitur
706 2335 807 2368 nec
848 2312 1196 2384 probabilem
1238 2331 1340 2364 nec
1383 2310 1829 2380 probabiliorem,
1874 2309 1970 2361 sed
2011 2308 2188 2361 solum

273 2428 284 2483 χ’
312 2419 518 2464 certam
572 2408 708 2477 legis
770 2405 1144 2473 cognitionem
1198 2401 1541 2453 voluntatem
1596 2399 1898 2450 humanam
1942 2397 2188 2468 obligare

313 2519 487 2571 posse7
531 2498 765 2567 ideoque
805 2495 1020 2546 licitum
1063 2510 1178 2544 6556
1220 2509 1380 2542 usum
1411 2491 1686 2559 opinionis
1728 2487 2050 2558 probabilis,
2093 2487 2189 2539 ubi

310 2592 403 2643 lex
444 2607 575 2641 vere
617 2585 787 2638 dubia
829 2593 924 2638 est.
1212 2562 1218 2572 ι

467 2707 507 2735 α.
542 2693 663 2746 Ergo
697 2688 973 2746 principium
1006 2683 1399 2742 probabilisticum
1430 2696 1614 2739 prorsus
1635 2681 1893 2726 universale
1916 2694 1962 2724 se
1984 2681 2194 2724 extendit

251 2757 268 2818 ,ἶ
315 2783 406 2812 non
440 2768 584 2811 solum
618 2766 676 2809 ad
711 2763 897 2807 dubium
921 2762 1036 2816 leqis
1059 2760 1299 2804 existentis
1320 2758 1404 2802 sed
1424 2758 1559 2801 etiam
1582 2757 1697 2813 leyis
1718 2756 1952 2800 cessantis.
1993 2755 2194 2798 Dubium

315 2855 511 2897 namque
560 2841 613 2884 de
659 2841 761 2894 lege
808 2835 979 2881 versari
1027 2838 1180 2891 potest
1228 2838 1311 2878 aut
1360 2848 1399 2873 α.
1459 2833 1577 2876 circa
1629 2830 1919 2875 existentiam
1973 2829 2104 2885 legis,
2157 2829 2194 2872 si

317 2916 535 2960 nimirum
571 2915 825 2967 dubitatur,
865 2925 974 2954 num
1017 2911 1115 2953 lata
1146 2910 1218 2953 vel
1252 2908 1549 2964 promulgata
1579 2906 1723 2949 fuerit-
1754 2906 1841 2960 lex,
1873 2918 1983 2948 num
2016 2910 2197 2959 tempus

319 2989 616 3046 obligationis
648 2989 740 3032 iam
775 2986 1029 3040 advenerit,
1071 2998 1181 3027 num
1225 2984 1284 3027 ad
1329 2984 1450 3026 hunc
1489 2995 1642 3025 casum
1674 2981 1748 3024 vel
1780 2980 1838 3024 ad
1870 2981 1952 3022 has
1984 2991 2198 3034 personas

320 3079 367 3110 se
400 3064 637 3118 extendat,
670 3067 751 3106 aut
787 3063 825 3111 β.
860 3061 978 3104 circa
1010 3059 1304 3103 cessationem
1338 3057 1470 3113 legis,
1504 3056 1542 3100 si
1574 3055 1792 3099 nimirum
1826 3058 1950 3098 certa
1981 3057 2051 3097 est
2081 3052 2198 3108 legis

321 3139 572 3184 existentia
604 3143 650 3181 et
684 3136 938 3191 dubitatur,
971 3148 1081 3178 num
1115 3133 1362 3178 cessaverit
1393 3133 1465 3176 vel
1511 3145 1560 3176 eo
1594 3131 1715 3186 quod
1747 3129 1970 3185 abrogata
2002 3127 2078 3183 sit,
2126 3127 2198 3171 vel

323 3227 373 3257 eo
409 3213 527 3268 quod
560 3211 726 3267 aliquis
760 3211 815 3254 ab
848 3211 944 3254 eius
979 3208 1294 3252 observatione
1327 3211 1570 3251 excusatus
1602 3206 1675 3249 vel
1709 3205 2001 3260 dispensatus
2033 3201 2096 3246 sit-
2127 3201 2199 3245 vel

325 3290 475 3344 legem
522 3289 615 3332 iam
663 3285 925 3342 impleverit
974 3289 1058 3328 etc.
1121 3284 1266 3338 Atqui
1313 3283 1362 3326 in
1409 3286 1603 3336 utroque
1649 3293 1757 3324 casu
1803 3277 2010 3322 adhiberi
2048 3279 2201 3332 potest

262 3359 271 3423 1
328 3363 604 3418 principium
637 3359 962 3416 probabilismi.
1030 3360 1151 3414 Ergo
1195 3371 1336 3412 neque
1378 3357 1471 3411 ille,
1514 3355 1591 3410 qui
1634 3353 1934 3410 probabiliter
1964 3350 2203 3394 existimat

267 3426 277 3497 1
327 3450 376 3480 se
407 3451 496 3479 non
530 3435 734 3479 emisisse
766 3440 941 3489 votum,
988 3445 1132 3487 neque
1170 3432 1263 3487 ille,
1312 3431 1389 3486 qui
1422 3434 1581 3474 votum
1625 3431 1745 3472 cert—c
1777 3426 1945 3479 emisit,
1995 3425 2074 3469 sed
2107 3437 2202 3480 pro-

327 3510 544 3554 babiliter
594 3509 830 3554 existimat
887 3521 932 3551 se
987 3507 1027 3550 ei
1069 3506 1161 3549 iam
1215 3505 1507 3559 satisfecisse,
1566 3503 1624 3547 ad
1673 3501 1848 3556 aliquid
1892 3499 2056 3544 stricta
2097 3498 2204 3554 obli-

0 3641 47 3676 „o
120 3623 152 3666 9
197 3595 266 3712 ff
449 3616 456 3627 =
539 3610 573 3672 A
686 3593 922 3693 ρζῆηρ.
1198 3588 1466 3651 32'1'0t
1506 3578 1870 3675 &femma-3?

0 3670 81 3729 if)
135 3695 205 3730 ΓΤ,
264 3679 310 3724 μ
334 3634 491 3712 [10¹
539 3659 848 3725 &Li-J&
942 3659 968 3668 ⁸*
1044 3653 1055 3669 Ἀ
1101 3656 1117 3669 J

100 3663 132 3733 ’ἶ
164 3704 220 3731 (υ
335 3684 353 3729 i*
