2269 3898
269 132 322 174 12
1003 129 1069 171 De
1101 127 1406 170 matrimonio.

264 267 311 306 et
341 263 604 320 infidelium,
638 262 713 316 qui
748 266 917 316 putant
950 260 1292 304 matrimonium
1326 260 1374 304 in
1408 261 1542 304 certis
1567 261 1798 304 adiunctis
1822 261 2011 305 solubile
2033 276 2143 317 esse,

264 343 314 382 et
345 338 447 381 ideo
481 337 757 380 contrahunt
792 349 892 377 cum
926 334 1077 377 animo
1110 334 1226 377 illud
1260 338 1307 378 in
1331 338 1451 378 certo
1475 339 1642 379 eventu
1679 335 1905 388 solvendi3
1941 336 2144 380 condicio

264 412 386 456 enim
422 411 626 454 solvendi
661 409 1004 452 matrimonium
1038 422 1127 452 non
1163 409 1403 452 deducitur
1433 409 1482 452 in
1526 414 1711 464 pactum
1754 423 1897 464 neque
1939 411 2034 453 ulla
2080 424 2145 454 ra-

270 487 395 528 tione
428 484 628 528 exterius
663 483 1002 526 manifestatur.
1067 483 1248 526 Scilicet
1282 484 1328 526 hi
1363 496 1517 527 omnes
1549 484 1597 526 in
1641 484 1948 527 contrahendo
1992 485 2144 528 matri-

266 560 414 603 monio
450 560 561 602 duas
595 558 873 601 intentiones
907 558 1090 612 habent,
1124 559 1316 601 alteram
1350 558 1647 601 contrahendi
1680 572 1836 601 verum
1860 564 1906 602 et
1940 559 2143 602 validum

266 634 623 688 matrimonium,
664 638 709 676 et-
742 633 935 676 alteram
972 632 1268 676 contrahendi
1302 633 1646 676 matrimonium
1678 633 1888 684 solubi1e;
1933 633 2043 676 haec
2075 647 2148 676 au-

265 714 356 752 tem
392 708 588 752 secunda
619 707 817 751 intentio
853 721 931 762 per
964 707 1157 762 priorem
1190 711 1352 762 utpote
1385 708 1723 762 praevalentem
1771 707 2039 762 destruitur,
2083 715 2148 750 at-

266 796 350 838 que
388 783 488 826 ideo
522 782 672 825 valide
706 782 997 825 contrahunt.
1063 782 1174 825 Cum
1208 782 1291 824 hac
1326 781 1532 824 doctrina
1565 782 1806 825 concordat
1840 782 1994 837 praxis
2017 783 2148 826 eccle-

264 858 372 911 siae,
408 871 521 912 quae
548 856 901 900 acatholicorum
927 856 1221 899 matrimonia
1245 860 1430 911 propter
1453 856 1674 900 eiusmodi
1698 870 1890 900 errorem
1914 870 2146 912 nunquam

266 932 428 975 habuit
460 931 593 974 irrita
627 936 672 974 et
704 931 846 974 nulla.

417 1008 465 1058 2.
524 1006 598 1058 Ut
651 1005 963 1057 invalidum
1020 1009 1089 1056 sit
1144 1007 1558 1057 matrimonium
1615 1007 1817 1058 initum
1867 1005 1969 1057 sub
2021 1024 2148 1058 con-

271 1097 514 1162 dicione,
575 1113 716 1165 quae
775 1097 891 1146 eius
950 1094 1293 1147 substantiae
1350 1104 1649 1164 repugnet,
1707 1096 2031 1165 requiritur,
2093 1103 2151 1146 ut

267 1186 520 1238 condicio
590 1188 647 1236 in
710 1194 928 1256 pactum
999 1185 1293 1236 deducatur
1361 1203 1455 1236 seu
1522 1204 1780 1255 expresse
1842 1187 2150 1237 contractui

271 1274 665 1328 matrimoniali
708 1273 777 1324 ab
822 1283 1054 1344 utroque
1098 1274 1458 1326 contrahente
1500 1284 1828 1344 apponatur.

419 1378 459 1408 a.
496 1363 541 1407 Si
575 1363 631 1407 ab
663 1377 752 1406 uno
786 1367 971 1406 tantum
1021 1364 1321 1408 contrahente
1371 1364 1593 1408 eiusmodi
1644 1365 1845 1408 condicio
1895 1370 2153 1419 apponatur

265 1441 410 1483 altero
445 1438 796 1491 contradicente,
841 1444 887 1481 et
919 1438 998 1481 ille
1044 1438 1343 1482 nihilominus
1391 1440 1646 1494 contrahat,
1695 1453 1745 1483 eo
1792 1439 1890 1494 ipso
1939 1453 1966 1482 a
2012 1452 2153 1494 prava

269 1514 529 1558 condicione
562 1513 796 1557 recessisse
829 1513 1150 1568 praesumitur.
1217 1514 1262 1557 Si
1289 1518 1444 1558 tamen
1467 1514 1618 1570 reipsa
1640 1513 1827 1558 haberet
1847 1514 2152 1558 intentionem

270 1589 587 1632 excludentem
623 1587 911 1631 essentialem
946 1588 1146 1643 aliquam
1193 1588 1535 1644 obligationem,
1578 1589 1921 1632 matrimonium
1962 1590 2011 1631 in
2055 1590 2152 1632 foro

270 1665 450 1707 interno
485 1667 601 1706 esset
633 1663 828 1716 nullum,
863 1662 969 1717 quia
1002 1663 1098 1707 sine
1131 1677 1236 1707 vero
1268 1664 1449 1707 interno
1473 1678 1691 1708 consensu
1715 1669 1976 1707 contractus
2000 1664 2151 1706 matri-

273 1738 484 1782 monialis
518 1737 617 1781 fieri
651 1751 740 1780 non
776 1741 941 1792 potest.

421 1813 457 1855 b.
494 1811 580 1866 Qui
615 1812 845 1854 contrahit
879 1826 979 1855 cum
1012 1812 1269 1856 intentione
1302 1826 1386 1855 non
1422 1812 1640 1856 servandi
1670 1813 1965 1868 obll'fsationes‘
1997 1814 2155 1855 matri-

267 1889 504 1940 moniales,
539 1900 646 1942 ergo
680 1900 770 1929 non
804 1887 1067 1941 generandi,
1102 1887 1409 1942 adulterandi,
1442 1885 1643 1942 negandi
1679 1887 1883 1931 debitum
1925 1891 2025 1942 etc„
2067 1887 2153 1930 illi-

270 1963 358 2006 cite
392 1963 573 2018 quidem
607 1961 853 2016 contrahit,
887 1963 964 2005 sed
999 1969 1154 2006 tamen
1188 1963 1354 2018 valide,
1388 1962 1495 2017 quia
1529 1963 1673 2005 solum
1708 1962 1991 2018 propositum
2016 1961 2153 2005 habet

267 2051 357 2081 non
389 2036 611 2092 implendi
644 2034 949 2094 obligationes
983 2042 1230 2093 susceptas.
1293 2038 1412 2081 Item
1447 2037 1484 2080 si
1518 2037 1801 2081 condiciones
1834 2041 2004 2092 turpes,
2040 2050 2153 2091 quae

268 2119 492 2163 essentiae
525 2115 810 2161 matrimonii
843 2128 933 2158 non
966 2114 1283 2167 adversantur,
1321 2113 1369 2156 in
1414 2117 1599 2168 pactum
1642 2112 1955 2166 deducantur,
2001 2111 2154 2155 matri-

269 2194 471 2237 monium
505 2206 595 2236 non
629 2193 686 2235 fit
718 2190 1008 2235 invalidum-

419 2313 570 2356 Nota.
612 2310 955 2354 Matrimonimn
1001 2325 1037 2351 s.
1080 2308 1264 2364 Iosephi
1304 2306 1646 2364 (Josepleselee),
1690 2307 1807 2362 quod
1857 2306 2040 2361 dicitur,
2086 2311 2153 2349 est

272 2387 616 2431 matrimonium
663 2386 832 2429 initum
879 2385 936 2428 ad
981 2385 1237 2439 exemplum
1283 2382 1567 2426 matrimonii
1609 2396 1642 2425 s.
1688 2381 1865 2437 Iosephi
1907 2385 1952 2425 et
1996 2381 2155 2424 beatae

270 2478 312 2508 v.
345 2462 530 2517 Mariae,
562 2461 780 2504 nimirum
815 2473 915 2502 cum
959 2463 1065 2502 voto
1114 2462 1361 2513 perpetuae
1409 2465 1455 2500 et
1504 2458 1732 2512 perfectae
1781 2456 2026 2500 castitati-3.
2090 2456 2154 2499 [t

271 2537 496 2581 eiusmodi
530 2535 875 2579 matrimonium
909 2533 1016 2577 iniri
1050 2533 1210 2589 possit,
1255 2533 1364 2576 haec
1395 2532 1712 2587 requiruntur:
1755 2546 1795 2574 a.
1831 2537 1989 2575 votum
2026 2531 2156 2574 casti-

273 2613 386 2656 tatis
420 2616 666 2667 perpetuae
700 2615 860 2653 mutuo
894 2622 1113 2653 consensu
1146 2608 1387 2656 emissum;
1426 2607 1464 2650 b.
1499 2607 1641 2650 animi
1675 2606 1958 2662 propositum
1984 2611 2156 2649 contra-

273 2687 409 2730 hendi
443 2700 599 2730 verum
636 2684 980 2728 matrimonium
1014 2683 1044 2725 i.
1079 2697 1113 2726 e.
1161 2682 1423 2736 acquirendi
1464 2682 1616 2725 omnia
1657 2681 1758 2724 iura
1799 2681 1893 2724 veri
1938 2680 2155 2736 coniugii,

273 2761 541 2817 praesertim
574 2761 645 2803 ius
679 2759 840 2803 utendi
874 2771 1056 2813 corpore
1089 2757 1279 2801 alterius
1313 2756 1481 2812 partis;
1517 2771 1551 2800 c.
1576 2757 1790 2800 voluntas
1812 2756 1861 2799 in
1885 2759 2155 2811 perpetuum

273 2836 458 2880 cedendi
511 2835 614 2878 usui
667 2834 780 2877 iuris
834 2834 882 2877 in
935 2833 1126 2876 alterius
1183 2845 1344 2887 corpus
1397 2845 1475 2887 per
1523 2831 1867 2875 matrimonium
1918 2830 2156 2886 acquisiti;

275 2911 315 2956 (l.
352 2910 536 2954 moralis
571 2909 815 2964 certitudo,
850 2909 969 2964 quod
1002 2908 1234 2951 exclusum
1270 2907 1332 2950 sit
1365 2906 1617 2962 periculum
1651 2905 1882 2961 peccandi.

423 3044 510 3099 1⁶2..
566 3044 869 3097 Personae
922 3043 992 3096 de
1045 3042 1177 3095 iure
1231 3041 1467 3096 habiles
1521 3040 1593 3093 ad
1654 3039 1839 3092 valide
1900 3048 1953 3091 et
2006 3039 2155 3091 licite

281 3133 721 3187 contrahendum
765 3140 893 3184 sunt
931 3134 1019 3184 vir
1060 3141 1113 3183 et
1153 3131 1364 3183 femina
1405 3129 1553 3182 nullo
1597 3129 1993 3199 impedimento
2033 3129 2156 3180 diri-

277 3231 460 3276 mente
503 3221 592 3274 vel
635 3222 973 3292 impediente
1002 3221 1316 3273 obstrictae.
1373 3221 1458 3271 De
1489 3219 1902 3289 impedimentis
1932 3218 2156 3288 quidem

279 3314 422 3365 infra
476 3330 652 3364 sermo
712 3313 844 3365 erit:
901 3312 993 3363 hic
1050 3311 1225 3363 solum
1279 3312 1577 3380 quaeritur,
1633 3328 1754 3361 num
1803 3307 2039 3359 val-idum
2085 3308 2158 3359 sit

276 3403 685 3466 matrimonium,
728 3403 774 3453 si
816 3422 847 3453 a
891 3401 1314 3453 contrahentibus
1369 3421 1416 3453 a.
1460 3402 1739 3470 iynoratur
1796 3397 1842 3448 b.
1883 3396 2160 3449 dubitatur

277 3512 318 3544 c.
348 3490 502 3561 falso
541 3499 764 3562 putatur
806 3491 988 3543 adesse
1028 3491 1453 3560 impedimentum
1497 3489 1766 3540 dirimens.
