2269 3898
305 155 360 197 96
1034 151 1101 192 De
1134 149 1438 192 matrimonio.

306 289 350 338 si
392 286 746 356 praevidetur
799 283 1102 352 parochum
1154 282 1242 334 vel
1283 281 1453 333 alium
1509 283 1866 349 sacerdotem,
1923 285 2017 353 qui
2059 286 2178 336 eius

305 376 454 426 vices
497 374 707 437 subeat,
763 374 909 424 intra
950 372 1180 441 spatium
1219 373 1376 422 unius
1417 374 1606 423 mensis
1660 371 1801 423 adiri
1851 390 1960 424 non
2002 384 2177 442 posse,

306 472 557 515 censetur
615 462 806 513 adesse
867 460 959 512 illa
1018 462 1360 529 impotentia,
1428 462 1484 510 in
1546 479 1654 530 qua
1718 461 2176 529 impedimentum

305 559 494 603 cessat.
579 550 793 616 Quodsi
836 568 945 601 non
1000 549 1144 600 adsit
1183 549 1469 618 parochUS‚
1528 551 1940 601 matrimonium
1985 549 2176 601 saltem

306 659 488 692 coram
533 640 748 692 duobus
789 638 1021 690 testibus
1062 639 1189 689 iniri
1232 638 1411 705 debet⁷
1455 645 1513 688 ut
1556 638 1803 689 validum
1845 639 1928 692 sit.

452 729 495 781 b.
541 728 595 781 Si
650 730 974 797 impotentia
1032 727 1276 779 adeundi
1328 727 1631 797 parochum
1690 730 1760 779 sit
1801 728 2177 798 particulari-3,

303 827 487 869 censet
519 817 786 869 BaZZerini
825 819 897 887 (n.
930 817 1057 879 819)
1100 815 1445 886 probabilem
1488 834 1604 868 esse
1647 819 1993 884 sententiam,
2038 836 2179 886 quae

302 907 540 958 affirmat
580 909 637 958 in
677 908 834 975 gravi
878 907 1202 958 necessitate
1246 906 1707 975 impedimentum
1750 906 2030 972 cessarel).

448 1041 543 1093 96.
599 1042 718 1096 Ubi
773 1041 991 1107 vigeat.
1075 1042 1121 1092 1.
1177 1041 1241 1092 In
1297 1040 1617 1107 regionibus
1659 1039 1819 1109 plene
1874 1039 2179 1105 catholiciS,

302 1132 357 1180 in
403 1130 603 1199 quibus
646 1131 801 1181 initio
857 1129 1265 1199 promulgatum
1323 1129 1428 1180 fuit
1470 1129 1752 1180 decretum
1795 1129 2177 1194 tridentinum⁷

301 1219 404 1269 hoc
447 1221 654 1289 ubique
696 1221 863 1287 viget.
931 1219 1062 1270 Ideo
1107 1221 1149 1270 si
1192 1236 1370 1269 novae
1412 1217 1709 1287 parochiae
1751 1217 1829 1270 ibi
1872 1220 2179 1287 eriguntur,

302 1327 411 1359 non
456 1318 536 1360 est
577 1327 816 1372 necesse,
860 1321 920 1359 ut
961 1308 1242 1359 decretum
1285 1307 1729 1377 promulgetur2>.

450 1399 499 1450 2.
543 1399 607 1449 In
649 1396 969 1466 regionibus
1012 1416 1122 1449 non
1158 1397 1318 1466 plene
1350 1396 1638 1448 catholicis
1667 1397 1950 1448 decretum
1975 1397 2180 1449 triden-

301 1489 479 1539 tinum
521 1489 687 1556 viget,
731 1487 826 1538 ubi
868 1487 1278 1556 promulgatum
1322 1494 1417 1540 est.
1469 1487 1527 1539 Si
1571 1505 1697 1556 ergo
1737 1505 1884 1539 nova
1912 1485 2182 1556 parochia

303 1576 379 1628 ibi
425 1578 669 1644 erigitur,
714 1578 993 1628 decretum
1039 1576 1405 1628 tridentinum
1448 1576 1783 1646 promulgari
1830 1576 2008 1630 debet.

451 1680 490 1708 a.
525 1667 579 1709 In
613 1666 801 1721 Europa
836 1666 1089 1709 dec-rectum
1113 1665 1418 1709 tridentinum
1442 1666 1708 1721 simpliciter
1721 1667 2060 1722 promulgatum
2086 1670 2182 1709 est.-

300 1741 344 1782 in
379 1741 536 1792 Italia,
567 1741 613 1783 in
636 1741 844 1795 Anstria,
878 1742 923 1783 in
946 1741 1190 1796 Hispania,
1225 1741 1270 1783 in
1294 1740 1556 1789 Lusitania,
1590 1741 1635 1782 in
1665 1740 1833 1791 Gallia,
1866 1740 1911 1782 in
1935 1740 2183 1792 Hibernia,

301 1815 343 1856 in
380 1815 557 1868 Belffl'o,
594 1815 637 1857 in
672 1815 835 1857 clncaz‘n
868 1827 1030 1870 mayno
1061 1815 1448 1870 laxembnryensi,
1480 1814 1527 1856 in
1560 1814 1751 1857 dioecesi
1784 1814 2181 1867 rnraemondensi⁷

300 1890 343 1931 in
368 1890 585 1945 partibas
617 1890 870 1942 Barariae,
904 1891 947 1932 in
982 1889 1219 1932 Helretiae
1252 1889 1460 1944 partibus
1494 1902 1669 1944 semper
1701 1889 1949 1932 catholicis.

450 1965 486 2008 h.
521 1965 617 2006 Pro
639 1964 750 2006 solis
772 1964 1005 2007 catholicis
1026 1964 1367 2019 promnlyatnm
1393 1967 1486 2006 est:
1521 1964 1564 2006 in
1593 1964 1870 2006 Germaniae
1904 1963 2183 2006 dioecesibus

300 2039 555 2094 coloniensi,
603 2039 861 2093 trevirensi,
905 2039 1269 2091 monasteriensi,
1303 2038 1691 2094 paderbornensi,
1736 2038 2090 2091 rratislaciensi,
2133 2038 2180 2080 in

299 2114 519 2156 Poloniae
554 2113 742 2157 dioecesi
773 2114 1022 2169 ynesnensi
1053 2116 1097 2155 et
1114 2114 1430 2169 posnaniensi.
1480 2113 1525 2155 in
1559 2112 1824 2168 Hnnqaria,
1858 2113 1903 2155 in
1943 2112 2180 2169 Transsyl-

300 2189 444 2240 rania,
496 2189 541 2230 in
574 2188 763 2242 ansia,
814 2188 859 2230 in
894 2188 1087 2230 Palania
1119 2188 1347 2239 rnssiaca,
1397 2188 1440 2230 in
1489 2187 1719 2239 Valacleia,
1762 2187 1808 2229 in
1841 2187 2089 2242 Bnlyaria,
2133 2188 2180 2229 in

299 2262 598 2314 Neerlandim
634 2265 679 2305 in
717 2263 915 2318 Oroatia,
950 2263 993 2305 in
1029 2262 1281 2305 Dalmatia.
1739 2265 1744 2270 '

450 2352 483 2380 c.
517 2338 617 2380 Xon
643 2337 982 2393 promnlyatmn
1018 2339 1117 2381 est:
1172 2336 1231 2382 in¹
1251 2336 1436 2392 Angylia,
1479 2337 1523 2378 in
1560 2336 1727 2389 Scotia,
1772 2335 1948 2388 Sici-ia,
1981 2336 2025 2378 in
2060 2336 2178 2378 Nor-

300 2412 441 2467 reffl'a,
475 2412 519 2454 in
544 2412 718 2463 Dania,
750 2412 797 2454 in
823 2411 1030 2466 pluribus
1053 2411 1290 2454 Helvetiae
1312 2411 1459 2466 pagis,
1493 2411 1537 2453 in
1559 2410 1854 2461 Pomeronia,
1887 2410 1932 2452 in
1956 2409 2184 2462 Saxonia,

299 2487 343 2528 in
379 2487 609 2529 Borassia
643 2500 793 2541 presse
827 2487 965 2541 dicta,
998 2486 1045 2528 in
1078 2486 1285 2541 pluribus
1318 2486 1557 2528 Barariae
1589 2483 1754 2538 locis³).

448 2607 556 2659 97..
619 2606 703 2659 De
779 2606 1186 2659 matrimoniis
1259 2605 1651 2659 clandestinis
1708 2603 2179 2658 haereticorum.

302 2694 526 2746 Falsum
590 2703 667 2746 est
728 2694 1017 2746 ecclesiam
1080 2695 1434 2745 matrimonia
1498 2693 1929 2756 haereticorum⁷
1991 2700 2180 2762 utpote

457 2844 483 2893 ¹)
516 2844 735 2899 Exemplo
770 2844 845 2898 sit,
880 2843 917 2886 si
942 2843 1073 2898 virgo
1097 2843 1379 2886 clandestine
1402 2843 1657 2896 contrahat,
1690 2855 1746 2885 ne
1768 2841 1825 2885 ab
1846 2841 2003 2897 iniquo
2026 2844 2183 2885 tutore

301 2918 514 2960 tradatur
546 2918 642 2961 viro
676 2918 1018 2973 indignissimo,·
1066 2919 1138 2961 vel
1183 2918 1221 2961 si
1255 2918 1476 2973 parochus
1510 2916 1679 2972 fugiat,
1713 2929 1770 2959 ne
1803 2915 1993 2959 assistat
2025 2914 2181 2958 matri-

299 2992 464 3047 monio,
498 2993 615 3047 quod
648 2993 857 3047 prohibet
888 2993 962 3036 lex
995 2992 1156 3036 civilis.

452 3066 484 3121 ²)
515 3067 561 3109 S.
602 3068 807 3124 Officium
841 3068 912 3110 23.
945 3081 1046 3111 nov.
1083 3067 1211 3110 1898.

455 3139 486 3197 3)
520 3142 839 3185 Perfectiorem
881 3142 1114 3186 elenchum
1158 3142 1371 3196 locorum,
1420 3141 1468 3184 in
1519 3140 1681 3196 quibus
1734 3140 1963 3183 decretum
2012 3139 2181 3182 triden-

302 3216 450 3259 tinum
485 3217 826 3271 promulgatum
862 3219 945 3271 est,
990 3216 1174 3259 exhibet
1205 3215 1466 3258 Lehmlsnlzl
1495 3230 1539 3258 n.
1575 3216 1673 3258 788.
1739 3215 1807 3260 Of.
1841 3214 1980 3257 etiam
2013 3213 2182 3267 Leina,

300 3291 390 3333 Der
423 3291 764 3334 Ehevorschrift
809 3291 885 3333 des
932 3290 1121 3333 Konzils
1168 3304 1257 3333 von
1300 3290 1459 3333 Trient
1492 3290 1808 3344 Ausdehnung
1849 3289 1943 3332 und
1991 3288 2183 3343 heutige

302 3364 505 3419 Greltung
563 3364 812 3419 (Freiburg.
870 3365 1056 3408 Herder.
1105 3365 1256 3419 1888).
1320 3365 1578 3421 Desliayes,
1628 3363 1895 3417 Questiones
1943 3362 2178 3417 pratiques

303 3452 377 3482 sur
409 3440 450 3482 le
483 3439 698 3494 mariage.
733 3439 892 3492 (Paris.
927 3440 1227 3483 Lethielleux.
1264 3440 1408 3494 1898).
1442 3439 1703 3494 Appendice
1735 3439 1770 3480 Ι.
1835 3437 2079 3493 Bassibey,
2115 3437 2180 3479 De

302 3515 346 3556 la
379 3513 701 3556 clandestinite
734 3517 816 3556 etc.
852 3513 1010 3566 (Paris.
1046 3513 1209 3556 Oudin.
1246 3513 1391 3568 1904).
