2269 3898
238 139 293 182 92
762 137 821 178 Π.
858 136 925 178 De
957 133 1135 178 actibus
1168 134 1227 176 ad
1258 134 1396 176 finem
1431 132 1569 188 aptis.

237 291 352 323 esse
396 270 614 337 debent,
658 270 825 338 idque
869 265 1390 337 supernaturalitate
1445 267 1663 317 interna
1716 267 1889 335 ipsius
1937 273 2110 332 actus,

239 378 347 430 qua
375 359 465 410 hic
493 378 657 427 supra
687 366 943 409 naturam
983 356 1232 407 elevatus
1274 358 1330 407 in
1374 358 1491 425 ipso
1536 374 1650 407 esse
1695 373 1791 406 suo
1835 362 1888 405 et
1927 355 2110 424 quoad

236 449 602 500 substantiam
645 446 1082 516 supernaturalis
1125 448 1220 497 sit:
1277 447 1370 497 via
1413 447 1557 497 enim
1602 447 1836 496 termino
1880 452 1933 495 et
1973 462 2111 513 opus

234 539 478 606 praemio
542 538 1018 605 proportionatum
1085 554 1202 587 esse
1269 535 1458 598 debet;
1526 535 1652 586 finis
1718 542 1899 586 autem
1962 535 2110 585 vitae

234 635 490 677 aeternae
541 627 725 676 stricte
782 624 1217 694 supernaturalis
1272 633 1327 674 et
1378 643 1410 675 a
1463 624 1572 675 fine
1624 623 1816 674 ultimo
1871 622 2110 674 naturali

234 715 600 767 essentialiter
642 714 893 765 diversus
948 723 1054 779 est3
1111 713 1234 764 ideo
1290 715 1458 765 etiam
1512 721 1685 779 actus,
1742 711 1945 782 quibus
1998 720 2110 764 ten-

234 805 414 856 dimus
475 807 532 856 in
595 803 744 856 illum
810 803 994 870 finem,
1059 803 1242 873 quoad
1303 805 1600 854 essentiam
1661 801 2109 871 supernaturales

232 913 348 946 esse
391 893 608 946 debent.

381 1014 428 1068 2.
480 1011 839 1079 CondicioneS,
897 1031 1036 1081 quae
1090 1013 1464 1081 requiruntur,
1520 1021 1580 1063 ut
1633 1021 1788 1063 actus
1830 1011 2106 1062 humanus

234 1122 358 1155 vere
401 1105 469 1154 sit
511 1101 961 1171 supernaturalis,
1017 1100 1086 1153 ab
1141 1101 1459 1152 auctoribus
1501 1103 1689 1152 variae
1741 1103 2109 1168 assignantur.

231 1192 436 1245 Omnes
480 1191 703 1261 quidem
747 1191 979 1258 exigunt
1031 1210 1080 1243 α.
1135 1198 1195 1240 ut
1248 1199 1403 1241 actus
1461 1192 1530 1241 sit
1581 1189 1860 1241 moraliter
1900 1188 2103 1240 bonus:

229 1290 382 1333 actus
425 1283 570 1332 enim
615 1299 683 1332 ex
725 1299 779 1332 se
822 1280 1160 1345 indifferens7
1218 1281 1260 1331 si
1311 1281 1367 1330 in
1411 1280 1705 1332 individuo
1749 1281 1953 1346 existit,
1996 1298 2107 1332 non

229 1380 550 1439 potestesse
580 1368 1029 1439 supernaturalis.
1083 1367 1228 1420 Sane
1270 1378 1424 1420 actus
1460 1369 1893 1438 supernaturalis
1921 1369 2104 1420 Deum

228 1459 395 1511 habet
436 1469 714 1511 auctorem
759 1458 1120 1528 principalem
1166 1477 1262 1528 per
1302 1461 1538 1527 gratiam
1569 1461 1907 1510 excitantem
1935 1459 2106 1510 etad·

229 1552 542 1609 iuvantem;
598 1549 752 1600 Deus
807 1557 990 1600 autem
1046 1548 1115 1600 ad
1171 1557 1327 1600 actus
1369 1550 1749 1601 indifferentes
1790 1551 1966 1618 gratia
2008 1567 2107 1600 sua

228 1658 338 1690 non
381 1640 601 1693 excitat.
662 1638 882 1690 Deinde
925 1639 1158 1706 exigunt
1199 1638 1242 1692 b.
1289 1647 1348 1689 ut
1376 1648 1531 1691 actus
1558 1658 1589 1690 a
1619 1640 1893 1709 principio
1922 1657 2104 1708 super·

227 1728 483 1795 naturali,
539 1747 737 1798 nempe
780 1748 810 1780 a
850 1729 1099 1798 potentia
1140 1747 1237 1798 per
1277 1730 1512 1797 gratiam
1555 1728 1825 1780 actualem
1871 1727 2103 1793 elevata,

225 1818 519 1888 procedat:
575 1837 704 1869 nam
746 1826 807 1870 ut
847 1827 1005 1870 actus
1047 1820 1118 1870 sit
1158 1817 1613 1888 supernaturalis,
1671 1818 1728 1869 id
1781 1818 1974 1870 saltem
2026 1836 2102 1869 re-

227 1909 479 1977 quiritur,
523 1917 581 1959 ut
623 1927 730 1959 non
775 1908 988 1959 viribus
1031 1915 1277 1970 naturae,
1323 1908 1420 1960 sed
1463 1907 1677 1959 viribus
1719 1916 2097 1977 supernatura—

225 1997 370 2050 libus
409 1999 622 2066 gratiae
665 1997 931 2051 eliciatur.
1011 1997 1124 2048 Alii
1176 2016 1304 2049 vero
1361 1999 1589 2067 insuper
1644 2018 1683 2051 c,
1739 1999 1986 2066 exigunt,
2045 2008 2104 2051 ut

225 2088 391 2138 etiam
456 2088 572 2138 eius
645 2086 923 2138 obiectum
986 2086 1215 2138 formale
1283 2105 1378 2139 seu
1446 2091 1717 2139 motivum
1785 2089 1854 2139 sit
1918 2107 2102 2158 super-

226 2175 489 2228 naturale.

373 2287 491 2341 Quid
534 2288 620 2331 sibi
665 2289 779 2332 velit
829 2290 937 2333 haec
980 2289 1194 2337 condicio7
1248 2289 1551 2333 diversimode
1594 2290 1848 2345 explicant;
1899 2290 2103 2345 plerique

224 2368 378 2406 tamen
411 2364 586 2418 volunt,
620 2369 672 2406 ut
708 2363 931 2407 obiectum
966 2364 1157 2407 formale
1190 2376 1268 2419 per
1300 2365 1438 2407 fidem
1483 2365 1867 2419 apprehendatur,
1913 2364 1944 2408 i.
1978 2378 2012 2407 e.
2047 2369 2102 2407 ut

224 2450 364 2492 agens
397 2438 454 2481 ad
488 2439 715 2493 agendum
750 2444 988 2482 moveatur
1020 2439 1175 2494 aliqua
1206 2438 1404 2482 veritate
1435 2440 1652 2493 revelata,
1691 2452 1826 2493 quam
1858 2452 1948 2482 non
1981 2452 2102 2483 mere

224 2511 417 2555 rationis
449 2511 621 2555 lumine
655 2513 731 2555 sed
766 2513 856 2556 fide
900 2513 1157 2569 (intellectu
1194 2512 1367 2556 lumine
1412 2512 1521 2555 fidei
1561 2512 1806 2567 inst-ructo)
1850 2513 2095 2568 cognoscit.

225 2585 310 2638 Qui
344 2600 378 2630 e.
405 2600 447 2642 g.
482 2587 671 2642 pauperi
707 2588 785 2630 dat
819 2589 1167 2642 eleemosynam,
1201 2588 1307 2642 quia
1340 2588 1530 2642 pauperi
1564 2601 1821 2632 succurrere
1853 2589 2095 2632 honestum

224 2667 306 2715 est,
330 2674 383 2704 ex
405 2661 607 2704 naturali
631 2662 803 2705 motivo
829 2663 953 2717 agitg
985 2662 1060 2716 qui
1084 2676 1188 2705 vero
1210 2663 1539 2716 eleemosynam
1562 2661 1777 2717 largitur,
1803 2662 1910 2717 quia
1927 2676 2101 2718 pauper

223 2749 249 2778 a
272 2735 449 2778 Christo
480 2737 725 2789 redemtus,
761 2737 867 2791 quia
899 2739 1045 2780 frater
1078 2737 1250 2780 Christi
1273 2740 1357 2792 est,
1391 2736 1497 2791 quia
1530 2737 1741 2782 Christus
1771 2737 1819 2780 id
1852 2737 2098 2793 praecepit,

224 2809 330 2864 quia
361 2810 407 2852 id
443 2813 614 2854 confert
648 2812 705 2855 ad
739 2812 883 2854 vitam
919 2817 1168 2867 aeternam,
1201 2825 1256 2854 ex
1289 2812 1461 2855 motivo
1495 2811 1833 2867 supernaturali
1857 2826 1936 2868 per
1958 2813 2097 2857 fidem

223 2885 499 2940 apprehenso
534 2886 649 2941 agit,
691 2887 822 2929 modo
856 2886 1018 2939 habitu
1051 2885 1159 2930 fidei
1192 2886 1447 2930 instructus
1478 2887 1554 2930 sit.

372 3049 462 3102 79.
505 3049 743 3118 Duplex
787 3051 1106 3104 Sententia.
1171 3052 1217 3103 1.
1262 3051 1454 3119 Magni
1484 3053 1725 3103 nominis
1753 3051 1994 3122 theologi
2023 3052 2096 3105 ad

223 3146 405 3187 actum
472 3139 949 3206 supernaturalem
1011 3151 1228 3210 praeter
1281 3141 1700 3210 supernaturale
1755 3143 2096 3212 principium

222 3345 261 3387 S.
298 3346 395 3389 263.
430 3348 548 3400 419).
603 3347 916 3403 Jsfjllendmff,
949 3348 1034 3391 Die
1066 3349 1501 3392 Verdienstlichkeit
1539 3363 1587 3393 u„
1618 3350 1698 3393 das
1730 3349 2095 3394 iibernatiirliche

220 3419 365 3463 Motiv
419 3421 703 3475 (Zeitschrift
749 3423 782 3463 f.
824 3422 951 3464 kath.
1003 3423 1154 3466 Theol.
1209 3423 1323 3466 1893
1374 3423 1415 3465 S.
1456 3424 1526 3466 42.
1572 3424 1688 3479 496).
1752 3423 1979 3482 Schitfini,
2027 3425 2094 3468 De

221 3494 372 3548 gratia
407 3494 562 3537 divina
595 3495 843 3550 (Friburgi.
878 3496 1064 3539 Herder.
1101 3497 1232 3550 1901)
1262 3511 1305 3540 n.
1339 3498 1424 3540 371
1458 3512 1514 3541 ss.
