2269 3898
262 172 320 214 90
998 167 1065 209 De
1098 164 1404 208 matrimonio.

264 312 490 367 constet,
534 304 686 372 prius
729 301 1144 352 matrimonium
1175 317 1302 349 vere
1340 298 1578 349 solutum
1622 317 1755 365 esse,
1798 316 1902 349 nec
1943 299 2151 350 sufficit

262 392 623 463 probabilitas
652 377 718 442 de
749 389 903 441 obitu
933 389 1185 455 coniugis
1210 387 1340 438 licet
1366 386 1695 454 maxima¹):
1737 395 2146 438 sacramentum

263 484 411 534 enim
453 488 609 531 extra
652 497 841 531 casum
884 478 1229 529 necessitatis
1271 475 1520 545 periculo
1564 475 1836 527 nullitatis
1868 494 2151 545 exponere

262 591 372 623 non
426 570 569 623 licet.
651 569 837 633 Quare
891 566 1198 618 secundum
1255 567 1671 618 matrimonium
1734 565 1943 636 absque
2001 574 2153 617 certa

264 661 576 729 cognitione
620 658 686 710 de
729 656 1092 709 dissolutione
1134 657 1331 725 prioris
1373 657 1571 707 initum
1599 657 1845 725 graviter
1874 655 2149 718 illicitum,

262 752 357 801 sed
417 758 602 800 tamen
663 746 914 798 validum
976 755 1081 809 est,
1144 747 1188 796 si
1249 747 1401 815 prius
1471 747 1886 797 matrimonium
1953 763 2153 797 revera

262 839 501 891 solutum
545 839 628 891 sit.

413 944 460 997 2.
522 943 608 994 De
661 940 1038 1011 comparanda
1080 939 1274 991 morali
1317 939 1422 992 hac
1465 940 1798 991 certitudine
1841 939 2156 1009 complures

261 1034 650 1085 instructiones
690 1048 1046 1083 romanarum
1090 1031 1583 1097 congregationum
1636 1028 2025 1100 prodierunt2)‚
2079 1047 2150 1079 ex

261 1121 464 1192 quibus
506 1121 643 1173 haec
685 1120 988 1172 habentur:

412 1233 460 1264 α.
517 1212 643 1263 Non
697 1210 904 1262 sufficit
961 1209 1178 1261 diutina
1232 1208 1486 1261 absentia
1539 1210 1705 1260 unius
1757 1211 2008 1278 coniugis
2050 1228 2155 1261 nec

262 1303 377 1355 sola
432 1302 582 1354 fama
637 1301 704 1352 de
762 1302 879 1351 eius
934 1299 1089 1352 obitu
1139 1318 1242 1351 nec
1285 1301 1449 1351 unius
1490 1301 1644 1351 testis
1686 1299 2002 1366 affirmatio,
2044 1300 2152 1351 nisi

261 1395 330 1445 sit
386 1394 536 1445 omni
596 1392 924 1460 exceptione
980 1391 1156 1442 maior
1211 1391 1440 1460 eiusque
1498 1391 1878 1441 testimonium
1936 1408 2006 1441 ex
2062 1389 2130 1441 ad

262 1484 464 1535 iunctis
506 1482 770 1535 firmetur.
853 1479 963 1533 Sed
1004 1481 1304 1550 requiritur
1343 1479 1597 1550 probatio
1642 1481 1885 1550 positiva
1934 1489 1983 1531 et
2032 1478 2157 1549 Zeyz‘·

262 1575 407 1639 tima,
463 1571 641 1643 qualis
696 1571 977 1623 ordinarie
1032 1578 1112 1621 est
1171 1579 1265 1622 aut
1323 1571 1718 1622 documentum
1768 1569 2154 1622 authenticum

261 1673 372 1730 aut,
427 1664 471 1714 si
526 1661 630 1713 hoc
685 1660 879 1712 haberi
935 1670 1190 1730 nequeat,
1247 1662 1564 1711 testimonia
1618 1659 1855 1712 duorum
1908 1662 2155 1727 testium,

263 1754 356 1823 qui
400 1753 550 1803 omni
593 1752 921 1820 exceptione
963 1752 1200 1802 maiores
1243 1751 1368 1803 sint.

413 1841 454 1894 b.
496 1841 961 1892 Extraordinarie
999 1840 1312 1892 admittitur
1341 1842 1506 1892 etiam
1528 1841 1781 1910 probatio
1801 1860 1904 1910 per
1929 1841 2157 1905 indicia,

265 1950 406 2002 quae
470 1930 633 1983 simul
701 1938 882 1981 sumta
948 1929 1229 1982 sufficiant
1289 1930 1360 1981 ad
1423 1929 1687 1982 moralem
1757 1931 2152 1982 certitudinem

261 2021 618 2091 gignendam.
675 2019 902 2071 Eisdem
943 2021 1109 2071 nixus
1145 2020 1314 2072 iudex
1350 2019 1758 2072 ecclesiasticus
1785 2021 2000 2072 obitum
2031 2038 2152 2072 con·

262 2112 406 2178 iugis
447 2111 766 2161 authentice
809 2109 1066 2164 declarat.

413 2214 452 2242 α.
489 2199 534 2242 Si
568 2213 688 2242 mors
722 2199 930 2255 coniugis
959 2200 1007 2243 in
1056 2200 1157 2255 ipsa
1205 2200 1420 2255 parochia
1468 2200 1649 2252 accidit,
1698 2201 1746 2243 in
1795 2214 1885 2255 qua
1933 2201 2160 2244 secundae

261 2275 453 2330 nuptiae
486 2274 786 2329 celebrantur,
820 2275 1138 2318 testimonium
1173 2264 1263 2318 non
1296 2276 1562 2330 requiritur,
1597 2289 1697 2318 cum
1732 2280 1902 2331 agatur
1936 2276 1989 2318 (le
2032 2276 2159 2319 facto

264 2350 444 2406 publice
475 2353 598 2393 noto.
664 2349 834 2403 Quodsi
869 2350 1033 2393 coniux
1065 2350 1113 2393 in
1147 2350 1238 2394 alio
1271 2352 1366 2394 loco
1402 2351 1532 2404 obiit,
1566 2350 1817 2406 requiritur
1834 2350 2154 2394 testimonium

264 2425 581 2469 authenticum
615 2424 800 2479 parochi
834 2424 935 2480 loci,
968 2425 1047 2468 ubi
1081 2439 1200 2468 mors
1243 2426 1425 2469 accidit.
1490 2425 1587 2468 Hoc
1631 2425 1949 2468 testimonium
2000 2424 2159 2480 sigillo

261 2500 526 2556 parochiali,
561 2504 607 2542 et
641 2499 678 2542 si
713 2512 735 2542 e
769 2499 960 2543 dioecesi
1010 2500 1264 2555 longinqua
1311 2500 1637 2555 acquirendum
1687 2499 1763 2554 sit,
1813 2500 1953 2543 etiam
2000 2499 2159 2556 sigillo

262 2575 412 2618 curiae
461 2574 730 2630 episcopalis
779 2574 1009 2617 munitum
1060 2588 1156 2618 esse
1204 2574 1390 2628 debet3).
1471 2575 1515 2618 Si
1564 2574 1787 2618 eiusmodi
1836 2574 2155 2619 testimonium

262 2649 578 2693 authenticum
614 2648 809 2692 obtineri
835 2650 1009 2704 nequit,
1058 2663 1127 2693 res
1169 2664 1259 2693 non
1308 2649 1508 2705 amplius
1557 2650 1613 2692 ad
1668 2650 1913 2704 parochum
1964 2653 2161 2706 spectat,

416 2798 447 2853 ¹)
479 2799 524 2842 C.
558 2799 612 2842 In
645 2798 907 2854 praesentia
942 2800 997 2842 19
1030 2800 1103 2842 De
1135 2800 1426 2855 sponsalibus
1456 2799 1551 2853 (IV.
1587 2800 1645 2853 1).
1681 2800 1727 2843 C.
1762 2799 1988 2843 Dominus
2022 2799 2048 2841 9
2083 2799 2158 2842 De

263 2874 475 2917 secundis
506 2874 678 2930 nuptiis
708 2874 801 2927 (IV.
837 2874 927 2930 21).

418 2946 447 2998 ²)
481 2947 731 2991 Instructio
763 2962 800 2991 3.
840 2949 994 3006 Officii
1029 2949 1180 3002 (1870)
1221 2948 1282 2990 acl
1304 2949 1596 3006 probandum
1631 2949 1797 2992 obitam
1832 2948 2027 2992 alieuius
2060 2961 2159 2991 con-

264 3023 394 3078 inyis.
460 3022 711 3065 Instructio
760 3023 1002 3066 Clementis
1048 3023 1101 3066 X.
1147 3024 1218 3066 ζ21.
1264 3037 1370 3079 aug.
1419 3023 1550 3078 1670,
1591 3037 1705 3078 quae
1748 3024 1931 3079 plenam
1974 3023 2158 3067 certitu·

268 3096 418 3140 dinem
451 3097 504 3139 de
537 3101 665 3140 statu
697 3097 837 3140 libero
872 3098 1243 3142 contrahentium
1278 3099 1608 3153 procurandam
1633 3098 1916 3154 praescribit.
1953 3098 2020 3142 Cf.
2039 3099 2161 3142 Acta

263 3186 297 3215 s.
335 3171 454 3215 sedis
487 3171 565 3216 VI.
600 3186 641 3227 p.
676 3173 763 3221 436
797 3187 855 3216 ss.

417 3246 454 3301 ³)
488 3246 553 3289 Ut
587 3247 931 3291 matrimonium
966 3248 1015 3292 in
1047 3249 1145 3292 foro
1179 3248 1304 3292 civili
1347 3249 1553 3293 validum
1599 3249 1837 3304 habeatur,
1879 3248 1927 3292 in
1966 3248 2161 3292 Austria

260 3321 326 3374 (C.
360 3322 412 3365 A.
446 3336 490 3364 n.
527 3321 612 3363 112
647 3323 721 3376 ss.)
751 3323 1068 3366 testimonium
1103 3324 1351 3378 potestatis
1385 3324 1534 3367 civilis
1569 3325 1623 3368 de
1656 3328 1802 3368 morte
1845 3323 2052 3379 coniugis
2093 3337 2157 3367 re-

267 3396 480 3450 quiritur,
514 3410 600 3451 quo
633 3396 899 3440 testimonio
932 3399 1135 3441 nondum
1159 3399 1347 3443 obtento
1371 3400 1593 3455 parochus
1616 3400 1674 3443 ad
1705 3399 1894 3455 nuptias
1917 3399 2159 3455 procedere

266 3484 356 3514 non
389 3475 557 3526 potest.
621 3471 724 3514 Etsi
758 3472 841 3515 hoc
872 3472 1190 3517 testimonium
1225 3474 1359 3518 civile
1390 3474 1439 3518 in
1471 3476 1570 3518 foro
1605 3475 1756 3519 eccles.
1800 3488 1891 3518 non
1936 3473 2158 3528 sufficiat,

264 3545 402 3588 iudex
438 3545 771 3590 ecclesiasticus
804 3550 959 3590 tamen
992 3547 1073 3590 illo
1106 3548 1256 3592 iuvari
1290 3554 1457 3604 potest.
2020 3535 2022 3537 ’
