2269 3898
806 206 872 248 De
905 206 1081 249 actibus
1113 206 1340 250 humanis.
1947 211 2002 255 55

137 337 396 384 commissa
431 338 502 383 eis
543 337 780 395 imputari
824 352 917 384 non
962 339 1164 396 possint.
1227 339 1299 384 Hi
1346 340 1473 386 enim
1523 346 1609 386 aut
1657 355 1806 387 sanae
1858 347 2002 400 atque

136 412 400 470 expeditae
446 418 531 457 aut
570 411 841 469 impeditae
888 419 999 457 sunt
1043 413 1233 459 mentis.
1298 412 1352 460 Si
1397 414 1488 460 hoc
1531 415 1757 473 alterum,
1803 417 2005 462 concedi

137 486 287 531 debet
321 485 528 530 crimina
563 485 820 530 commissa
855 485 903 530 in
938 499 1141 543 gravem
1177 488 1369 546 culpam
1405 488 1474 533 013
1508 503 1601 534 11011
1629 489 1886 548 imputari:
1920 491 2004 536 ubi

135 560 265 606 enim
289 559 466 605 mentis
492 558 728 605 activitas
761 573 821 605 ex
845 573 1129 618 qua-cunque
1165 575 1315 607 causa
1348 562 1615 620 impeditur
1647 565 1726 609 vel
1759 565 2003 622 turbatur,

134 635 265 680 liber
311 633 583 680 voluntatis
635 647 898 680 consensus
948 635 1118 692 nequit
1168 650 1274 682 esse
1323 637 1495 694 plenus
1546 643 1690 695 atque
1736 636 2004 695 perfectus,

135 708 295 767 qualis
322 708 384 754 ad
406 721 610 765 gravem
636 708 830 765 culpam
861 709 1146 767 requiritur.
1192 708 1245 755 Si
1278 711 1500 769 primum,
1535 711 1725 757 omnino
1762 711 2004 758 affirmari

136 783 286 828 debet
319 796 399 828 eos
434 787 578 827 tanta
600 780 701 828 frui
734 781 988 837 libertate,
1022 790 1206 841 quanta
1241 784 1303 829 ad
1336 798 1541 842 gravem
1572 786 1765 843 culpam
1798 787 2005 844 requiri-

134 861 238 902 tur:
272 855 357 901 ubi
391 856 517 901 enim
552 856 786 914 expedita
822 862 897 901 est
930 857 1108 902 mentis
1144 857 1394 915 activitas,
1430 859 1680 904 ordinarie
1715 859 1865 904 etiam
1897 874 2004 917 per-

134 928 298 976 fectus
322 934 398 976 est
420 930 549 976 liber
568 944 833 976 consensus
857 930 1146 988 voluntatis,
1171 933 1394 989 quamvis
1419 933 1683 988 multoties,
1707 934 2004 991 praesertim

134 1004 185 1051 in
208 1004 283 1061 iis,
307 1004 388 1062 qui
409 1018 616 1063 pravum
638 1004 863 1050 habitum
888 1009 1258 1062 contraxerunt,
1294 1007 1451 1052 maior
1486 1012 1686 1053 conatus
1720 1008 2005 1065 requiratur

136 1079 200 1125 ad
232 1079 391 1124 malas
423 1079 775 1137 propensiones
811 1079 1134 1136 superandas.

284 1169 317 1198 c.
367 1154 463 1212 Qui
508 1168 624 1211 ergo
669 1169 709 1197 α.
756 1155 922 1212 aliqua
966 1155 1119 1197 mania
1162 1154 1525 1211 (cleptomania.
1566 1156 1857 1213 pyromania
1893 1156 2006 1210 010.)

135 1229 382 1282 laborant,
431 1242 597 1274 eorum
639 1228 859 1274 actiones
902 1243 962 1274 ex
1008 1242 1067 1274 ea
1109 1229 1439 1287 procedentes
1486 1230 1663 1275 saltem
1705 1230 1758 1275 ‘in
1802 1243 2004 1287 gravem

136 1303 328 1361 culpam
374 1302 444 1348 eis
489 1316 582 1348 non
627 1302 956 1361 imputantur:
1001 1316 1166 1348 eorum
1213 1303 1340 1348 enim
1383 1303 1702 1349 advertentia
1737 1310 1786 1348 et
1821 1303 2003 1349 delibe-

134 1377 265 1423 ratio
308 1377 358 1422 in
400 1377 494 1423 hac
536 1391 590 1422 re
625 1378 830 1423 turbata
867 1377 1268 1435 deprehenditur,
1305 1378 1527 1434 quamvis
1561 1378 1611 1423 in
1646 1378 1827 1423 ceteris
1863 1391 2005 1435 expe-

137 1452 242 1497 dita
277 1465 383 1497 esse
416 1452 626 1510 possit-¹).

286 1528 324 1576 3.
358 1525 628 1572 Suicidium
659 1539 838 1577 eorum,
873 1526 953 1583 qui
987 1539 1047 1571 ex
1079 1526 1375 1569 melancholia
1409 1527 1654 1583 laborant.
1691 1526 1839 1572 simili
1863 1527 2001 1572 modo

137 1600 507 1646 diiudicandum
557 1606 658 1657 est,
712 1600 908 1645 30111001
957 1600 997 1646 31
1048 1600 1223 1646 mentis
1276 1600 1575 1646 deliberatio
1628 1601 1859 1659 expedita
1915 1609 2006 1650 est,

136 1676 322 1722 crimen
356 1674 428 1720 eis
461 1674 698 1732 imputari
735 1675 896 1730 debet,
940 1674 1135 1720 minime
1169 1689 1304 1732 vero,
1350 1675 1391 1720 si
1431 1689 1565 1721 mens
1600 1675 1889 1721 obnubilata
1924 1689 2006 1733 ap-

135 1756 294 1808 paret.
356 1748 465 1794 Iam
499 1762 618 1794 vero
662 1749 991 1794 melancholia
1024 1748 1254 1807 perfecta
1289 1748 1455 1795 aufert
1489 1749 1683 1808 quidem
1717 1750 1893 1795 mentis
1929 1750 2007 1795 (10-

135 1824 500 1878 liberationem,
544 1821 796 1868 inferioris
843 1831 1005 1869 autem
1050 1824 1232 1881 gradus
1266 1824 1598 1869 melancholia
1633 1831 1845 1870 mentem
1880 1824 2006 1869 ordi-

135 1898 278 1944 narie
313 1911 408 1943 non
441 1897 512 1942 ita
547 1897 819 1951 obnubilat,
863 1904 918 1943 ut
953 1897 1163 1944 actionis
1197 1898 1485 1944 libertatem
1523 1905 1668 1956 atque
1704 1898 2006 1955 imputabili-

134 1979 289 2019 tatem
327 1972 583 2030 impediat.
660 1970 895 2018 Ceterum
928 1972 978 2017 in
1010 1973 1309 2031 particulari
1343 1987 1460 2018 casu
1486 1973 1543 2018 de
1571 1973 1748 2018 mentis
1774 1973 2008 2031 expedita

133 2048 216 2093 vel
250 2047 491 2105 impedita
540 2047 805 2093 activitate
856 2046 907 2092 in
950 2047 1323 2093 melancholicis
1357 2047 1440 2094 vix
1475 2048 1600 2093 alius
1635 2061 1806 2093 secure
1842 2047 2011 2093 decer-

138 2136 256 2168 nere
290 2122 475 2180 poterit
510 2121 605 2167 nisi
638 2121 856 2167 medicus
891 2122 1231 2179 psychiatriae
1266 2123 1470 2179 peritus.

281 2211 320 2248 γ.
358 2195 453 2254 Qui
489 2209 547 2241 ex
579 2196 979 2251 imaffl'natiom'bns
1012 2197 1176 2240 coactis
1210 2196 1618 2253 (Zwangsideen)
1656 2197 1903 2253 laborant,
1946 2198 2008 2242 ab

135 2271 194 2316 iis
240 2271 500 2329 impulsum
545 2270 608 2314 ad
649 2270 1033 2315 determinatam
1080 2271 1325 2317 actionem
1370 2270 1854 2328 (Zwangsantriebe)
1897 2285 2006 2329 per-

136 2344 338 2403 cipiunt,
369 2344 539 2401 quibus
563 2344 852 2402 impulsibus
889 2344 1124 2390 minuitur
1148 2345 1341 2402 quidem
1368 2346 1594 2402 libertas,
1619 2351 1672 2392 at
1695 2360 1789 2391 non
1812 2346 2006 2402 penitus

134 2417 376 2475 aufertur,
407 2418 502 2464 nisi
525 2419 575 2464 in
600 2418 868 2464 amentiam
894 2418 1248 2475 (Wahnideen)
1274 2420 1578 2478 degenerent
1603 2426 1749 2479 atque
1773 2420 2006 2465 iudicium

134 2494 420 2539 intellectus
453 2494 772 2551 perturbent:
801 2493 1032 2539 voluntas
1060 2494 1185 2539 enim
1209 2498 1311 2539 tum
1334 2495 1879 2553 repraesentationibus
1904 2500 2003 2540 tum

135 2567 425 2626 impulsibus
479 2567 725 2626 imperare
775 2574 963 2625 potest,
1015 2568 1244 2626 quamdiu
1292 2568 1525 2614 iudicium
1574 2569 1863 2615 intellectus
1912 2582 2008 2614 non

135 2641 421 2696 turbatur2).

283 2759 432 2804 Nota.
495 2760 686 2803 Concedi
722 2760 853 2804 debet
885 2774 980 2804 esse
1013 2762 1280 2816 quandoque
1321 2762 1538 2816 homines,
1589 2761 1664 2816 qui
1709 2762 2004 2817 propensione

132 2833 417 2878 ineluctabili
450 2834 507 2876 ad
537 2848 701 2889 pravas
723 2835 924 2879 actiones
955 2837 1113 2890 (furta,
1146 2836 1370 2892 incendia,
1402 2836 1736 2892 impudicitias)
1771 2836 2004 2881 comitten-

135 2909 215 2952 das
247 2908 497 2963 adigantur
538 2914 583 2952 01
616 2910 804 2964 proinde
845 2910 893 2952 in
935 2910 1029 2953 illis
1073 2910 1328 2954 actionibus
1362 2925 1387 2954 a
1420 2915 1602 2966 peccato
1635 2910 1858 2953 immunes
1894 2910 2000 2953 sint.

135 2982 181 3026 Si
214 2983 486 3026 confessario
519 2989 754 3027 occurrant
799 2984 1020 3027 eiusmodi
1063 2985 1282 3040 homines,
1326 2999 1366 3028 a.
1400 2998 1455 3028 ne
1489 2984 1552 3028 eis
1585 2990 1740 3040 aperte
1774 2984 2003 3039 significet

133 3069 206 3099 003
238 3055 287 3099 111
318 3056 413 3099 11113
445 3057 621 3100 actibus
654 3071 680 3101 a
713 3062 896 3112 peccato
929 3058 1063 3113 plane
1094 3058 1320 3101 immunes
1361 3071 1470 3112 esse,
1518 3061 1617 3100 tum
1667 3058 1771 3112 quia
1820 3058 1872 3100 de
1920 3058 2003 3100 hac

132 3143 180 3173 re
211 3130 259 3173 in
293 3144 399 3174 casu
430 3131 697 3186 particulari
731 3137 852 3176 certo
885 3137 1090 3176 constare
1111 3133 1286 3187 nequit,
1320 3137 1417 3175 tum
1441 3146 1499 3176 ne
1520 3146 1687 3188 pravae
1709 3131 1997 3175 inclinationi

136 3203 232 3247 sine
264 3204 386 3246 omni
419 3218 601 3259 prorsus
620 3205 885 3249 resistentia
907 3206 1211 3250 obsecundent
1234 3218 1419 3260 eamque
1444 3205 1506 3248 sic
1528 3211 1750 3261 augeant:
1787 3206 1823 3247 b.
1847 3205 2000 3260 potius

291 3338 319 3392 ¹)
360 3337 427 3383 Cf.
464 3338 710 3391 Gulherlet,
752 3339 838 3382 Die
869 3339 1252 3383 Willensfreiheit
1295 3339 1389 3381 und
1429 3339 1526 3382 ihre
1571 3339 1762 3394 Gegner.
1824 3338 1999 3392 (Fulda.

134 3411 548 3455 Actiendruckerei.
584 3413 716 3467 1893)
748 3413 788 3456 S.
825 3413 909 3457 125
941 3415 992 3458 ff.

286 3485 319 3540 2)
351 3486 417 3529 Cf.
453 3485 499 3529 S.
538 3485 704 3539 Weber>
735 3488 1172 3542 Zwangsgedanken
1194 3500 1237 3530 u.
1261 3487 1680 3540 Zwangszustande
1711 3485 1759 3528 in
1782 3485 2001 3540 pastoral-

75 3608 78 3610 ,
135 3560 519 3616 psychiatriseher
550 3562 852 3617 Beurt'eilung
884 3563 1175 3617 <Paderborn.
1210 3561 1482 3616 Schoningh.
1518 3561 1664 3612 1903).
