2269 3898
234 84 320 127 344
1002 80 1145 122 Index
1177 93 1339 123 rerum.

1127 228 1208 269 C.

235 319 381 364 causa
413 318 550 360 mali:
585 317 764 371 quando
798 315 929 360 licita
962 315 1023 359 sit
1055 316 1111 358 37
1146 329 1180 359 s.

237 394 409 439 causae
450 406 476 433 α
511 392 608 447 leffe
641 390 976 446 deobligsantes:
1018 391 1269 434 eximentes
1314 395 1359 435 et
1404 396 1672 435 excusantes
1708 393 1811 444 149;
1858 407 1972 448 quae
2013 393 2107 437 sint

353 469 621 509 excusantes
669 465 775 517 150;
819 479 929 508 num
972 465 1113 509 liceat
1155 479 1382 521 apponere
1425 480 1606 510 causam
1651 467 1941 523 eximentem,
1982 481 2109 512 excu-

352 544 528 583 santem
564 539 663 583 152.

266 641 321 645 —
353 615 735 670 dispensationis:
768 614 1048 658 necessariae
1081 618 1189 657 sunt
1224 615 1332 665 160;
1376 615 1599 671 internae,
1632 620 1861 671 externae,
1893 616 2111 672 motivae,

350 689 624 744 impulsivae
659 689 757 732 161.

236 764 575 808 circumstantia
624 766 752 807 actus
794 764 1014 806 moralis:
1064 763 1174 818 quid
1223 763 1285 807 sit
1328 765 1411 817 59;
1461 768 1575 819 quot
1623 765 1718 808 sint
1758 765 1834 816 59;
1885 769 2110 820 quatenus

355 839 667 882 moralitatem
701 837 879 882 tribuat
911 838 1035 881 actui
1069 839 1148 890 603
1184 840 1437 894 quotuplex
1469 839 1531 882 sit
1565 839 1634 882 61.

235 914 472 959 clausulae
504 913 842 956 revocatoriae:
877 913 1113 968 generales
1147 918 1193 956 et
1217 913 1434 969 speciales
1459 914 1571 966 172;
1607 928 1717 957 num
1739 916 1953 958 auferant
1975 915 2110 970 privi-

352 987 476 1043 legia
510 988 606 1029 172.

236 1063 630 1116 Concupiscentia:
673 1062 783 1116 quid
816 1063 878 1105 sit
911 1063 988 1114 433
1033 1064 1283 1118 quotuplex
1317 1064 1377 1107 sit
1411 1064 1485 1115 443
1535 1064 1631 1107 eius
1663 1063 1868 1107 influxus
1900 1063 1949 1107 in
1981 1068 2112 1108 actus

353 1137 577 1180 humanos
611 1136 690 1187 45;
738 1151 959 1192 quaenam
1003 1137 1270 1182 resistentia
1315 1139 1516 1182 motibus
1551 1138 1946 1194 concupiscentiae
1978 1153 2113 1195 oppo-

352 1213 502 1256 nenda
535 1212 597 1255 sit
629 1213 699 1256 47.

236 1287 610 1342 congregationes
642 1300 890 1330 romanae:
932 1300 1045 1342 quae
1079 1288 1260 1332 decreta
1293 1289 1493 1332 condant
1528 1290 1632 1339 111;
1677 1289 1898 1343 quomodo
1934 1289 2114 1333 decreta

354 1361 664 1416 approbentur
699 1362 807 1413 11‘23
844 1375 958 1417 quae
991 1362 1361 1418 promulgatione
1393 1364 1639 1419 indigeant
1673 1365 1782 1417 1133
1827 1378 1982 1408 earum
2015 1377 2112 1407 auc-

354 1435 520 1479 toritas
556 1436 655 1483 113,

242 1509 527 1555 conscientia
559 1512 778 1555 moralis:
823 1512 933 1567 quid
967 1513 1029 1556 sit
1067 1515 1171 1564 181,·
1219 1514 1471 1569 quotuplex
1503 1513 1566 1557 sit
1600 1513 1709 1565 184;
1755 1514 1851 1558 eius
1894 1514 1964 1557 vis
2006 1512 2112 1557 obli-

356 1587 497 1640 gandi
533 1588 640 1640 1833
677 1588 906 1632 dictamen
939 1589 1241 1633 conscientiae
1276 1590 1374 1632 181.

268 1685 321 1690 —
358 1675 465 1703 vera
511 1665 556 1704 et
597 1675 795 1705 erronea
842 1664 951 1716 1853
1007 1664 1233 1719 principia
1282 1665 1389 1715 186;
1446 1667 1682 1719 peccatum
1730 1677 1785 1707 ex
1837 1663 2115 1707 conscientia

357 1749 543 1780 erronea
576 1737 867 1782 commissum
903 1739 1008 1789 186;
1045 1740 1266 1794 quomodo
1292 1739 1498 1795 dignosci
1520 1739 1681 1794 possit,
1703 1753 1811 1783 num
1837 1739 2115 1783 conscientia

357 1811 636 1865 poenitentis
670 1812 813 1856 fuerit
844 1813 1180 1857 invincibiliter
1212 1827 1397 1858 erronea
1432 1814 1530 1859 186.

270 1909 322 1913 -—
353 1885 463 1927 laxa
504 1887 608 1937 187;
655 1887 764 1942 quid
799 1888 853 1931 de
895 1888 1093 1943 peccatis
1145 1902 1313 1943 eorum,
1357 1888 1434 1943 qui
1478 1889 1803 1932 conscientiam
1845 1889 1998 1932 laxam
2042 1889 2117 1932 ha·

357 1959 463 2003 bent
499 1961 597 2004 187.

270 2058 322 2063 —
345 2035 573 2091 perplexa
601 2037 707 2088 188;
743 2037 928 2092 regulae
951 2037 1007 2080 ab
1031 2051 1079 2081 eo
1103 2038 1366 2094 servandae,
1400 2039 1476 2094 qui
1500 2039 1826 2082 conscientiam
1850 2038 2112 2094 perplexam

355 2109 493 2154 habet
527 2111 625 2155 188.

268 2208 325 2213 ——
357 2185 660 2241 scrupulosa:
703 2186 812 2241 quid
856 2187 919 2231 sit-
962 2189 1069 2236 189;
1123 2202 1284 2233 causae
1327 2188 1631 2233 conscientiae
1673 2189 1962 2244 scrupulosae
2005 2188 2114 2239 190;

359 2259 493 2314 signa
538 2260 841 2305 conscientiae
886 2264 1177 2318 scrupulosae
1223 2263 1328 2315 191;
1372 2263 1468 2307 eius
1507 2264 1708 2307 remedia
1750 2264 1859 2315 19&
1902 2277 2012 2306 num
2055 2262 2116 2306 sit

360 2335 583 2390 obligatio
633 2337 801 2391 agendi
850 2342 1008 2381 contra
1057 2352 1199 2384 consc.
1249 2339 1560 2394 scrupulosam
1611 2338 1715 2389 193;
1766 2353 1808 2381 v.
1857 2338 2116 2393 scrupulus,

357 2409 671 2465 Scrupulosus.

270 2510 323 2514 —
358 2488 483 2528 certa
501 2499 517 2529 .·
550 2486 659 2540 quid
693 2492 738 2530 et
772 2488 1022 2542 quotuplex
1055 2488 1117 2531 sit
1152 2488 1259 2538 194;
1293 2488 1520 2543 principia
1544 2488 1649 2542 194:
1684 2488 1905 2542 quomodo
1926 2487 2117 2531 formari

359 2560 505 2615 possit
541 2561 820 2605 conscientia
852 2563 1052 2617 practice
1085 2567 1208 2606 certa
1243 2563 1339 2606 198.

270 2660 323 2665 —
359 2635 525 2678 dubia:
570 2637 678 2690 quid
725 2637 787 2681 sit
833 2638 942 2691 1963
986 2652 1076 2681 non
1123 2638 1233 2681 licet
1277 2651 1412 2693 agere
1455 2652 1556 2681 cum
1601 2637 1878 2681 conscientia
1918 2636 2118 2692 practice

363 2710 500 2753 dubia
534 2711 642 2762 198,·
680 2712 848 2766 duplex
881 2713 1042 2756 modus
1077 2712 1330 2768 deponendi
1363 2712 1688 2756 conscientiam
1722 2712 1907 2756 dubiam
1943 2712 2041 2755 198.

274 2810 328 2814 -—
351 2785 633 2840 probabilis:
669 2787 777 2841 quid
811 2787 874 2830 sit
908 2788 1013 2839 199;
1049 2788 1300 2843 quotuplex
1333 2787 1395 2831 sit
1428 2788 1528 2831 200.

244 2857 523 2904 consensus:
555 2861 613 2903 ad
646 2866 882 2916 peccatum
915 2862 1163 2916 requisitus
1197 2862 1305 2913 261;
1342 2863 1399 2906 ad
1429 2866 1665 2918 peccatum
1700 2862 1894 2905 mortale
1915 2862 2023 2913 270;
2059 2862 2117 2904 ad

362 2938 597 2988 peccatum
632 2936 811 2980 veniale
843 2937 950 2991 264;
987 2937 1120 2992 signa
1154 2937 1393 2993 semipleni
1427 2951 1669 2981 consensus
1704 2937 1814 2991 27o;
1850 2936 1997 2990 qualis
2021 2950 2117 2980 con-

362 3021 518 3051 sensus
552 3010 609 3052 ad
643 3010 903 3066 legitimam
937 3012 1302 3055 consuetudinem
1336 3013 1597 3067 requiratur
1630 3012 1729 3057 178.

243 3082 455 3128 consilia:
491 3085 600 3138 quid
635 3085 728 3128 sint
765 3086 871 3140 101;
918 3088 1139 3141 quomodo
1174 3087 1394 3131 differant
1427 3102 1454 3130 a
1485 3087 1666 3142 legibus
1700 3088 1809 3136 101;
1845 3086 1922 3141 qui
1956 3099 2008 3130 ea
2038 3085 2118 3128 im·

360 3165 569 3214 pugnent
603 3161 710 3211 102;
746 3175 854 3204 num
889 3162 1094 3205 existant
1129 3162 1233 3214 102;
1270 3162 1537 3218 evangelica
1569 3176 1684 3217 quae
1716 3161 1813 3205 sint
1846 3161 1946 3204 103.

243 3232 546 3278 consuetudo:
589 3235 697 3289 quid
732 3236 793 3279 sit
829 3237 936 3289 175;
980 3238 1232 3292 quotuplex
1265 3237 1327 3280 sit
1361 3238 1470 3289 176;
1516 3236 1795 3280 consuetudo
1829 3234 2120 3290 derogatoria

363 3309 522 3352 differt
554 3323 581 3353 a
613 3311 969 3366 praescriptione
1003 3312 1109 3364 175;
1156 3313 1226 3355 vis
1269 3311 1612 3355 consuetudinis
1661 3310 1975 3366 derogatoriae
2008 3310 2116 3353 177:

363 3384 647 3428 condiciones
670 3385 917 3440 requisitae
943 3387 1051 3436 178‚·
1087 3387 1365 3429 consuetudo
1390 3385 1667 3442 obligatoria
1690 3386 1798 3437 179;
1834 3384 2119 3429 condiciones

361 3460 419 3503 ad
437 3474 534 3504 eam
554 3461 803 3515 requisitae
823 3462 929 3515 180:
955 3476 1064 3505 num
1084 3463 1157 3505 lex
1175 3463 1357 3506 auferat
1374 3462 1724 3506 consuetudines
1747 3459 1998 3504 contrarias
2017 3459 2117 3503 180.
