2269 3898
819 156 885 199 De
916 156 1017 210 lege
1051 154 1219 198 divina.
1870 154 1953 197 109

235 290 327 345 93.
381 290 530 343 Num
584 291 904 357 praecepta
954 288 1110 355 legis
1159 288 1462 341 naturalis
1511 288 1954 341 invincibiliter

84 380 362 447 ignorari
400 379 658 447 possint.
712 378 776 429 In
812 395 1014 445 genere
1046 376 1344 428 dicendum
1375 384 1452 427 est
1486 384 1780 446 praecepta
1819 375 1955 444 legis

85 468 354 521 naturalis
385 469 549 518 etiam
587 465 656 519 ab
691 466 934 531 homine,
979 467 1073 535 qui
1116 465 1277 534 pleno
1322 484 1423 516 usu
1464 467 1694 516 rationis
1733 464 1952 534 gaudet,

85 557 486 610 invincibiliter
511 557 751 624 ignorari
795 574 980 625 posse3
1025 562 1080 606 at
1122 556 1251 624 quia
1292 562 1586 624 praecepta
1626 555 1761 623 legis
1802 562 1954 605 natu-

84 647 212 699 ralis
252 646 485 716 triplicis
523 647 741 714 generis
785 653 927 709 sunt,
974 646 1030 696 in
1072 645 1255 713 specie
1299 643 1435 694 haec
1478 651 1766 694 notentur:

238 739 282 790 1.
326 737 512 788 Prima
553 736 830 804 principia
870 734 1007 803 legis
1049 733 1316 784 naturalis
1357 734 1426 784 ab
1471 732 1675 798 adulto,
1734 733 1827 801 qui
1877 751 1954 782 ra—

85 827 249 878 tionis
278 825 438 895 plene
469 842 691 893 compos
718 832 813 890 est,
858 822 1260 875 invincibiliter
1289 824 1530 890 ignorari
1561 840 1669 872 non
1698 829 1953 890 possunt:

84 918 264 985 prima
306 917 451 966 enim
496 915 771 983 principia
816 912 1045 964 moralia
1087 914 1154 980 ei7
1211 914 1303 982 qui
1346 930 1534 964 eorum
1577 913 1838 963 terminos
1880 912 1954 960 in-

83 1005 296 1074 telligit⁷
325 1004 642 1056 immediate
672 1004 954 1054 evidentia
981 1010 1132 1068 sunt;
1179 1001 1449 1054 eiusmodi
1480 1010 1663 1053 autem
1694 1001 1956 1051 veritates

84 1095 154 1146 ab
198 1113 258 1146 eo
302 1095 546 1163 ignorari
589 1101 887 1163 nequeunt,
943 1094 1035 1162 qui
1078 1094 1249 1143 utitur
1289 1093 1505 1144 ratione
1548 1092 1678 1142 satis
1721 1088 1956 1141 exculta.

235 1186 283 1236 2.
325 1185 627 1252 Praecepta
652 1182 790 1251 legis
817 1182 1101 1248 naturalis,
1147 1200 1286 1251 quae
1325 1182 1678 1232 continentur
1718 1180 1775 1230 in
1804 1178 1955 1229 deca-

83 1274 223 1341 logo⁷
251 1273 320 1324 ad
350 1273 576 1343 longum
605 1281 821 1342 tempus
850 1271 1254 1323 invincibiliter
1289 1272 1529 1340 ignorari
1557 1288 1667 1321 non
1695 1275 1954 1338 possunt:

85 1383 225 1434 quae
268 1365 414 1414 enim
456 1382 525 1414 ex
567 1364 856 1432 principiis
895 1364 1037 1413 notis
1078 1361 1244 1412 obvia
1286 1368 1336 1411 et
1375 1359 1525 1411 facili
1566 1359 1811 1410 illatione
1849 1361 1955 1408 evi-

86 1453 278 1504 denter
302 1452 667 1516 deducuntur,
697 1470 806 1502 non
834 1459 1062 1520 possunt
1084 1450 1179 1501 diu
1207 1450 1375 1501 latere
1398 1448 1679 1500 hominem
1705 1447 1957 1499 excultae

84 1543 312 1594 rationis
343 1549 668 1610 compotem.
727 1540 883 1605 Quae
914 1542 957 1591 si
988 1540 1132 1591 cla-re
1161 1558 1271 1591 non
1302 1547 1614 1606 cognoscat,
1644 1538 1835 1589 saltem
1863 1555 1959 1606 per

85 1650 358 1683 remorsus
388 1632 759 1682 conscientiae
789 1632 1050 1682 incitatur
1077 1630 1148 1681 ad
1178 1628 1625 1697 investigandam
1653 1628 1955 1679 veritatem.

234 1720 279 1763 Si
313 1720 388 1773 qui
422 1733 528 1774 ergo
563 1720 737 1763 diutius
770 1719 1036 1775 ignorantia
1069 1720 1227 1762 horum
1262 1722 1604 1773 praeceptorum
1638 1716 1861 1768 laborant,
1908 1729 1959 1759 ea

86 1795 274 1838 dicenda
308 1800 375 1837 est
407 1794 637 1837 vincibilis
671 1801 716 1838 et
749 1794 1005 1849 culpabilis,
1045 1798 1207 1848 utpote
1239 1808 1329 1836 non
1370 1807 1421 1836 ex
1458 1793 1637 1835 defectu
1677 1791 1863 1834 luminis
1896 1791 1958 1832 in-

83 1870 359 1913 tellectualis
385 1871 462 1913 sed
486 1882 539 1912 ex
562 1869 742 1913 malitia
765 1869 1020 1912 voluntatis
1047 1872 1169 1911 orta:
1202 1882 1307 1911 nain
1333 1872 1451 1911 teste
1474 1868 1693 1922 Apostolo
1719 1866 1771 1909 ob
1795 1878 1958 1920 pravas

87 1945 434 1988 consuetudines
466 1945 538 1987 lex
563 1948 756 1988 naturae
779 1957 801 1987 e
824 1943 1032 1986 cordibus
1055 1942 1288 1985 hominum
1324 1942 1461 1985 deleri
1495 1946 1661 1996 potest,
1695 1941 1771 1995 qui
1804 1944 1958 1983 tamen

87 2017 140 2061 ob
173 2019 289 2062 hanc
320 2019 630 2074 ignorantiam
666 2033 691 2062 a
724 2024 907 2074 peccato
940 2031 1029 2060 non
1062 2015 1387 2069 excusantur&

236 2096 287 2146 3.
332 2097 642 2163 Praecepta
684 2094 821 2162 legis
856 2093 1138 2159 naturalis,
1183 2111 1322 2162 quae
1353 2110 1422 2142 ex
1448 2091 1571 2142 aliis
1614 2089 1788 2142 solum
1832 2107 1957 2141 cum

88 2201 289 2251 magna
331 2183 653 2235 difficultate
704 2192 756 2234 et
812 2183 1113 2251 praemisso
1158 2181 1410 2249 diligenti
1454 2180 1635 2231 studio
1680 2179 1957 2230 deducun-

86 2280 191 2335 tur,
245 2272 314 2324 ab
358 2274 441 2339 iis7
500 2275 593 2343 qui
644 2272 840 2324 studiis
882 2290 1169 2341 nunquam
1211 2278 1500 2338 vacarunt,
1558 2268 1960 2321 invincibiliter

88 2363 252 2413 etiam
295 2363 365 2413 ad
405 2362 632 2432 longum
673 2370 889 2431 tempus
930 2363 1171 2431 ignorari
1214 2369 1442 2430 possunt
1483 2368 1535 2411 et
1576 2378 1737 2427 saepe
1779 2360 1959 2428 reipsa

87 2453 427 2520 ignorantur,
494 2453 550 2503 id
611 2452 758 2522 quod
820 2452 1101 2503 dissensus
1160 2450 1542 2518 theologorum
1605 2458 1656 2501 et
1716 2451 1958 2518 ipsorum

88 2543 254 2592 etiam
296 2550 610 2594 sanctorum
652 2543 880 2594 Patrum
924 2541 990 2592 de
1032 2542 1118 2593 his
1160 2541 1470 2609 praeceptis
1515 2539 1822 2604 ostendit2).

237 2631 401 2675 Omnes
436 2632 617 2686 quidem
642 2632 893 2675 concedunt
917 2630 1165 2674 theoretice
1190 2629 1288 2673 dari
1313 2628 1623 2684 ignorantiam
1646 2626 1958 2670 invincibilem

85 2706 202 2762 legis
235 2707 476 2761 naturalis,
510 2711 558 2750 at
591 2706 999 2762 probabilioristae‚
1043 2704 1307 2748 tutioristae
1351 2707 1397 2747 et
1433 2701 1688 2746 ianseniani
1726 2699 1959 2755 negabant

87 2781 284 2836 practice
329 2781 426 2824 dari
473 2794 602 2836 posse
650 2780 871 2824 eiusmodi
918 2779 1229 2835 ignorantiam
1279 2783 1323 2821 et
1368 2781 1629 2833 operantem
1662 2779 1901 2830 propterea
1933 2788 1960 2817 a

87 2859 269 2910 peccato
302 2855 519 2898 excusari.
581 2855 749 2898 Verum
783 2868 882 2898 cum
928 2855 1037 2897 haec
1079 2853 1309 2898 sententia
1356 2866 1445 2895 non
1494 2852 1638 2894 solum
1686 2850 1742 2893 ab
1775 2849 1961 2893 ecclesia

88 2928 394 2985 proscripta3),
432 2930 509 2973 sed
541 2929 674 2973 hodie
707 2929 846 2973 etiam
881 2929 1081 2972 obsoleta
1112 2928 1188 2983 sit,
1222 2941 1319 2971 eam
1352 2926 1576 2969 indicasse
1609 2924 1870 2978 sufficiam.

246 3078 275 3133 ι)
308 3079 374 3125 Cf.
408 3080 538 3122 Rom.
573 3079 613 3133 1,
647 3079 703 3120 24
736 3092 792 3123 ss,

240 3152 272 3207 2>
304 3153 371 3197 Cf.
404 3153 889 3196 Ballerini-Palmieri
919 3153 936 3195 I
967 3167 1011 3195 n.
1045 3152 1116 3194 48.

239 3225 273 3282 3)
308 3227 507 3270 Tametsi
545 3227 678 3270 detur
720 3227 981 3283 iynorantia
1023 3226 1294 3269 invincibilis
1345 3224 1464 3267 iuris
1510 3225 1720 3276 naturae,
1760 3221 1871 3263 llaec
1914 3219 1958 3261 in

87 3305 209 3347 sfatzz
241 3304 438 3344 naturae
471 3302 628 3357 lapsae
660 3305 918 3357 operantem
953 3315 1010 3344 ex
1041 3301 1140 3356 ipsa
1173 3313 1259 3342 non
1293 3300 1482 3342 excusat
1508 3311 1533 3339 a
1547 3298 1733 3352 peceato
1747 3293 1958 3351 formali.

88 3377 344 3432 Propositio
377 3377 416 3419 2.
451 3376 507 3419 ab
539 3376 807 3419 Alexandro
853 3375 976 3421 VIII.
1013 3375 1246 3418 damnata.

239 3450 274 3508 4)
307 3451 374 3494 Cf.
408 3450 613 3494 Laeroix
643 3450 673 3492 1.
708 3451 748 3492 1.
780 3464 824 3495 n.
860 3449 947 3492 720
979 3462 1036 3492 ss.
1079 3448 1284 3504 leffl’sus
1319 3446 1565 3498 Gonialee,
1596 3443 1817 3486 Fundam.
1852 3440 1960 3484 diss.

91 3528 159 3569 11.
194 3540 228 3569 c.
263 3527 304 3569 5.
366 3525 415 3568 S.
449 3525 707 3580 Alphonsus
737 3525 767 3572 1.
803 3525 841 3566 1.
874 3538 917 3566 n.
952 3523 1200 3566 170—174.
