2269 3898
978 149 1132 192 Index.
1897 151 1983 193 223

1889 286 1952 316 Pa=

234 339 335 380 Art.
370 339 410 380 3.
445 338 510 381 De
542 338 883 392 impedimentis
917 339 1234 382 dirimentibus
1267 339 1315 382 in
1348 340 1493 394 specie
1528 374 1828 383 .....
1929 343 1982 384 75

309 411 336 465 ξ
400 413 439 453 1.
473 412 608 454 Error
634 446 1830 458 .................
1927 417 1982 459 76

311 485 338 539 ξ
401 486 441 526 2.
477 485 687 529 Condicio
780 521 1830 530 ...............
1929 490 1982 530 77

307 558 335 612 ξ
398 560 437 600 3.
472 560 552 602 Vis
586 573 663 602 seu
696 568 846 603 metus
931 595 1830 603 .............
1928 563 1982 605 78

307 633 335 687 ,ξ
399 636 436 674 4.
472 634 651 688 Raptus
707 668 1830 676 ...............
1926 636 1977 678 81

307 707 335 761 ξ
397 707 436 748 5.
471 708 609 750 Aetas
705 742 1830 752 ................
1925 710 1981 752 83

306 781 333 835 ξ
397 782 436 823 6.
470 781 748 836 Impotentia
783 816 1830 826 ...............
1926 782 1981 825 84

306 855 333 910 ἓ
401 858 437 899 7.
472 856 696 910 Ligamen
781 889 1830 899 ...............
1925 857 1981 899 89

306 930 333 984 ξ
397 931 437 972 8.
472 930 829 973 Clandestinitas
926 963 1829 973 .............
1924 931 1977 973 91

305 1004 332 1059 ξ
395 1006 434 1047 9.
470 1004 691 1058 Cognatio
778 1037 1828 1047 ...............
1894 1005 1981 1046 100

303 1078 331 1133 g
363 1080 434 1120 io.
468 1069 689 1120 Affinita's
779 1111 1828 1119 ...............
1895 1080 1979 1120 115

303 1151 331 1206 ξ
367 1155 434 1194 11.
467 1152 656 1194 Publica
688 1153 900 1194 honestas
928 1185 1828 1192 .............
1895 1152 1979 1193 117

302 1226 329 1280 ,ξ
366 1228 431 1268 12.
467 1226 636 1269 Votum
671 1226 885 1268 sollemne
925 1259 1827 1267 .............
1894 1225 1972 1267 121

303 1300 330 1353 ξ
364 1300 433 1341 13.
469 1299 587 1343 Ordo
621 1313 744 1343 sacer
776 1333 1827 1341 ...............
1896 1300 1979 1341 122

301 1373 329 1428 ξ
362 1375 432 1415 14.
467 1374 645 1418 Crimen
701 1407 1825 1417 ................
1894 1374 1979 1415 123

303 1449 331 1503 ἓ
365 1450 433 1492 15.
468 1449 729 1504 Disparitas
763 1450 915 1492 cultus
999 1482 1827 1493 ............
1894 1448 1979 1491 128

103 1524 324 1577 Quaestio
363 1525 402 1567 ἴ).
438 1525 505 1567 De
543 1523 957 1578 dispensationibus
991 1523 1419 1566 matrimonialibus.

227 1600 325 1641 Art.
361 1600 400 1640 1.
436 1599 501 1641 De
535 1602 766 1653 potestate
801 1597 1092 1653 dispensandi
1144 1629 1827 1638 ..........
1895 1596 1978 1638 130

226 1675 324 1715 Art.
360 1673 398 1714 2.
434 1673 500 1715 De
535 1673 680 1716 causis
716 1672 1007 1727 dispensandi
1075 1703 1828 1714 ...........
1892 1670 1978 1712 138

225 1750 324 1790 Art.
359 1747 399 1789 3.
434 1747 501 1790 De
534 1748 665 1789 modo
698 1747 885 1801 petendi
919 1746 1304 1800 dispensationem
1371 1778 1826 1787 .......
1892 1744 1978 1786 143

225 1823 324 1866 Art.
360 1821 400 1863 4.
435 1822 501 1864 De
535 1822 666 1864 modo
700 1821 970 1864 concedendi
1004 1826 1049 1864 et
1082 1820 1331 1874 exequendi
1368 1820 1753 1875 dispensationem
1819 1854 1827 1861 .
1894 1819 1978 1861 149

99 1895 320 1950 Quaestio
359 1896 399 1938 6.
433 1896 499 1938 De
533 1895 832 1939 celebratione
866 1895 1162 1938 matrimonii.

222 1971 324 2012 Art.
360 1972 397 2012 1.
433 1971 499 2013 De
531 1969 967 2025 proclamationibus
1001 1969 1281 2012 matrimonii
1370 2002 1825 2010 .......
1892 1968 1977 2011 1ὂῦ

223 2047 321 2087 Art.
357 2045 396 2086 2.
432 2045 498 2087 De
531 2044 797 2087 assistentia
830 2044 1013 2099 parochi
1047 2049 1090 2086 et
1125 2043 1329 2087 testium.

296 2122 323 2173 ,ξ
357 2121 397 2161 1.
431 2119 498 2162 De
530 2119 722 2174 parocho
756 2119 935 2173 proprio
998 2151 1823 2161 ............
1889 2116 1973 2159 161

295 2193 322 2248 ἓ
355 2194 395 2235 2.
431 2195 496 2236 De
529 2193 759 2236 sacerdote
794 2193 1004 2246 delegato
1069 2223 1824 2233 ...........
1891 2190 1976 2232 164

296 2267 322 2322 ἓ
357 2267 397 2310 3.
430 2268 497 2310 De
531 2267 726 2310 testibus
771 2298 1824 2309 ...............
1890 2264 1973 2306 166

222 2344 323 2384 Art.
357 2342 397 2384 3.
432 2343 500 2385 De
531 2342 632 2397 ipsa
666 2341 965 2385 celebratione
999 2340 1279 2384 matrimonii
1366 2372 1822 2381 .......
1889 2338 1972 2380 167

218 2419 317 2459 Art.
354 2417 394 2458 4.
428 2417 494 2460 De
526 2416 827 2460 celebratione
859 2415 1142 2458 matrimonii
1175 2414 1308 2457 mixti
1367 2449 1373 2455 .
1443 2438 1458 2457 ,v
1516 2447 1821 2455 .....
1889 2413 1971 2454 171

97 2489 319 2543 Quaestio
359 2491 398 2533 7.
431 2491 498 2533 De
530 2491 861 2534 revalidatione
895 2490 1176 2533 matrimonii
1217 2522 1822 2532 .........
1888 2488 1972 2529 173

217 2566 316 2608 Art.
351 2567 391 2608 1.
425 2566 492 2608 De
524 2565 855 2609 revalidatione
888 2565 1117 2609 ordinaria
1212 2596 1817 2605 .........
1885 2562 1971 2603 1Τῦ

218 2641 317 2681 Art.
352 2639 392 2681 2.
427 2640 494 2683 De
526 2641 763 2683 sanatione
795 2641 843 2682 in
875 2639 1025 2683 radice
1067 2671 1821 2680 ...........
1885 2637 1970 2679 181

95 2711 318 2766 Quaestio
357 2714 396 2756 8.
431 2714 497 2756 De
531 2714 829 2758 dissolutione
861 2714 1157 2757 matrimonii.

216 2789 316 2830 Art.
352 2789 390 2830 1.
426 2788 491 2831 De
525 2788 722 2832 divortio
756 2789 903 2843 quoad
937 2787 1319 2831 cohabitationem
1368 2820 1821 2829 .......
1885 2783 1971 2827 185

215 2863 315 2904 Art.
349 2863 389 2904 2.
423 2863 490 2905 De
524 2863 721 2906 divortio
755 2863 879 2906 civili
915 2893 1820 2905 .............
1885 2859 1970 2901 190

860 2996 1129 3052 Appendix
1164 2996 1208 3038 Ι.

90 3102 312 3156 Quaestio
349 3103 389 3144 1.
424 3102 490 3144 De
523 3101 815 3146 matrimonio
849 3102 975 3145 civili
1062 3131 1817 3143 ...........
1884 3096 1968 3138 195

89 3176 311 3232 Quaestio
350 3176 389 3218 2.
424 3176 491 3218 De
523 3176 620 3219 iure
652 3176 982 3219 matrimoniali
1015 3175 1242 3219 austriaco
1286 3205 1815 3216 ........
1880 3170 1964 3213 201

846 3307 1117 3364 Appendix
1150 3309 1216 3352 Π.

88 3384 332 3428 Formulae
387 3413 1814 3426 ....................
1879 3378 1965 3420 209
