2269 3898
721 130 789 173 De
820 129 1071 173 virtutibus
1103 128 1151 172 in
1183 142 1358 184 genere.
1886 132 1971 175 ‘261

99 263 156 306 in
190 262 311 305 omni
345 268 512 306 eventu
547 263 687 306 etiam
722 263 769 305 in
804 263 1161 306 difficultatibus
1195 263 1435 305 ordinariis
1480 267 1752 306 exerceatur.
1817 264 1975 306 Virtus

109 336 354 391 dupliciter
401 340 551 392 potest
601 350 694 380 esse
742 337 1025 392 imperfecta,
1067 342 1148 379 aut
1197 351 1235 378 α.
1287 337 1392 390 quia
1434 338 1631 380 nondum
1677 337 1883 392 pervenit
1916 338 1973 380 ad

106 411 330 454 rationem
364 411 563 465 habitus,
617 411 694 453 sed
727 411 799 453 vel
832 415 900 452 est
934 411 1151 463 quaedam
1185 411 1410 453 naturalis
1443 416 1489 454 et
1530 411 1691 453 innata
1737 411 1974 454 inclinatio

99 487 165 529 ad
199 485 364 528 bonum
398 485 468 528 vel
501 488 570 528 est
602 485 821 538 quaedam
857 484 1094 539 dispositio
1127 485 1185 527 ad
1217 484 1424 527 habitum
1458 485 1648 533 virtutis
1671 490 1770 528 orta
1793 499 1846 529 ex
1868 499 1973 528 non-

108 559 247 603 nullis
280 559 458 602 actibus
489 558 784 614 imperfectis,
818 565 899 601 aut
919 560 957 608 13.
982 558 1087 612 quia
1110 558 1305 612 attingit
1331 559 1508 613 quidem
1529 560 1750 603 rationem
1775 559 1974 614 habitus,

100 635 186 677 -sed
219 633 453 689 potentiae
486 633 685 676 nondum
719 632 914 676 firmiter
960 633 1165 675 inhaeret
1213 646 1293 675 nec
1341 634 1397 675 ad
1445 633 1666 676 virtutem
1715 638 1977 677 constanter

102 707 247 751 «etiam
282 707 330 750 in
364 706 721 749 difficultatibus
754 707 1021 750 exerendam
1058 706 1273 760 disponit.

259 816 307 848 a.
362 795 610 847 Virtutes
664 798 952 864 acquisitae
1006 796 1344 865 imperfectae
1398 814 1505 846 non
1565 806 1691 846 sunt
1739 798 1879 846 inter
1921 815 1975 847 se

107 903 419 936 connexae:
464 887 806 953 experientia
849 888 994 936 enim
1038 893 1251 936 constat
1293 884 1490 936 multos
1533 887 1648 935 sive
1691 904 1760 936 ex
1787 887 1977 935 innata

103 973 291 1024 indole
334 975 449 1024 sive
492 993 560 1025 ex
602 974 786 1044 aliqua
828 975 1182 1026 assuetudine
1239 982 1481 1043 promtos
1531 992 1645 1025 esse
1700 974 1769 1025 ad
1812 992 1978 1042 opera

108 1062 535 1129 misericordiae,
582 1066 674 1133 qui
716 1072 898 1114 tamen
943 1065 1141 1132 promti
1184 1081 1291 1114 non
1336 1071 1462 1114 sunt
1502 1063 1573 1114 ad
1616 1081 1780 1132 opera
1823 1063 1974 1113 casti-

106 1154 251 1217 tatis,
302 1154 433 1202 item
487 1161 728 1221 promtos
785 1171 901 1203 esse
956 1152 1024 1203 ad
1081 1152 1446 1203 exercendam
1501 1154 1823 1217 castitatem,
1884 1153 1978 1220 qui

82 1243 308 1309 >promti
351 1259 460 1292 non
503 1250 629 1292 sunt
677 1241 747 1292 ad
792 1241 1162 1294 exercendam
1218 1240 1602 1292 liberalitatem
1659 1240 1747 1291 Vel
1802 1241 1978 1292 humi·

105 1330 333 1384 litatem.

258 1434 299 1486 b.
343 1434 583 1485 Virtutes
614 1435 903 1503 acquisitae
923 1433 1198 1503 perfectae
1225 1435 1531 1484 necessario
1574 1435 1715 1485 inter
1756 1454 1811 1485 se
1854 1452 1976 1485 con·

107 1543 284 1575 nexae
339 1532 494 1589 sunt3
551 1525 643 1592 qui
699 1541 825 1590 ergo
880 1541 991 1573 una
1046 1531 1208 1585 caret,
1253 1521 1461 1573 nullam
1513 1522 1753 1591 perfecte
1795 1521 1978 1574 habet.

104 1613 266 1664 Ratio
298 1614 515 1664 interna
543 1612 681 1663 haec
719 1630 834 1663 esse
867 1611 1104 1677 videtur,
1150 1613 1279 1680 quia
1321 1629 1429 1662 non
1473 1619 1554 1662 est
1591 1611 1834 1680 perfecta
1875 1612 1980 1661 vir-

85 1712 194 1753 tus
236 1704 353 1753 sine
383 1702 630 1770 perfecta
669 1701 992 1769 prudentia3
1036 1709 1091 1751 at
1132 1699 1227 1751 ubi
1268 1709 1347 1750 est
1387 1699 1631 1769 perfecta
1671 1699 1980 1768 prudentia,

104 1791 186 1841 ibi
229 1809 418 1842 omnes
460 1789 601 1842 aliae
645 1792 876 1841 virtutes
918 1789 1040 1859 plus
1083 1791 1337 1840 minusve
1379 1789 1657 1858 perfectae
1699 1798 1841 1842 sunt.

260 1879 358 1922 Non
389 1879 652 1934 requiritur,
685 1884 738 1922 ut
770 1879 968 1922 virtutes
1002 1880 1229 1934 perfectae
1262 1891 1414 1921 omnes
1448 1877 1638 1921 eundem
1671 1877 1864 1931 gradum
1888 1889 1981 1931 per-

104 1953 324 1996 fectionis
358 1954 613 2008 attingant,
647 1954 723 1996 sed
757 1958 856 1996 tuni
891 1953 938 1996 in
972 1954 1126 1996 eodem
1161 1958 1260 1996 tum
1293 1953 1341 1995 in
1376 1951 1566 1995 diversis
1599 1950 1856 1993 hominibus
1888 1963 1981 1993 una

112 2031 263 2082 potest
297 2029 442 2071 altera
474 2041 568 2071 esse
601 2028 865 2082 perfectior:
900 2028 1006 2071 inde
1039 2029 1109 2082 fit,
1141 2033 1193 2070 ut
1226 2027 1274 2070 in
1306 2040 1395 2070 uno
1429 2030 1584 2069 sancto
1618 2026 1725 2068 haec
1758 2025 1806 2068 in
1838 2026 1982 2068 altero

107 2102 203 2145 alia
236 2102 384 2145 virtus
417 2102 655 2157 praecipue
688 2102 887 2145 emineat
920 2106 1057 2156 atque
1088 2102 1313 2144 laudetur.

730 2352 1023 2410 Articulus
1067 2352 1363 2409 secunduS.

518 2491 597 2529 De
630 2489 973 2530 distinetione
1006 2489 1270 2528 virtutum
1303 2488 1599 2528 moralium.

266 2636 397 2690 233.
469 2636 798 2690 Distinctio
861 2636 1133 2703 specifica
1188 2635 1480 2688 virtutum
1539 2635 1856 2687 moralium
1913 2633 1983 2685 ab

111 2744 308 2777 earum
366 2726 559 2776 obiecto
596 2724 830 2795 formali
884 2726 1203 2776 desumitur.
1287 2723 1580 2788 Quaelibet
1621 2725 1767 2774 enim
1809 2724 1986 2773 virtus

120 2814 342 2866 moralis
382 2821 634 2865 versatur
675 2816 822 2865 circa
876 2813 1082 2865 bonum
1136 2813 1454 2878 honestum3
1510 2820 1588 2862 tot
1628 2829 1753 2879 ergo
1798 2811 1986 2862 distin—

112 2904 371 2974 guendae
426 2912 584 2955 erunt
632 2904 863 2954 virtutes
916 2904 1167 2971 specifice
1210 2902 1478 2965 diversae,
1534 2908 1667 2969 quot
1706 2909 1833 2951 sunt
1872 2919 1985 2969 spe-

120 2993 286 3045 ciales
342 2994 580 3044 rationes
633 2992 765 3043 boni
819 2991 1052 3057 honesti,
1108 2992 1254 3042 circa
1307 2989 1451 3059 quod
1495 2998 1744 3041 versatur
1783 2990 1983 3053 virtus3

120 3083 212 3135 sed
258 3082 510 3152 specialis
552 3081 827 3147 honestas,
871 3099 1035 3149 quam
1079 3082 1255 3131 virtus
1297 3078 1576 3149 quaelibet
1615 3079 1986 3147 prosequitur,

113 3180 199 3224 est
242 3174 359 3223 eius
401 3171 680 3222 obiectum
721 3170 966 3223 formale.

268 3261 485 3304 Diversae
518 3260 719 3302 rationes
752 3259 1008 3302 honestatis
1041 3272 1119 3302 seu
1152 3257 1254 3300 boni
1288 3256 1468 3300 honesti
1500 3256 1572 3298 vel
1605 3254 1894 3309 reperiuntur
1935 3253 1983 3295 in

122 3335 475 3391 operationib11S‚
512 3347 624 3388 quae
657 3338 765 3376 sunt
797 3334 854 3376 ad
898 3334 1110 3386 alterum,
1150 3332 1222 3374 vel
1263 3331 1309 3374 in
1352 3328 1638 3374 moderandis
1681 3326 1984 3383 passionibus:

116 3410 221 3454 ideo
253 3410 481 3452 virtutum
515 3407 754 3451 moralium
789 3408 875 3450 duo
899 3420 1068 3461 magna
1090 3419 1255 3461 genera
1283 3405 1520 3457 habentur,
1542 3404 1739 3446 Virtutes
1761 3414 1873 3455 quae
1895 3413 1988 3443 ver·

119 3490 282 3526 santur
314 3483 429 3526 circa
462 3482 746 3537 operationes
779 3481 839 3523 ad
870 3481 1081 3531 alterum,
1113 3484 1167 3523 ut
1199 3485 1268 3523 est
1290 3479 1474 3522 iustitia
1506 3483 1552 3521 et
1574 3489 1686 3531 quae
1716 3475 1755 3518 ei
1786 3487 1989 3518 annexae
