2269 3898
774 107 840 148 De
871 105 973 160 lege
1004 107 1214 153 humana.
1845 105 1927 147 129

63 241 519 307 congregationes
560 245 883 306 potestatem
933 239 1218 309 legiferam
1269 263 1380 295 non
1421 243 1644 309 habent,
1698 260 1763 293 ne
1807 260 1928 292 con-

63 329 308 398 gregatio
351 327 576 397 quidem
618 326 685 378 de
734 330 1092 397 propaganda
1134 331 1243 382 fide
1294 351 1389 401 pro
1439 332 1758 402 regionibus
1808 333 1929 382 mis-

66 421 298 470 sionum.

215 522 263 572 d.
310 519 448 572 Cum
478 519 619 570 aliae
646 521 1101 586 congregationes
1128 531 1344 590 praeter
1373 542 1412 577 s,
1445 527 1930 594 congregationem

66 613 269 662 rituum
312 616 581 679 potestate
621 608 848 675 legifera
890 619 1129 677 careant,
1174 630 1361 663 earum
1394 613 1613 665 decreta
1645 617 1755 665 vim
1797 615 1933 682 legis

66 699 397 750 universalis
438 716 547 749 non
589 697 812 761 habent,
855 699 960 749 nisi
999 718 1067 750 ex
1094 700 1355 752 mandato
1400 721 1438 753 s.
1468 702 1744 770 pontificis
1787 704 1934 754 edita

67 800 231 858 atque
272 787 341 839 ab
385 806 445 839 eo
487 786 713 856 speciali
742 787 1143 856 approbatione
1174 791 1494 841 confirmata
1525 792 1649 844 sint.
1697 792 1935 844 Decreta

67 887 250 930 autem
293 876 650 946 particularia
691 895 1057 947 unaquaeque
1100 879 1248 929 circa
1279 878 1554 931 obiectum
1584 879 1687 931 sibi
1718 880 1936 931 deman-

70 968 260 1019 datum
303 967 539 1018 condere
581 974 772 1034 potest.
852 966 1007 1018 Haec
1051 967 1270 1018 decreta
1310 967 1476 1019 hodie
1519 988 1549 1019 a
1592 988 1629 1022 S.
1674 970 1935 1037 pontifice

68 1059 125 1108 in
166 1055 343 1107 forma
385 1057 663 1106 communi
695 1055 991 1124 approbari
1022 1056 1226 1121 solent3
1271 1065 1513 1108 attamen
1541 1057 1609 1109 ad
1641 1060 1754 1109 vim
1782 1077 1935 1109 suam

71 1145 438 1197 exercendam
492 1145 595 1196 hac
633 1145 1031 1214 approbatione
1086 1146 1333 1214 indigere
1387 1165 1495 1198 non
1537 1147 1824 1199 videntur:
1868 1147 1938 1199 ad

70 1244 217 1286 certa
271 1236 418 1285 enim
474 1237 692 1302 negotia
745 1235 1093 1304 expedienda
1149 1237 1601 1304 congregationes
1658 1239 1938 1288 institutae

74 1334 125 1376 et
167 1326 478 1376 necessaria
519 1332 784 1394 potestate
827 1326 1126 1376 instructae
1169 1334 1309 1378 sunt.

221 1448 260 1482 e.
305 1428 529 1497 Duplex
572 1429 930 1496 distinguitur
971 1428 1325 1498 approbatio:
1370 1430 1426 1480 in
1453 1429 1639 1499 forma
1681 1430 1942 1498 specifica,

73 1537 181 1588 qua
224 1518 442 1569 decreta
485 1526 604 1586 post
645 1517 880 1585 diligens
933 1535 1167 1568 examen
1224 1517 1472 1568 absolute
1515 1517 1941 1581 confirmantur3

73 1615 125 1659 et
167 1609 223 1658 in
248 1608 435 1677 forma.
476 1607 746 1672 communi,
790 1625 898 1676 qua
928 1606 1149 1658 decreta
1188 1606 1366 1674 rigido
1406 1608 1649 1658 examini
1681 1626 1788 1658 non
1821 1607 1939 1658 sub·

74 1698 338 1748 iiciuntur
390 1704 442 1747 et
497 1696 671 1748 solum
725 1696 1110 1748 condicionate
1165 1697 1232 1764 (si
1276 1698 1444 1748 sacris
1487 1696 1791 1748 canonibus
1834 1716 1941 1748 non

73 1787 403 1856 repugnant)
447 1786 855 1839 confirmantur.

227 1890 350 1933 Haec
396 1889 664 1944 approbatio
712 1893 922 1932 naturam
976 1890 1255 1932 decretorum
1304 1904 1393 1933 non
1428 1894 1594 1945 mutat,
1642 1892 1720 1934 sed
1767 1890 1815 1934 in
1864 1905 1945 1934 sua

79 1963 225 2019 specie
256 1963 489 2018 relinquit,
534 1964 713 2007 decreta
753 1977 913 2019 nempe
958 1977 1071 2018 quae
1103 1964 1396 2019 congregatio
1430 1979 1509 2008 suo
1551 1965 1732 2009 nomine
1774 1970 1818 2008 et
1863 1979 1945 2009 sua

81 2038 358 2082 auctoritate
388 2037 558 2093 condit,
591 2051 696 2093 ergo
730 2039 873 2081 solum
909 2042 1141 2082 externam
1169 2040 1393 2093 quandam
1426 2039 1747 2083 auctoritatem
1772 2040 1835 2082 eis
1867 2040 1944 2082 tri-

81 2112 193 2163 buit;
228 2112 310 2155 illa
341 2118 494 2156 mutat
528 2113 756 2156 decretum
788 2112 836 2155 in
869 2114 1015 2168 legem
1050 2128 1083 2157 s.
1108 2114 1354 2168 pontificis,
1389 2127 1521 2168 quam
1545 2114 1641 2169 ipse
1665 2127 1743 2157 suo
1765 2113 1946 2157 nomine

83 2193 127 2230 et
162 2200 244 2230 sua
275 2187 553 2230 auctoritate
586 2187 753 2230 condit.

219 2276 271 2346 f.
315 2276 391 2328 Ut
434 2276 652 2327 decreta
694 2295 973 2327 sacrarum
1004 2278 1492 2345 congregationum
1523 2278 1636 2328 vim
1666 2277 1948 2345 obligandi

84 2365 342 2428 habeant,
402 2367 700 2417 authentica
757 2384 872 2417 esse
932 2365 1160 2433 debentj,
1216 2366 1536 2418 authentica
1590 2385 1719 2418 vero
1763 2367 1949 2435 digno·

85 2463 326 2520 scuntur‚
370 2473 429 2505 eo
473 2454 619 2524 quod
647 2455 901 2525 formiter
941 2454 1087 2506 edita
1116 2456 1147 2508 i.
1181 2473 1224 2506 e.
1257 2474 1288 2506 a
1316 2457 1755 2524 congregationis
1797 2474 1948 2525 prae-

85 2545 227 2596 fecto
270 2552 322 2595 et
363 2546 652 2596 secretario
695 2544 1004 2613 subscripta
1040 2553 1093 2595 et
1133 2546 1574 2612 congregationis
1616 2545 1792 2613 sigillo
1838 2564 1950 2596 mu-

88 2635 203 2685 nita
255 2641 394 2686 sunt.
480 2634 566 2685 De
619 2633 905 2685 authentia
947 2633 1292 2685 decretorum
1347 2652 1412 2687 ss.
1460 2636 1951 2704 congregationum

88 2723 248 2774 nobis
301 2730 551 2775 constare
609 2731 784 2792 potest
837 2732 932 2774 aut
985 2742 1054 2775 ex
1108 2723 1526 2775 collectionibus
1568 2724 1952 2793 authenticis¹)

89 2821 185 2863 aut
225 2831 295 2863 ex
333 2812 599 2864 relatione
640 2813 968 2882 scriptorum
1009 2812 1116 2864 fide
1158 2812 1469 2880 dignorum.

238 2976 358 3030 113.
411 2975 498 3030 De
554 2977 912 3030 auctoritate
961 2978 1513 3043 congregationum.
1610 2979 1656 3028 1.
1719 2976 1955 3027 Decreta

92 3065 380 3135 yeneralia7
437 3083 578 3134 quae
630 3084 726 3134 pro
781 3068 1042 3116 universa
1096 3064 1326 3116 ecclesia
1381 3064 1698 3116 conduntur
1753 3072 1804 3115 et
1855 3066 1956 3114 rite

94 3152 528 3223 promulgantur,
589 3155 704 3205 vim
759 3153 895 3222 legis
948 3153 1278 3205 universalis
1334 3153 1570 3219 habent,
1629 3161 1681 3204 et
1737 3152 1956 3203 decreta

95 3331 360 3374 immediate
392 3331 448 3374 ab
479 3330 577 3385 ipso
610 3345 643 3373 S.
676 3331 892 3386 pontifice
924 3337 1245 3386 promanarent
1294 3332 1382 3385 (23.
1418 3330 1526 3373 maii
1577 3330 1705 3372 1846.
1754 3329 1821 3372 ed.
1855 3342 1956 3371 nov.

95 3420 139 3448 n.
173 3406 319 3460 2916),
352 3418 485 3459 quam
520 3405 869 3448 declarationem
902 3406 1020 3448 Pius
1051 3406 1135 3448 IX.
1169 3405 1459 3449 confirmavit
1494 3404 1560 3446 17.
1594 3404 1674 3447 iul.
1711 3404 1839 3446 1846.

254 3480 284 3531 1>
313 3479 354 3523 S.
388 3479 433 3522 G.
469 3480 523 3522 R.
557 3479 597 3521 8.
631 3493 724 3534 apr.
760 3479 873 3522 1854
904 3480 1036 3533 (decr.
1070 3480 1196 3523 auth.
1232 3480 1299 3522 ed.
1333 3493 1433 3524 nov.
1468 3492 1510 3520 n.
1545 3477 1692 3533 3023).

188 3555 387 3595 Nolam,
409 3555 467 3585 De
491 3555 699 3594 principiis.
1756 3537 1782 3578 9
