2269 3898
880 178 1130 221 Formulae.
1855 177 1940 218 ‘213

222 312 388 370 Quare
463 311 735 357 humillime
811 311 1089 368 supplicant
1152 310 1530 355 Illustrissimae
1601 309 1945 355 Dominationi

71 386 302 442 Vestrae,
357 392 409 431 ut
461 398 605 444 super
659 385 760 430 illis
809 384 1172 442 impedimentis
1223 382 1365 429 Sedis
1414 384 1589 441 Apost.
1640 383 1944 441 dispensatio

71 465 344 518 opportuna
387 460 672 505 obtineatur
715 458 829 515 (z·el.·
873 464 927 503 ut
969 465 1220 515 tamquam
1265 457 1545 514 Delegatus
1581 456 1725 502 Sedis
1768 458 1944 515 Apost.

71 534 491 592 dispensationem
526 532 796 578 concedere
834 530 1097 587 dignetur)

222 621 403 667 Testor
437 626 661 666 oratores
697 619 994 665 orthodoxae
1029 619 1147 664 fidei
1181 633 1286 664 esse
1324 619 1410 664 sed
1444 618 1566 664 adeo
1600 632 1858 676 pauperes,
1891 626 1946 663 ut

70 697 258 742 nullam
302 700 472 740 taxam
517 695 709 740 solvere
753 694 970 739 valeant.
1034 692 1133 738 Pro
1179 693 1405 750 expensis
1449 698 1616 737 tamen
1648 692 1838 738 Romae
1873 691 1946 738 fa-

71 769 259 815 ciendis
310 769 440 827 apud
489 783 563 815 me
614 769 943 826 deposuerunt
992 766 1053 812 fr.
1105 767 1161 812 lo
1204 766 1316 821 (z·el.·
1364 780 1451 824 pro
1503 767 1815 824 eleemosyna
1867 767 1946 812 de·

69 844 252 889 derunt
288 880 295 887 .
333 880 340 886 .
378 843 408 886 ,Ὗ

81 1097 225 1150 VIII.
271 1096 522 1147 Formido
557 1115 658 1166 pro
685 1096 923 1165 petenda
946 1094 1341 1164 dispensatione
1371 1094 1428 1143 in
1457 1093 1641 1143 ordine
1672 1094 1744 1143 acl
1768 1094 1946 1143 matri-

70 1187 298 1236 monium
329 1185 739 1235 contrahendum
765 1202 922 1253 super
949 1183 1319 1252 impedimento
1347 1181 1544 1233 occulto
1575 1181 1862 1250 affinitatis
1886 1200 1949 1231 ew

69 1274 262 1344 copula
302 1273 498 1325 illicita
536 1273 616 1325 vel
649 1274 901 1335 criminis,
934 1274 1091 1322 eticwn
1120 1290 1222 1322 uno
1252 1270 1332 1322 ‘cel
1355 1280 1573 1339 utroque
1599 1271 1947 1321 machinante.

341 1451 690 1497 Illustrissime
727 1465 785 1496 ac
817 1449 1256 1497 Reverendissime
1290 1448 1517 1502 Domine,

219 1584 383 1630 Titius
434 1590 481 1630 et
518 1584 643 1631 Caia
677 1584 898 1640 (nomina
945 1583 1082 1637 ficta)
1133 1582 1499 1628 matrimonium
1550 1582 1676 1627 inire
1728 1582 1940 1640 cupiunt

69 1660 157 1706 sed
191 1660 380 1705 obstat:
419 1657 466 1703 1⁰
500 1658 900 1716 impedimentum
942 1658 1089 1716 plane
1135 1657 1379 1703 occultum
1423 1669 1578 1713 neque
1620 1657 1950 1714 probabiliter

71 1733 425 1791 divulgandum
481 1731 747 1779 affinitatis
799 1731 947 1790 primi
1000 1731 1185 1787 gradus
1239 1730 1403 1776 lineae
1457 1736 1628 1775 rectae
1683 1734 1839 1775 ortum
1892 1744 1951 1775 ex

71 1810 247 1868 copula
282 1808 464 1854 illicita
506 1807 621 1853 olim
653 1807 828 1852 habita
868 1806 1002 1851 inter
1034 1804 1221 1850 Titium
1257 1811 1307 1850 et
1340 1810 1550 1850 matrem
1586 1802 1765 1860 Caiae;
1810 1803 1949 1850 facta

69 1898 190 1931 vero
236 1883 467 1941 diligenti
511 1882 830 1940 inquisitione
879 1886 1015 1926 certo
1060 1884 1255 1925 constat
1295 1879 1478 1924 nullum
1522 1892 1628 1925 esse
1661 1879 1950 1938 periculum,

72 1957 199 2015 quod
232 1956 394 2003 Titius
445 1956 510 2002 sit
558 1963 705 2014 pater
739 1954 922 2011 Caiae3
971 1954 1022 2000 20
1056 1954 1455 2012 impedimentum
1506 1954 1658 1999 etiam
1706 1955 1950 1999 occultum

73 2033 294 2080 criminis
331 2039 489 2079 ortum
526 2046 585 2077 ex
620 2031 867 2078 adulterio
902 2030 1016 2076 olim
1052 2029 1264 2075 admisso
1299 2029 1431 2074 inter
1464 2033 1702 2083 oratoreS,
1751 2027 1949 2073 vivente

72 2108 272 2154 scilicet
304 2107 460 2165 priori
507 2106 710 2163 coniuge
745 2105 881 2162 Titii,
928 2109 978 2151 et
1014 2118 1073 2150 ex
1107 2102 1469 2149 machinatione
1504 2101 1628 2147 Titii
1660 2101 1710 2146 in
1744 2108 1948 2147 mortem

71 2190 254 2237 uxoris,
288 2181 471 2227 effectu
505 2188 687 2227 secuto.

225 2271 391 2329 Quare
426 2270 809 2316 Illustrissimae
837 2268 1182 2314 Dominationi
1214 2267 1431 2314 Vestrae
1465 2266 1735 2312 humillime
1771 2266 1951 2324 suppli-

74 2351 203 2403 cant,
249 2352 304 2391 ut
337 2359 479 2403 quam
527 2345 763 2391 citissime
800 2343 943 2389 Sedis
976 2342 1303 2400 Apostolicae
1347 2341 1763 2400 dispensat-ionem
1804 2354 1953 2398 super

72 2421 150 2466 his
198 2419 564 2478 impedimentis
613 2422 847 2477 procuret
896 2417 999 2473 (cel,
1047 2416 1481 2472 0b211·ye11t1'ssz·1nas
1527 2414 1732 2458 rationes
1777 2427 1950 2456 moram

72 2496 333 2538 nullatenus
354 2495 618 2551 patientes:
661 2498 715 2539 ut
757 2493 865 2550 ipsa
913 2490 1331 2550 dispensationem
1378 2488 1647 2536 concedere
1683 2488 1938 2545 dignetur)

222 2585 470 2630 Rationes
504 2589 636 2630 sunt:
675 2620 682 2628 .
719 2619 727 2627 .
765 2619 772 2627 .

226 2688 266 2716 cc.
302 2672 357 2720 Si
391 2674 449 2719 ob
485 2672 883 2719 concurrentiam
918 2685 1025 2717 cum
1059 2670 1409 2729 impedimento
1431 2667 1628 2727 publico
1651 2669 1732 2713 vel
1757 2682 1816 2713 ex
1850 2668 1950 2713 alia

75 2762 363 2807 quacunque
389 2761 540 2793 causa
576 2752 709 2793 esset
741 2746 1015 2805 periculum
1038 2743 1304 2803 frangendi
1328 2743 1544 2801 sigillum
1569 2741 1951 2798 sacramentale,

76 2822 355 2868 transmitti
390 2822 602 2868 deberet
632 2821 759 2867 haec
784 2820 1085 2879 supplicatio
1122 2819 1185 2864 ad
1210 2817 1359 2864 Card.
1385 2817 1666 2863 Poenitent.
1700 2816 1950 2862 maiorem.

227 2912 264 2953 b.
297 2910 581 2956 Praeterea
614 2910 662 2955 in
696 2910 785 2956 hoc
831 2923 947 2955 casu
990 2907 1349 2954 modificandae
1397 2913 1563 2952 essent
1597 2905 1841 2963 quaedam
1875 2918 1953 2950 ex-

75 2985 355 3044 pressiones
410 2990 459 3030 et
515 2984 799 3030 dicendum:
849 2981 1256 3029 Eminentissime
1304 2980 1563 3039 Princeps.
1615 2978 1952 3025 Eminentiam

75 3059 325 3105 Vestram.
391 3059 450 3104 In
483 3058 578 3104 fine
613 3072 732 3104 vero
787 3057 950 3104 libelli
1005 3056 1358 3103 convenienter
1415 3055 1710 3101 adderetur:
1745 3052 1949 3099 Sacram

75 3147 345 3192 purpuram
368 3138 588 3180 vestram
611 3132 884 3178 humillime
910 3132 1201 3178 deosculans
1234 3143 1514 3188 permaneo,
1548 3127 1949 3174 Eminentissime

77 3208 335 3266 Princeps,
368 3207 688 3253 Eminentiae
722 3213 924 3252 vestrae
958 3206 1182 3252 Revmae
1218 3204 1441 3250 submiss.
1475 3201 1703 3249 famulus.

890 3295 1049 3341 Iulius
1083 3294 1145 3352 X,
1180 3292 1514 3340 confessarius
1550 3291 1682 3338 civit.
1716 3291 1758 3336 L
1795 3328 1802 3335 .
1841 3328 1848 3335 .
1884 3327 1892 3334 .
