2269 3898
710 182 776 224 De
809 181 985 225 actibus
1018 182 1277 226 moralibus.
1870 189 1924 229 (533

63 327 200 368 quam
233 312 460 367 extirpare
492 312 706 367 negligit,
738 313 1080 356 inadvertenter
1109 314 1232 358 iurat
1255 316 1326 358 vel
1359 316 1660 371 blasphemat,
1689 322 1923 372 peccatum

58 386 328 441 committit,
362 386 468 440 quia
501 385 672 440 singuli
706 390 835 429 actus
867 401 956 429 non
990 387 1171 441 quidem
1195 389 1242 431 in
1266 402 1324 443 se,
1349 390 1426 433 sed
1449 390 1496 432 in
1520 404 1654 434 eausa
1677 393 1926 435 voluntarii

65 464 185 504 sunt.
247 461 468 503 Attamen
500 473 589 502 non
623 464 693 502 tot
728 460 976 503 committit
1011 469 1209 516 peccata,
1250 471 1357 517 quot
1402 463 1659 508 iuramenta
1701 466 1772 508 vel
1817 466 1928 509 blas-

68 534 271 590 phemias
305 533 430 588 dicit,
465 534 542 576 sed
575 546 732 587 unum,
775 533 980 587 illudque
1012 540 1111 576 tum
1146 536 1409 591 committit,
1445 540 1625 591 quando
1660 540 1717 582 ad
1752 554 1928 584 consue-

67 608 273 652 tudinem
321 611 601 650 contractam
656 611 700 649 et
751 607 808 649 ad
857 606 1182 661 obligationem
1231 622 1328 652 eam
1378 611 1638 666 extirpandi
1688 614 1929 657 advertens

55 681 425 726 emendationem
473 681 687 736 negligit.
751 681 796 724 Si
847 681 946 735 quis
995 695 1101 736 ergo
1150 683 1206 725 ad
1251 683 1433 738 singula
1477 693 1674 740 peccata,
1721 701 1832 741 quae
1876 701 1928 731 ex

68 769 209 811 prava
250 755 575 799 consuetudine
619 755 938 809 comittuntur,
984 770 1073 798 non
1117 756 1334 811 advertit,
1381 771 1470 800 non
1515 764 1597 813 est,
1642 774 1719 802 cur
1762 763 1928 803 contes-

69 830 213 874 sarius
247 830 300 873 de
333 843 483 873 eorum
517 842 703 872 numero
738 829 961 873 sollicitus
995 830 1071 872 sit.

213 919 249 961 b.
284 919 353 961 Ex
385 918 456 961 his
489 918 739 973 colligitur,
784 919 914 972 quale
947 923 1181 973 peecatum
1216 919 1276 962 sit
1309 920 1595 974 negligentia
1638 921 1685 963 in
1729 922 1929 965 tollenda

59 993 285 1037 eiusmodi
318 1007 459 1048 prava
491 993 832 1047 consuetudine,
866 1006 979 1047 quae
1012 997 1078 1036 est
1114 1007 1247 1036 causa
1282 998 1580 1048 peccatorum.
1637 994 1681 1037 Si
1715 995 1930 1038 nimirum

59 1072 250 1123 peccata
283 1081 336 1110 ex
369 1067 693 1128 consuetudine
728 1067 966 1111 commissa
998 1068 1160 1122 gravia
1194 1072 1317 1122 sunt,
1351 1068 1638 1123 negligentia
1669 1070 1823 1124 gravis
1847 1074 1930 1124 est,

59 1141 177 1196 -quia
209 1141 428 1196 obligatio
461 1129 558 1184 eain
593 1140 856 1196 extirpandi
890 1142 1045 1196 gravis
1079 1147 1169 1193 est;
1219 1142 1377 1196 quodsi
1422 1147 1606 1197 peccata
1648 1143 1767 1187 levia
1810 1148 1931 1198 sunt,

67 1215 353 1270 negligentia
394 1215 507 1259 levis
551 1219 634 1270 est,
671 1216 775 1270 quia
821 1215 1041 1270 obligatio
1091 1229 1189 1259 eam
1238 1217 1429 1259 tollendi
1475 1217 1588 1260 levis
1632 1222 1723 1268 est;
1774 1218 1932 1272 quodsi

67 1289 252 1332 tandem
284 1289 438 1344 aliqua
471 1289 715 1333 adhibetur
749 1290 954 1333 sollertia
987 1290 1258 1333 emendandi
1292 1292 1678 1345 consuetudinem,
1723 1293 1799 1335 sed
1844 1305 1932 1334 non

54 1363 184 1406 seria
215 1368 351 1418 atque
384 1364 631 1418 sufficiens,
666 1364 839 1419 pariter
871 1364 984 1407 levis
1017 1365 1306 1419 negligentia
1339 1365 1659 1408 committitur.

829 1614 980 1625 fewesxr
991 1610 1093 1623 r-x-bgf
1112 1614 1135 1621 Α
1152 1614 1167 1621 s

632 1898 976 1990 Quaestio
1029 1899 1372 1966 secunda.

473 2052 570 2103 De
625 2050 990 2103 actibus
1045 2050 1539 2103 moralibus,

718 2223 1012 2281 Articulus
1053 2224 1287 2297 primus.

647 2362 724 2400 De
757 2363 953 2400 natura
984 2360 1357 2413 moralitatisffi.

217 2507 311 2562 54.
370 2507 845 2563 Declarationes.
930 2509 974 2560 1.
1036 2507 1324 2559 Afforcclitczs
1380 2516 1458 2559 est
1514 2507 1604 2558 illa
1657 2509 1935 2559 actionum

66 2597 436 2649 'humanarum
487 2598 809 2666 proprietas,
866 2614 973 2665 qua
1025 2595 1202 2647 bonae
1256 2596 1555 2663 (honestae,
1598 2599 1800 2663 rectae)
1848 2596 1935 2646 vel

74 2685 249 2737 malae
289 2685 647 2754 (inhonestae,
702 2703 810 2737 non
852 2692 1050 2750 rectae,
1094 2686 1335 2755 iniquae)
1389 2694 1695 2738 censentur.
1775 2687 1938 2736 Patet

227 2864 255 2920 ¹)
291 2863 505 2917 Quaestio
540 2864 594 2907 de
626 2863 888 2907 moralitate
921 2867 966 2906 et
999 2863 1278 2906 moralitatis
1311 2863 1534 2918 principio
1580 2877 1658 2907 seu
1699 2876 1856 2906 norma
1888 2862 1935 2905 in

75 2938 361 2995 philosophia
393 2938 553 2981 morali
584 2939 719 2981 facile
751 2937 1001 2993 principem
1034 2938 1181 2980 locum
1217 2941 1422 2992 occupat,
1466 2950 1520 2979 ex
1553 2951 1641 2991 qua
1672 2938 1936 2993 praecipuas

68 3014 279 3056 notiones
302 3026 381 3067 pro
402 3012 621 3056 instituto
644 3012 901 3067 theologiae
924 3012 1106 3055 moralis
1131 3012 1401 3056 desumsisse
1423 3011 1616 3055 iuvabit.
1650 3013 1715 3055 Cf.
1742 3012 1937 3063 Saurea„

75 3087 141 3130 De
188 3086 393 3130 bonitate
440 3090 486 3130 et
533 3087 714 3130 malitia
756 3087 1055 3129 humanorum
1100 3091 1298 3129 actuum.
1371 3085 1600 3141 Seltiffim',
1643 3085 1936 3140 Philosophia

78 3161 262 3204 moralis
295 3161 553 3217 (Augustae
585 3161 901 3206 Taurinorum.
964 3161 1183 3204 Marietti.
1235 3161 1368 3214 1891)
1412 3161 1448 3202 Ι.
1491 3175 1534 3203 n.
1569 3161 1623 3202 57
1659 3173 1715 3202 ss.
1758 3173 1801 3201 n.
1838 3159 1935 3202 133.

76 3236 242 3289 Pescla,
272 3236 602 3279 Praelectiones
636 3236 921 3291 dogmaticae
954 3236 1025 3278 III.
1059 3250 1103 3278 n.
1137 3236 1222 3279 615
1256 3249 1311 3278 ss.
1357 3235 1516 3287 Frins,
1539 3235 1628 3276 Zur
1649 3232 1936 3286 Philosophie

82 3311 160 3353 der
191 3309 475 3353 Sittlichkeit
517 3310 800 3365 (Zeitschrift
837 3312 870 3353 f.
904 3312 947 3353 k.
983 3309 1241 3364 Theologie.
1294 3310 1426 3361 1886)
1469 3309 1510 3351 8.
1544 3308 1628 3350 ὖῖῖ
1663 3308 1707 3348 fl.
1777 3304 1935 3348 leeod.

79 3385 256 3440 Meyer,
287 3384 612 3428 Institutiones
633 3384 746 3428 iuris
767 3384 994 3428 naturalis
1017 3383 1266 3439 (Friburgi.
1290 3382 1476 3425 Herder.
1501 3381 1633 3434 1885)
1657 3380 1687 3422 I.
1712 3393 1754 3422 n.
1776 3379 1862 3422 140
1880 3393 1935 3422 ss.

96 3459 153 3501 W.
186 3458 453 3511 Schneider„
495 3458 727 3502 Gottliche
768 3459 1109 3512 VVeltordnung
1155 3458 1248 3500 und
1297 3455 1609 3511 religionslose
1652 3452 1934 3497 Sittlichkeit

71 3532 365 3586 (Paderborn.
399 3532 671 3588 Sch‘oningh.
707 3532 839 3587 1900)
873 3533 911 3575 6.
945 3546 988 3575 u.
1024 3533 1061 3574 7.
1097 3531 1298 3586 Kapitel.
