2269 3898
514 143 579 185 De
611 140 1023 197 dispensationibus
1055 139 1479 182 matrimonialibus.
1852 139 1936 180 147

55 290 292 332 pauperes
324 276 628 330 appellantur,
676 287 863 328 qnorum
913 274 1028 316 bona
1078 273 1249 316 maiora
1297 278 1417 325 sunt,
1466 272 1541 315 sed
1592 271 1740 314 decem
1791 270 1937 312 millia

67 350 269 404 (10.000)
298 351 555 392 francorum
587 361 677 390 non
709 347 975 390 notabiliter
1007 347 1242 390 excedunt.

218 439 253 480 b.
287 438 341 480 In
373 438 575 481 taxanda
607 440 835 479 orat-orum
868 438 1056 479 fortuna
1087 436 1222 478 simul
1271 434 1523 489 computari
1569 433 1731 476 debent
1772 433 1937 475 utrius-

67 526 153 566 que
185 513 330 567 partis
361 513 622 565 facultates,
656 510 745 554 nisi
778 524 870 553 una
901 523 1006 565 pars
1039 509 1291 552 acatholica
1323 509 1408 551 sit:
1443 508 1578 550 huius
1610 508 1729 550 enim
1751 509 1938 549 fortuna

68 601 157 629 non
190 586 467 636 attenditur3
501 586 686 640 insuper
717 585 836 628 ratio
869 584 1077 627 habenda
1109 588 1178 626 est
1210 583 1504 636 hereditatis,
1547 595 1681 636 qnam
1729 581 1825 624 iure
1869 593 1939 623 ex-

68 664 254 715 pectant
287 665 333 702 et
365 660 563 703 muneris
595 660 728 702 valde
759 659 924 702 lucrosi
958 672 993 701 e.
1028 672 1069 712 g.
1106 657 1221 712 regii
1255 657 1470 710 ministri,
1503 656 1665 699 medici
1689 660 1787 708 etc.‚
1821 654 1938 708 quod

65 738 288 778 exercent.

218 837 251 865 c.
284 823 351 865 De
384 822 643 865 condicione
684 827 910 865 oratorum
961 835 994 863 s.
1043 820 1137 863 sedi
1189 824 1393 862 constare
1442 819 1573 861 debet
1621 832 1675 861 ex
1722 818 1939 860 ordinarii

67 897 334 940 authentico
367 896 644 950 testimonio,
679 910 812 950 quam
847 895 1152 938 condicionem
1186 908 1285 937 cum
1320 893 1574 936 ordinarius
1617 906 1715 935 raro
1759 891 1941 946 propria

67 971 260 1014 scientia
308 977 564 1026 cognoscat,
617 984 715 1013 eam
766 970 934 1013 discere
986 969 1117 1012 debet
1165 982 1219 1011 ex
1267 967 1566 1011 attestatione
1614 967 1810 1021 parochi,
1864 965 1939 1019 qui

70 1046 257 1100 proinde
289 1045 585 1100 interrogatis
617 1044 729 1099 ipsis
763 1044 1015 1087 oratoribus
1049 1043 1241 1097 aliisque
1272 1042 1475 1097 personis
1507 1042 1598 1084 fide
1625 1032 1784 1095 'dignis
1829 1040 1941 1082 ordi-

68 1120 246 1163 narium
283 1120 335 1163 de
369 1124 596 1162 oratorum
629 1120 816 1162 fortuna
849 1118 1083 1161 certiorem
1117 1117 1302 1160 reddere
1337 1117 1481 1160 debet.

218 1225 336 1267 snm
371 1238 460 1266 lma
484 1238 604 1279 pars
637 1224 785 1266 altera
819 1224 984 1278 ifflzara
1018 1222 1396 1277 ds..<pensass011em
1420 1223 1583 1276 petere
1604 1219 1767 1275 possit.

220 1328 260 1356 a.
303 1312 357 1359 Si
409 1313 810 1371 impedimentum
865 1319 1046 1357 natura
1100 1325 1187 1357 sua
1239 1319 1496 1366 utramque
1551 1314 1743 1367 partem
1799 1307 1941 1352 simul

71 1388 246 1443 afficit,
278 1394 331 1433 ut
366 1387 766 1445 consanguinitas
794 1388 875 1432 vel
909 1384 1147 1441 affinitas,
1182 1383 1380 1441 sufficit,
1414 1390 1469 1429 ut
1491 1397 1588 1428 una
1611 1396 1728 1441 pars
1753 1381 1943 1438 dispen-

69 1463 311 1508 sationem
345 1468 486 1521 petat
520 1468 566 1507 et
602 1466 851 1519 acceptet:
897 1474 1009 1506 nam
1045 1474 1150 1506 cum
1187 1458 1489 1517 dispensatio
1525 1472 1574 1503 se
1612 1456 1846 1502 extendat
1881 1456 1943 1500 ad

72 1537 354 1583 necessario
390 1549 621 1592 connexa,
665 1550 762 1582 nna
796 1541 941 1593 parte
977 1535 1266 1592 dispensata
1313 1547 1368 1578 eo
1403 1532 1507 1585 ipso
1541 1530 1942 1589 impedimentum

71 1611 300 1657 aufertur
333 1612 481 1657 etiam
519 1612 579 1656 ab
616 1611 792 1666 altera,
828 1610 922 1655 etsi
957 1608 1372 1666 dispensationem
1406 1605 1725 1664 ignoraverit.

223 1702 259 1743 b.
295 1700 349 1746 Si
382 1700 782 1758 impedimentum
824 1704 1004 1744 natura
1050 1712 1138 1743 sua
1169 1711 1315 1743 unam
1358 1703 1549 1754 partem
1584 1699 1776 1740 tantum
1812 1693 1946 1738 inde-

70 1776 345 1834 pendenter
380 1776 439 1820 ab
477 1776 639 1820 altera
673 1773 847 1825 afficit,
892 1780 945 1818 ut
979 1779 1143 1819 votum
1180 1771 1430 1817 castitatis
1475 1770 1579 1816 sive
1616 1771 1675 1814 ab
1710 1783 1807 1814 una
1841 1769 1944 1813 sive

70 1852 134 1896 ab
167 1859 375 1907 utraque
414 1850 654 1905 emissum,
702 1848 1004 1906 dispensatio
1037 1847 1142 1905 peti
1176 1846 1370 1904 quidem
1411 1850 1575 1903 potest
1609 1844 1765 1890 inscia
1798 1851 1943 1902 parte

71 1939 197 1983 qnae
232 1924 580 1983 impedimento
616 1921 848 1969 afficitur.
889 1926 1111 1967 attamen
1143 1929 1197 1966 ut
1229 1921 1398 1966 valeat
1435 1919 1751 1978 dispensatio,
1788 1918 1848 1963 ab
1885 1931 1944 1962 ea

73 2000 330 2058 acceptari
355 1999 516 2044 debet.

226 2148 356 2201 142.
411 2149 495 2201 De
539 2147 819 2201 solvenda
867 2148 1011 2199 taxa
1050 2145 1143 2199 vel
1193 2143 1616 2212 componenda.
1695 2145 1740 2194 1.
1790 2144 1943 2193 Tama

74 2239 326 2290 solvenda
392 2238 679 2288 occasione
740 2236 1168 2304 dispensationis
1235 2233 1491 2285 obtentae
1555 2232 1713 2301 plura
1773 2233 1829 2282 in
1890 2250 1945 2282 se

76 2329 346 2379 continet:
389 2348 438 2378 α.
480 2336 662 2378 taccam
705 2326 922 2394 proprie
967 2325 1171 2375 dictam
1214 2341 1309 2392 pro
1353 2323 1747 2374 sustentatione
1790 2322 1944 2371 mini-

75 2426 311 2468 strorum
366 2415 658 2467 tribunalis
710 2415 926 2465 romani
984 2414 1274 2477 Datariaess,
1339 2413 1380 2465 b.
1440 2410 1799 2481 componenda
1853 2429 1947 2460 seu

75 2507 426 2574 eleemosyna
486 2523 580 2573 pro
642 2503 868 2555 arbitrio
934 2521 973 2554 s.
1037 2501 1181 2553 sedis
1242 2503 1297 2552 in
1362 2503 1450 2570 pia
1512 2519 1678 2570 opera
1739 2502 1946 2569 impen-

79 2595 288 2657 denda;
347 2614 387 2647 c,
445 2594 703 2645 salarium
766 2610 860 2661 pro
923 2591 1109 2643 labore
1167 2592 1385 2660 agentia,
1448 2592 1541 2660 qui
1598 2592 1654 2641 in
1713 2590 1946 2657 negotiis

80 2685 346 2735 dioecesis
398 2683 605 2734 Romae
657 2682 886 2750 agendis
944 2699 1166 2750 operam
1224 2699 1377 2731 suain
1435 2687 1703 2749 praestat3
1764 2680 1814 2730 d.
1867 2698 1945 2730 εκ-

76 2792 270 2844 pensas
304 2771 558 2842 postales.

229 2879 277 2930 2.
322 2876 379 2928 Si
422 2897 453 2927 α
493 2878 731 2928 Dataria
772 2878 975 2945 petitur
1004 2875 1336 2944 dispensatio
1379 2874 1638 2944 informa
1666 2873 1951 2924 ordinaria.

81 2968 169 3019 vel
209 2969 266 3018 in
292 2967 480 3037 forma
522 2964 792 3029 nobilium,
851 2966 1158 3016 oratoribus
1200 2963 1462 3014 solvenda
1505 2964 1815 3030 iniungitur
1856 2961 1948 3012 ali-

81 3076 190 3126 qua
230 3065 375 3118 taxa,
435 3074 574 3124 quae
615 3072 710 3123 pro
755 3072 942 3105 eorum
985 3052 1356 3119 facultatibus,
1400 3071 1496 3121 pro
1539 3062 1737 3103 natura
1779 3053 1949 3120 impe-

82 3145 315 3197 dimenti
357 3153 409 3195 et
449 3162 544 3213 pro
588 3162 753 3194 causa
795 3142 1155 3212 dispensandi
1200 3141 1418 3193 diversa
1460 3150 1557 3193 est.

231 3248 392 3303 Exigit
425 3248 605 3302 quidem
651 3247 889 3290 concilium
939 3247 1258 3300 tridentinum,
1307 3250 1360 3288 ut
1408 3245 1555 3300 gratis
1605 3241 1950 3298 dispensetur¹);

81 3329 288 3366 attamen
322 3323 392 3365 his
424 3323 531 3365 illae
563 3325 746 3365 tantum
781 3326 915 3364 taxae
959 3320 1268 3376 prohibentur,
1313 3332 1425 3374 quae
1465 3319 1513 3362 in
1560 3319 1734 3361 lucrum
1779 3316 1952 3371 dispen-

241 3502 269 3556 Ι>
306 3501 545 3544 Concilium
579 3500 685 3542 trid.
720 3512 825 3542 sess.
860 3499 929 3541 24.
965 3513 997 3541 c.
1033 3499 1059 3542 ἴ)
1092 3500 1159 3542 De
1190 3501 1370 3542 reform.
1404 3502 1538 3540 matr.

1689 3569 1772 3612 10*
