2269 3898
268 110 326 154 42
1013 108 1079 151 De
1111 107 1418 151 matrimonio.

272 251 537 314 acceptet,
582 244 678 295 sed
717 243 1032 312 requiritur,
1078 248 1136 292 ut
1177 240 1349 292 altera
1391 260 1518 310 pars
1557 242 1932 311 repromittat:
1976 242 2152 294 solum

276 335 423 385 enim
467 334 511 384 si
552 333 842 401 promissio
872 338 1159 400 acceptata
1189 349 1285 399 per
1312 331 1797 400 repromissionem
1827 331 2152 383 confirmata

274 432 370 489 est,
415 421 651 473 habetur
691 422 980 490 utriusque
1021 422 1195 489 partis
1237 427 1428 472 mutua
1470 419 1755 488 obligatio.

424 540 463 568 [ι.
499 525 782 568 Promittens
815 527 920 567 ante
962 524 1365 580 repromissionem
1413 527 1593 566 tenetur
1640 526 1768 567 stare
1805 525 2070 580 promissis,
2117 525 2155 568 si

271 600 476 644 absolute
509 604 554 643 et
588 600 795 655 gratuito
819 599 1088 654 promittere
1111 598 1328 653 intendit,
1362 599 1494 641 modo
1517 599 1663 641 altera
1686 612 1789 653 pars
1812 598 2155 654 promissionem

272 675 591 731 acceptaverit.
657 674 896 718 Ordinarie
939 688 1043 717 vero
1085 674 1161 728 qui
1204 673 1434 728 sponsalia
1475 674 1741 717 contrahere
1784 673 2002 728 intendit,
2049 677 2160 717 ante

271 750 660 806 repromissionem
697 749 755 792 ad
789 749 905 792 nihil
940 749 1194 803 obligatur:
1242 747 1379 792 verba
1412 748 1532 791 enim
1577 748 1946 791 contrahentium
1986 748 2155 791 intelli-

270 825 420 880 genda
456 830 564 867 sunt
605 824 850 867 secundum
884 828 1097 866 naturam
1144 826 1428 873 contractus;
1474 823 1552 866 sed
1594 823 1825 877 sponsalia
1864 827 2033 866 natura
2074 836 2160 865 sua

272 903 381 943 sunt
415 903 677 942 contractus
710 904 912 953 muttum,
947 897 1022 952 qui
1070 911 1159 940 non
1194 897 1400 941 continet
1432 898 1718 952 sponsionem
1765 897 2034 952 simplicem,
2077 897 2154 941 sed

272 973 638 1017 condicionatam
661 991 668 1015 :
693 973 931 1029 promitto,
964 973 1007 1015 si
1038 975 1083 1015 tii
1119 985 1292 1028 quoqne
1313 972 1567 1028 promittis.
1631 972 1743 1015 Inde
1776 977 1926 1015 ortum
1961 977 2030 1015 est
2052 972 2154 1015 ada-

271 1049 399 1104 gium
432 1049 554 1091 inter
587 1048 847 1091 canonistas
879 1047 1130 1090 usitatum:
1165 1047 1399 1103 sponsalia
1434 1059 1518 1089 non
1553 1046 1813 1090 claudicant
1851 1047 1881 1089 i.
1916 1060 1951 1090 e.
1987 1052 2069 1090 aut
2106 1047 2156 1090 in

272 1129 465 1178 utroque
499 1136 660 1178 sponso
695 1127 776 1165 aut-
810 1122 857 1165 in
889 1127 1052 1166 neutro
1086 1122 1275 1177 pariunt
1308 1121 1651 1177 obligationem.

421 1213 458 1255 b.
491 1212 770 1267 Frequenter
802 1211 849 1254 in
890 1211 1206 1267 acceptatione
1250 1211 1564 1267 promissionis
1605 1211 1865 1255 virtualiter
1898 1211 2162 1254 continetur

269 1287 577 1343 repromissio;
613 1287 677 1330 sic
709 1286 874 1330 mulier
907 1287 1120 1341 honesta,
1170 1298 1284 1340 quae
1328 1289 1433 1340 post
1472 1285 1832 1341 acceptationem
1877 1286 2157 1342 sponsalium

269 1363 317 1406 in
349 1362 701 1406 fornicationem
736 1362 979 1416 consentit,
1011 1362 1083 1405 vel
1118 1374 1232 1416 quae
1264 1360 1609 1416 promissionem
1642 1364 1867 1416 acceptat,
1914 1366 2156 1416 postquam

271 1438 325 1481 de
358 1437 646 1493 sponsalibus
679 1437 753 1480 hic
785 1440 831 1481 et
864 1451 984 1480 nunc
1019 1436 1341 1480 contrahendis
1376 1439 1529 1479 actum
1579 1440 1663 1491 est,
1706 1435 1972 1480 virtualiter
2014 1449 2159 1491 repro-

270 1513 455 1557 mittere
488 1516 695 1557 censetur
706 1512 746 1567 ¹).

419 1663 506 1717 41.
550 1664 601 1716 4.
647 1662 807 1733 Sifflzo
849 1662 1090 1714 sensibili
1133 1680 1415 1731 esopi-essct:
1457 1679 1635 1731 neque
1675 1662 1822 1713 enim
1859 1660 1926 1713 de
1967 1679 2156 1730 accep·

270 1753 477 1803 tatione
520 1753 904 1821 promissionis
947 1771 1049 1804 nec
1091 1751 1160 1803 de
1201 1752 1626 1821 repromissione
1669 1758 1920 1802 constare
1959 1758 2157 1820 potest,

270 1842 377 1893 nisi
420 1860 489 1893 ex
531 1850 762 1912 utraque
805 1850 959 1911 parte
1001 1840 1376 1893 adhibeantur
1429 1842 1588 1910 signa
1630 1849 1876 1893 externa.
1957 1840 2157 1910 Requi-

269 1938 466 1983 runtur
507 1940 691 1983 autem
735 1939 787 1982 et
829 1930 1117 1983 sufficiunt·
1158 1929 1252 1982 illa
1295 1931 1468 1999 signa,
1525 1949 1666 2000 quae
1720 1930 1809 1981 vel
1859 1948 1930 1981 ex
1971 1949 2028 1982 se
2069 1929 2157 1982 vel

270 2040 338 2072 ex
388 2039 490 2073 usu
532 2021 622 2073 vel
677 2040 745 2073 ex
799 2022 1077 2073 adiunctis
1126 2020 1445 2089 significant
1499 2021 1923 2090 promissionem
1975 2021 2157 2072 matri-

271 2113 442 2162 monii
506 2111 903 2164 determinatae
965 2129 1233 2180 personae
1293 2110 1528 2162 factam:
1591 2109 1779 2178 verba,
1842 2118 2026 2176 nutUS,
2075 2110 2159 2162 lit-

269 2212 417 2252 terae
460 2208 560 2255 ete.

420 2320 461 2348 a.
498 2305 644 2360 Quare
676 2320 766 2349 non
800 2307 922 2349 fiunt
955 2306 1186 2362 sponsalia
1230 2305 1301 2349 his
1345 2305 1519 2349 verbis:
1566 2305 1787 2360 promitto
1828 2305 1914 2348 tibi
1957 2318 2155 2349 amorem

269 2394 435 2436 meum,
468 2382 744 2425 fidelitatem
778 2395 949 2434 meam3
984 2395 1074 2424 non
1107 2381 1245 2424 aliam
1282 2381 1443 2424 ducam
1476 2380 1566 2423 nisi
1591 2386 1649 2423 te.
1715 2380 1838 2423 Haec
1855 2380 1975 2424 enim
1996 2379 2155 2423 verba:

270 2456 371 2498 Non
406 2456 565 2500 (lucam
599 2457 757 2509 aliam,
790 2470 922 2512 quom
956 2459 998 2499 te
1036 2482 1089 2487 —-
1122 2456 1225 2499 iuro
1257 2470 1328 2498 me
1350 2456 1522 2498 millam
1546 2455 1685 2498 aliam
1709 2455 1949 2499 [lucturum
1961 2458 2162 2511 praeter

268 2534 311 2573 te
342 2545 433 2575 non
465 2532 702 2575 continent
735 2545 843 2575 vera
875 2532 1120 2587 sponsalia,
1155 2531 1263 2586 quia
1295 2545 1384 2574 non
1418 2530 1687 2585 significant
1720 2529 1977 2573 absolutam
2001 2529 2159 2574 matri·

270 2606 409 2649 monii
443 2607 803 2662 promissionem.
868 2606 980 2650 Cum
1015 2620 1167 2650 eorum
1203 2619 1361 2649 sensus
1387 2605 1471 2648 sit:
1506 2606 1550 2648 si
1571 2605 1772 2660 aliquam
1796 2604 2018 2648 ducturus
2040 2618 2161 2657 sum,

269 2682 311 2723 te
344 2681 521 2734 (lucam,
554 2681 631 2736 qui
665 2681 779 2726 serio
813 2681 1037 2725 eiusmodi
1070 2681 1220 2725 verbis
1252 2681 1419 2735 utitur,
1452 2681 1510 2723 ad
1544 2680 1820 2723 alterutrum
1844 2684 2042 2735 tenetur,
2075 2684 2160 2724 aut

270 2756 327 2798 ad
361 2755 684 2800 abstinendum
718 2771 745 2801 a
778 2756 1072 2801 matrimonio
1105 2761 1188 2800 aut
1220 2757 1278 2799 ad
1311 2757 1427 2799 hanc
1471 2755 1736 2799 ducendam.
1800 2755 2011 2799 Ceterum
2055 2767 2156 2798 cum

271 2830 490 2874 eiusmodi
527 2832 765 2886 promissio
799 2845 854 2875 ex
886 2845 977 2875 una
1010 2836 1141 2887 parte
1173 2833 1299 2874 fact-a
1341 2844 1433 2873 non
1477 2830 1650 2885 obliget
1693 2829 1783 2873 nisi
1826 2843 1881 2873 ex
1927 2829 2161 2873 fidelitate

271 2910 317 2949 et
350 2905 540 2960 proinde
573 2906 655 2950 sub
687 2907 794 2962 levi,
826 2920 881 2951 ex
931 2906 1092 2962 quavis
1139 2906 1404 2949 rationabili
1453 2919 1589 2949 causa
1631 2906 1740 2949 licet
1787 2905 1926 2949 aliam
1970 2917 2155 2948 uxorem

271 2981 445 3024 ducere.

422 3071 458 3114 b.
492 3071 614 3126 Ergo
647 3076 827 3126 praeter
859 3071 996 3115 verba
1029 3071 1169 3115 etiam
1204 3071 1297 3115 alia
1341 3071 1474 3127 signa
1516 3085 1550 3118 6,
1597 3084 1642 3126 g.
1685 3069 1878 3113 traditio
1919 3074 1966 3113 et
2008 3082 2159 3124 accep-

273 3145 390 3189 tatio
423 3145 597 3200 annuli,
631 3146 854 3200 porrectio
888 3160 1066 3202 manus,
1100 3146 1271 3190 oblatio
1305 3151 1352 3190 et
1384 3145 1640 3202 acceptatio
1673 3158 1911 3189 munerum
1956 3147 2040 3188 etc.
2081 3144 2160 3187 ad-

272 3220 414 3264 hiberi
449 3225 656 3276 possunt,
690 3234 817 3276 quae,
866 3221 903 3264 si
945 3221 1241 3277 praecesserit
1285 3221 1504 3265 tractatio
1548 3221 1601 3264 de
1644 3223 1805 3264 futuro
1847 3218 2160 3273 matrimonio,

271 3295 555 3340 sufficienter
588 3308 852 3339 consensum
886 3297 1208 3352 sponsalitium
1243 3296 1524 3353 significant.

428 3490 456 3546 ¹>
487 3490 973 3534 Ballerini-Palmieri
1003 3490 1077 3533 VI.
1111 3505 1154 3534 11.
1191 3491 1260 3534 22.
