2269 3898
285 173 369 214 150
1026 169 1091 210 De
1122 165 1426 209 matrimonio.

289 311 517 364 concedi
561 309 777 370 dicitur⁷
833 305 877 355 si
926 304 1042 371 ipse
1086 302 1336 369 superior
1377 302 1589 370 (sancta
1631 297 1803 357 sedeS,
1847 298 2162 366 episcopus>

291 399 543 453 concedit
596 397 828 465 gratiam
885 391 1312 460 dispensationis
1368 398 1420 440 et
1474 389 1631 441 alteri
1688 386 1863 440 solum
1919 387 2165 455 iniungit

288 488 608 541 mandatum
651 502 776 536 cum
820 480 1151 550 dispensatis
1202 497 1270 529 ex
1326 478 1508 529 officio
1564 477 2015 530 communicandi
2058 476 2160 527 dis·

288 577 666 647 pensationem
711 573 928 624 factam.

429 694 469 723 a.
504 679 553 722 In
585 674 926 733 impedimentis
961 674 1143 718 occultis
1176 671 1456 727 dispensatio
1501 674 1601 714 tum
1650 685 1676 713 a
1725 684 1757 713 s.
1808 671 1910 713 sede
1958 675 2056 713 tum
2106 670 2164 713 ab

280 755 487 810 episcopo
521 751 701 796 concedi
735 751 850 793 solet
882 750 929 792 in
961 750 1109 792 forma
1142 746 1462 790 commissoria.
1526 745 1580 787 In
1612 745 1954 800 impedimentis
1968 746 2164 800 publicis

282 843 307 871 a
341 831 499 870 sancta
531 827 634 869 sede
669 823 1028 879 dispensationes
1082 822 1230 864 solent
1281 820 1377 863 dari
1431 819 1479 863 in
1531 821 1679 862 forma
1732 820 2053 874 commissoria,
2107 819 2166 863 ab

280 901 500 957 episcopis
533 907 686 943 autem
734 898 888 953 potius
928 897 976 940 in
1014 898 1162 939 forma
1204 894 1422 950 gratiosa.
1496 894 1551 936 In
1597 893 2012 948 dispensationibus
2056 908 2164 950 ergo

283 974 714 1028 matrimonialibus,
749 985 862 1027 quae
895 971 1203 1015 conceduntur
1234 969 1282 1012 in
1315 971 1463 1012 forma
1508 968 1831 1022 commissoria‚
1871 967 2164 1023 impedimen-

281 1060 379 1092 tum
412 1063 501 1091 non
534 1052 807 1101 removetur,
841 1046 1018 1100 quando
1052 1044 1314 1088 conceditur
1345 1043 1615 1098 rescriptum
1663 1043 2040 1097 dispensationis,
2086 1043 2162 1086 sed

285 1124 462 1178 quando
495 1122 772 1165 fulminatur
805 1134 882 1164 seu
915 1119 1172 1163 executioni
1207 1119 1456 1162 mandat-ur
1490 1117 1783 1172 dispensatio.

434 1213 468 1254 b.
504 1212 576 1254 Ad
611 1211 954 1254 diiudicandum
989 1210 1188 1252 valorem
1226 1207 1587 1262 dispensationis
1619 1206 1798 1250 attendi
1834 1206 1967 1250 debet
1999 1208 2057 1251 ad
2079 1209 2166 1250 for-

280 1301 415 1341 mam,
450 1300 538 1341 qua
570 1286 652 1329 illa
684 1285 969 1328 conceditur:
1019 1298 1126 1327 nam
1159 1287 1212 1326 ut
1256 1282 1413 1325 valida
1458 1281 1519 1324 sit
1564 1280 1870 1336 dispensatio,
1913 1295 2074 1325 causae
2114 1282 2164 1324 in

277 1361 430 1404 libello
464 1360 659 1416 supplici
692 1360 862 1403 allatae
893 1372 1026 1402 verae
1059 1371 1155 1401 esse
1189 1357 1354 1400 debent
1399 1370 1448 1399 eo
1497 1364 1714 1411 tempore,
1767 1369 1854 1411 quo
1902 1357 2167 1400 conceditur

282 1435 577 1491 dispensatio.
641 1434 760 1478 Hinc
793 1434 831 1477 si
886 1433 1167 1488 dispensatio
1222 1431 1486 1475 conceditur
1538 1430 1586 1473 in
1637 1431 1785 1473 forma
1838 1431 2166 1486 commissoria,

279 1523 439 1553 causae
471 1523 604 1553 verae
637 1522 731 1553 esse
764 1508 942 1561 debent,
977 1508 1156 1562 quando
1190 1506 1541 1560 commissariUS,
1575 1509 1620 1549 et
1665 1507 1702 1549 si
1749 1506 2028 1561 dispensatio
2067 1520 2164 1550 con-

281 1585 458 1628 ceditur
491 1585 539 1627 in
570 1586 719 1627 forma
752 1583 971 1638 gratiosa,
1005 1596 1165 1626 causae
1197 1594 1330 1625 verae
1364 1595 1459 1625 esse
1493 1581 1673 1637 debent,
1707 1582 1886 1636 quando
1929 1581 2164 1637 dispensat

279 1659 403 1703 curia
435 1659 530 1702 sive
562 1673 749 1702 romana
782 1658 878 1701 sive
910 1658 1192 1713 episcopalis.

429 1764 462 1793 r.
497 1750 595 1792 Hac
626 1749 674 1792 in
707 1762 754 1792 re
785 1749 1039 1792 notandum
1074 1755 1143 1791 est
1177 1749 1406 1791 decretum
1441 1747 1662 1803 probante
1695 1747 1847 1790 Leone
1893 1747 2029 1789 XIII.
2076 1747 2163 1790 edi-

280 1831 393 1879 tum,
429 1838 517 1879 quo
546 1824 772 1867 statuitur
804 1824 1075 1866 facultatem
1111 1822 1405 1878 dispensandi
1439 1822 1494 1865 ab
1525 1822 1853 1877 impedimento
1881 1822 2162 1865 matrimonii

285 1898 431 1941 salide
465 1898 679 1941 exerceri
708 1911 794 1940 non
821 1911 973 1954 posse,
1007 1903 1254 1952 antequam
1291 1898 1613 1940 documentum
1649 1897 1783 1939 datae
1821 1897 2063 1940 facultatis
2103 1897 2167 1940 sit

280 1978 525 2028 receptum,
567 1985 711 2027 neque
753 1974 963 2016 sufficere
1004 1973 1219 2015 nuntium
1267 1970 1631 2028 telegraphicum
1674 1972 1728 2015 de
1771 1971 1881 2014 data
1923 1971 2167 2024 facultate,

277 2048 365 2091 nisi
421 2047 592 2091 notitia
645 2047 958 2102 telegraphica
1011 2047 1284 2091 transmissa
1335 2048 1479 2091 fuerit
1531 2061 1585 2090 ex
1634 2046 1785 2089 officio
1819 2046 2096 2090 auctoritate
2130 2060 2161 2089 s.

277 2120 450 2176 sedis1).

429 2213 476 2264 2.
527 2212 985 2281 Dispensationes
1035 2212 1420 2264 conceduntur
1471 2224 1568 2264 aut
1619 2232 1716 2283 pro
1758 2214 1892 2284 foro
1947 2223 2163 2265 externo

280 2310 376 2352 aut
415 2320 512 2371 pro
553 2302 685 2372 foro
728 2305 952 2353 interim.
1033 2304 1186 2354 Inter
1229 2302 1366 2354 haec
1410 2302 1518 2354 duo
1559 2321 1763 2371 genera
1807 2303 2162 2373 dispensatio-

280 2410 412 2442 num
465 2392 671 2462 duplex
722 2393 1028 2444 notandum
1084 2401 1165 2444 est
1221 2392 1548 2444 discrimen:
1611 2413 1660 2446 α.
1721 2392 2164 2461 dispensationes

280 2499 375 2550 pro
418 2481 533 2532 foro
577 2491 803 2533 externo
847 2501 878 2534 a
921 2502 959 2535 s.
991 2482 1119 2534 sede
1164 2483 1528 2553 exequendae
1566 2484 1987 2534 committuntur
2023 2483 2162 2534 ordi-

281 2572 464 2635 nario3
525 2571 964 2641 dispensationes
1006 2591 1137 2624 vero
1179 2591 1278 2642 pro
1323 2573 1438 2624 foro
1481 2574 1698 2624 interno
1742 2573 2166 2624 committuntur

231 2710 236 2715 .
282 2660 611 2712 confessario
640 2660 709 2713 ab
742 2662 1051 2714 oratoribus
1078 2663 1362 2731 eligend03
1404 2663 1448 2715 b.
1480 2663 1620 2715 aliae
1649 2671 1777 2714 sunt
1806 2662 2165 2714 condiciones

281 2758 333 2800 et
387 2750 681 2814 clausulae,
737 2752 837 2803 sub
894 2752 1096 2822 quibus
1148 2753 1530 2804 conceduntur
1580 2752 2022 2822 dispensationes
2062 2770 2162 2822 pro

281 2839 393 2890 foro
451 2850 695 2907 externo,
750 2850 803 2892 et
855 2841 1012 2909 aliae,
1069 2841 1170 2894 sub
1215 2842 1417 2912 quibus
1460 2843 1842 2895 conceduntur
1885 2843 2160 2912 dispensa·

282 2929 459 2980 tiones
500 2948 596 2998 pro
639 2930 755 2983 foro
798 2932 1029 2985 internO.

430 3093 556 3147 145.
589 3093 673 3147 De
697 3097 1113 3150 commissario
1140 3111 1242 3149 seu
1268 3099 1594 3151 executore
1619 3098 2161 3166 dispensationum,

281 3200 424 3253 quae
466 3201 560 3251 pro
589 3183 722 3252 foro
766 3192 981 3236 exter-no
1026 3187 1422 3253 conceduntur,
1478 3207 1547 3239 ex
1600 3189 1718 3239 iure
1765 3189 1973 3239 recenti
2023 3187 2161 3239 haec

285 3272 526 3324 notanda
569 3273 761 3338 sunt2).

437 3464 465 3518 ¹)
500 3466 544 3509 S.
584 3467 790 3524 Officium
826 3470 893 3510 14.
928 3482 1030 3524 aug.
1068 3470 1195 3513 1892.

435 3538 468 3592 ²)
500 3540 544 3582 S.
585 3541 791 3597 Officium
825 3542 893 3585 20.
928 3543 1039 3605 febr.
1076 3546 1206 3589 1888.
1240 3545 1368 3589 iussu
1402 3546 1573 3590 Leonis
1607 3547 1742 3590 XIII.
