2269 3898
193 1741 294 1781 ,κ’ζ,

288 123 383 168 212,
975 119 1050 162 IV.
1083 119 1150 162 De
1182 118 1472 162 conscientia.

292 256 599 308 secundum
661 272 796 323 quas
853 255 910 304 in
967 251 1397 322 particularibus
1458 251 1680 304 casibus
1740 252 2044 322 scrupulosi
2107 271 2171 304 se

291 346 549 414 dirigant,
595 361 694 394 nec
721 360 926 405 eorum,
971 359 1112 411 quae
1153 340 1482 410 praescribit
1522 343 1794 393 rationem
1836 343 1913 393 eis
1948 341 2163 394 reddat.

437 433 488 486 cl.
548 431 806 501 Scrupuli
863 432 1010 481 circa
1062 429 1201 481 haec
1264 431 1371 481 tria
1430 432 1778 498 potissimum
1842 437 2169 482 versantur:

288 541 340 576 α.
384 523 609 573 Timent
649 519 975 589 scrupulosi,
1019 538 1087 570 ne
1116 520 1306 588 pravis
1349 519 1796 587 cogitationibus,
1841 521 2167 589 praesertim

290 620 480 663 contra
521 609 688 661 fidem
730 617 825 661 aut
861 610 1188 675 castitatem,
1232 626 1521 660 assensum
1550 607 1922 677 praebuerint.
1962 609 2029 660 In
2057 611 2170 661 hoc

288 720 418 753 casu
457 699 765 769 scrupulosi
792 698 1028 749 docendi
1055 704 1198 761 sunt,
1241 715 1351 748 non
1380 698 1770 764 cogitationem
1802 707 1898 748 aut
1924 715 2161 763 sensum,

289 791 384 843 sed
414 790 591 842 solum
619 806 951 840 consensum
980 805 1096 839 esse
1125 794 1435 856 peccatum,
1481 787 1843 854 cogitationes
1882 796 1935 838 et
1973 806 2168 840 sensus

286 878 720 932 contemnendos
763 895 906 943 esse,
950 878 1176 945 insuper
1212 875 1474 927 monendi
1506 883 1649 940 sunt,
1692 895 1760 927 ne
1789 895 1991 945 pravas
2019 879 2163 945 cogi-

284 971 519 1022 tationes
566 970 624 1020 in
666 966 1011 1019 confessione
1053 973 1331 1032 accusent,
1375 966 1481 1016 nisi
1521 965 1657 1017 adeo
1699 973 1855 1036 certe>
1887 968 2065 1033 sciant
2094 985 2170 1030 pse*

285 1060 647 1124 consensisse,
690 1064 751 1108 ut
792 1056 860 1107 de
901 1074 1174 1107 consensu
1217 1056 1398 1105 iurare
1440 1056 1667 1124 possint.
1705 1039 1774 1126 β.
1809 1055 2050 1122 Timent,
2094 1075 2172 1108 ne·

284 1149 656 1200 confessiones
697 1146 1025 1215 praeteritae
1067 1152 1162 1196 aut
1191 1143 1475 1195 invalidae
1502 1152 1598 1195 aut
1627 1144 1929 1212 sacrilegae
1957 1145 2164 1196 fuerint

283 1241 400 1291 sive
442 1245 668 1307 propter
712 1235 990 1287 defectum
1044 1235 1380 1301 integritatis
1435 1235 1553 1285 sive
1607 1242 1830 1303 propter
1884 1234 2161 1286 defectum

280 1328 502 1421 doloris,
581 1327 647 1379 In
689 1324 795 1377 hoc
838 1343 969 1377 casu
1011 1323 1367 1393 scrupulosus
1409 1322 1577 1374 semel
1629 1324 2033 1376 confessionem
2073 1343 2161 1393 ge-

196 1477 199 1479 ,
280 1406 527 1496 {neralem
582 1416 871 1467 instituere
922 1414 1291 1484 per-mittam«,
1350 1415 1394 1464 si
1436 1412 1646 1464 nullam
1689 1421 1852 1465 antea
1894 1414 2171 1480 instituit,

202 1541 207 1556 1
280 1497 428 1574 facta
468 1514 653 1558 autem
696 1504 864 1556 semel
907 1504 1285 1582 5001355549115
1279 1502 1541 1571 generali
1591 1521 1660 1554 ne
1701 1503 2053 1572 permittatur
2095 1502 2171 1555 de-

228 1592 233 1619 ³
280 1578 609 1680 praeteritiS,
667 1613 809 1665 quae
860 1601 988 1645 ante
1042 1592 1293 1644 ultimam
1355 1593 1760 1644 confessionem
1817 1592 2160 1659 acciderunt,

258 1686 513 1742 „verbum
568 1686 770 1750 facere,
827 1683 932 1734 nisi
994 1683 1299 1733 certissime
1354 1682 1493 1732 sciat
1547 1700 1603 1732 se
1655 1689 1947 1750 peccatum
1987 1700 2162 1750 grave

317 1777 624 1828 ommisisse
682 1772 928 1843 illudque
985 1790 1274 1841 nunquam
1323 1771 1546 1838 dixisse,
1605 1772 1774 1823 immo
1830 1772 2173 1842 quandoque>

168 1917 174 1925 ,
241 1865 528 1944 =absolute
581 1862 1032 1915 interdicendum
1088 1869 1186 1927 est,
1246 1880 1316 1913 ne
1368 1860 1436 1912 de
1489 1862 1800 1930 praeteritis
1853 1860 2158 1931 quidquam

87 1947 518 2036 Wjssccuset.
596 1972 647 2020 γ,
690 1953 758 2005 In
801 1953 952 2004 omni
993 1953 1208 2003 actione
1263 1958 1553 2020 peccatum
1609 1950 1699 2002 vel
1752 1953 1965 2020 peccati
2020 1951 2157 2020 peri-

279 2043 465 2098 culum
506 2046 719 2096 timent.
795 2041 863 2094 In
904 2040 1011 2093 hoc
1053 2060 1185 2092 casu
1229 2040 1568 2110 scrupulosis
1609 2040 2016 2109 iniungendum
2060 2047 2165 2108 est,

277 2146 337 2188 ut
378 2134 664 2204 scrupulos
707 2142 758 2184 et
811 2135 1036 2184 timores
1090 2138 1464 2197 contemnant,
1520 2128 1693 2182 libere
1749 2137 1932 2199 agant,
1987 2131 2164 2181 immo-

279 2233 469 2278 contra
511 2222 797 2293 scrupulos
839 2228 1150 2291 operentur,
1196 2221 1302 2271 nisi
1345 2219 1634 2271 evidenter
1675 2220 1732 2270 in
1775 2221 1991 2271 actione
2032 2237 2156 2288 pec-

281 2326 466 2367 catum
495 2320 846 2381 cognoscant.
898 2310 966 2362 In
1003 2311 1348 2362 confessione
1391 2327 1522 2360 vero
1564 2309 2000 2378 permittendum
2045 2327 2159 2360 non.

278 2414 372 2469 est,
430 2412 490 2456 ut
542 2404 660 2455 fuse
714 2408 1012 2471 exponant,
1071 2400 1396 2470 praesertim
1450 2400 1494 2449 si
1551 2399 1616 2450 de
1658 2397 1914 2467 turpibus
1955 2399 2163 2467 agitur,

277 2495 409 2566 quid
455 2493 837 2562 cogitaverint,
894 2509 1035 2561 quae
1076 2491 1326 2554 fecerint,
1382 2489 1596 2558 quoties
1639 2495 1830 2539 contra
1872 2489 2152 2539 conscien-

275 2587 410 2636 tiam
453 2584 689 2652 egerint:
735 2588 978 2652 praestat
1019 2581 1167 2631 enim
1210 2581 1253 2630 si
1295 2580 1352 2630 in
1393 2596 1595 2646 genere
1636 2586 1853 2629 tantum
1885 2577 1952 2629 de
1983 2576 2067 2629 his
2098 2595 2166 2628 se-

278 2682 555 2736 accusent,
600 2674 710 2724 nisi
754 2671 821 2723 de
860 2677 1087 2740 peccato
1130 2668 1294 2738 plane
1337 2675 1564 2721 constet.

426 2784 465 2816 e.
511 2762 764 2814 Tandem
791 2760 1158 2812 confessarius
1182 2758 1433 2809 attendat
1454 2757 1525 2809 ad
1556 2757 1682 2823 du0,
1725 2775 1865 2826 quae
1896 2755 2157 2808 dicuntur

265 2851 558 2924 pvivileyia
601 2851 1080 2920 scrupulosorum:
1125 2865 1179 2900 α.
1222 2846 1574 2917 scrupulosos
1616 2847 1881 2897 nimirum
1924 2863 2034 2896 non
2076 2852 2163 2896 te-

275 2945 392 2995 neri
446 2942 517 2993 ad
572 2959 694 2992 eam
734 2939 1094 3038 diligentiam
1148 2939 1206 2989 in
1248 2938 1507 2989 examine
1551 2937 1941 3002 conscientiae,
1986 2953 2153 3004 quam

273 3032 368 3084 alii
411 3031 678 3083 adhibere
712 3015 938 3092 debent,
983 3029 1114 3098 quia
1141 3028 1455 3079 accuratius
1482 3018 1718 3077 examen
1748 3024 1886 3077 nihil
1913 3023 2154 3094 prodest,

276 3122 374 3175 sed
417 3122 595 3189 magis
637 3137 727 3171 eos
755 3118 1065 3189 perturbat,
1112 3114 1554 3188 13.sc1upulosos
1588 3133 1698 3166 non
1724 3115 1899 3166 teneri
1925 3112 1996 3165 ad
2027 3130 2156 3164 con-

278 3212 571 3263 fessionem
601 3227 807 3275 corum,
836 3226 975 3278 quae
1004 3208 1109 3277 ipsi
1139 3225 1194 3259 se
1226 3207 1561 3258 commisisse
1584 3206 1919 3267 existimant,
1944 3188 2061 3255 sive
2084 3221 2154 3253 ex

274 3301 570 3370 praeterita
622 3299 739 3349 vita
792 3299 908 3349 sive
950 3316 1019 3348 ex
1059 3296 1254 3348 ultima
1311 3296 1669 3359 confessione,
1727 3293 1822 3346 sed
1864 3292 2038 3344 solum
2081 3292 2151 3343 ad

275 3389 680 3442 confessionem
709 3405 914 3454 eorum,
959 3405 1099 3456 quae
1125 3386 1290 3439 obvio
1333 3387 1591 3437 examine
1634 3383 1927 3436 evidenter
1952 3383 2149 3451 gravia

276 3487 506 3548 peccata
548 3496 664 3530 esse
708 3484 1129 3545 cognoscuntur,
1174 3476 1274 3528 etsi
1318 3475 1422 3526 hac
1464 3475 1678 3526 ratione
1709 3473 1996 3598 integritas
2026 3488 2155 3522 con-
