2269 3898
766 74 832 116 De
863 72 1059 128 peccatis
1092 72 1376 127 capitalibus.
1765 129 1774 137 ι
1915 74 1999 115 341

292 229 331 260 c.
375 208 509 258 Tres
551 207 758 275 species
797 224 894 256 seu
934 205 1081 256 modi
1120 205 1324 257 diversi
1365 204 1527 256 huius
1569 206 1681 256 irae
1723 205 2000 272 assignan-

140 304 256 348 tur:
313 313 365 348 α.
407 313 598 347 rancor
637 293 845 361 (Groll),
903 295 995 363 qui
1038 301 1118 344 est
1158 295 1253 360 ira,
1312 301 1581 363 quatenus
1636 301 1824 344 causat
1864 293 2002 344 indi·

137 386 474 452 gnationem,
538 384 882 434 aversionem
944 390 995 433 et
1053 382 1268 448 odium3
1333 385 1382 452 β.
1439 384 1656 434 insania
1708 380 1998 451 (Tollheit),

140 491 283 540 quae
324 480 402 523 est
428 474 524 537 ira,
556 480 825 540 quatenus
852 479 1090 522 mentem
1118 473 1345 522 rationis
1374 490 1475 523 usu
1504 473 1713 540 privat;
1755 489 1805 535 γ.
1848 470 2003 533 furor

135 559 376 627 (wath),
430 561 522 629 qui
564 569 644 611 est
683 562 779 625 ira,
833 569 1102 630 quatenus
1144 561 1200 611 in
1241 578 1490 611 enormes
1530 568 1708 612 motus
1749 567 2002 611 externos

135 650 392 718 erumpit.

290 754 339 805 3.
382 753 486 818 Ira7
542 760 703 820 prout
744 760 822 802 est
874 753 1212 804 inordinatus
1266 754 1531 822 appetitus
1584 753 1862 816 vindictae,
1920 759 2003 803 est

137 848 426 910 peccatum
488 859 552 891 θα)
590 858 770 910 yenerc
823 859 914 892 suo
969 841 1218 893 mortale:
1278 841 1481 892 directe
1535 842 1682 892 enim
1731 847 2001 908 repugnat

135 930 356 981 caritati
399 929 487 980 Vel
541 930 707 980 etiam
748 931 1005 996 iustitiae,
1065 932 1192 999 quia
1233 931 1544 981 inordinate
1585 928 1674 980 vel
1715 931 1879 980 etiam
1921 930 2000 979 in-

138 1021 279 1069 iuste
319 1020 569 1087 proximo
623 1017 827 1069 malum
870 1021 1110 1088 appetit3
1165 1020 1316 1088 atqui
1355 1026 1583 1088 peccata
1635 1026 1826 1069 contra
1867 1018 1998 1068 cari-

135 1115 304 1159 tatem
347 1107 435 1158 vel
477 1109 739 1159 iustitiam
782 1127 850 1159 ex
891 1127 1090 1176 genere
1134 1127 1227 1160 suo
1271 1108 1522 1160 mortalia
1562 1117 1703 1159 sunt.

285 1199 407 1242 Haec
439 1198 508 1241 ira
541 1199 870 1243 committitur:
907 1212 946 1239 α.
981 1211 1080 1241 cum
1115 1197 1214 1251 quis
1238 1197 1278 1240 ei
1300 1196 1481 1251 appetit
1502 1195 1769 1250 vindictam,
1803 1195 1877 1248 qui
1901 1207 1997 1237 eam

133 1284 226 1315 non
259 1276 470 1327 meretur,
504 1273 576 1315 vel
607 1275 646 1322 β.
681 1273 805 1316 ultra
837 1286 972 1327 quam
1005 1276 1204 1314 meretur
1235 1271 1307 1314 vel
1339 1285 1379 1322 γ.
1397 1284 1487 1313 non
1519 1270 1577 1312 ad
1610 1268 1812 1311 debitum
1846 1269 1999 1321 finem,

135 1345 310 1389 scilicet
342 1360 431 1389 non
465 1360 519 1389 ex
551 1347 646 1389 zelo
679 1346 902 1401 iustitiae,
937 1347 1013 1388 sed
1047 1359 1100 1389 ex
1134 1345 1234 1388 odio
1267 1358 1481 1399 personae
1521 1344 1592 1387 vel
1636 1343 1693 1386 ad
1737 1342 1998 1386 satiandum

131 1420 338 1463 animum
372 1420 643 1463 malevolum
677 1420 748 1463 vel
781 1433 835 1463 ex
867 1419 1056 1462 libidine
1090 1418 1318 1461 vindictae
1350 1422 1434 1460 etc.

793 1667 1086 1725 Articulus
1129 1668 1339 1725 sextus

904 1807 982 1844 De
1015 1804 1215 1845 acedia.

285 1950 412 2005 312.
484 1953 529 2002 1.
572 1951 793 2004 Acedia
834 1951 1135 2019 specialis,
1177 1959 1338 2020 prout
1379 1959 1456 2002 est
1505 1951 1702 2001 vitium
1747 1950 1996 2019 capitale,

131 2049 215 2091 est
253 2040 476 2091 tristitia
504 2039 570 2091 de
600 2040 742 2092 bono
772 2040 961 2091 divino
989 2039 1197 2092 scilicet
1224 2040 1290 2091 de
1315 2041 1490 2109 gratia
1520 2047 1572 2090 et
1599 2040 1842 2090 amicitia
1871 2039 1994 2091 Dei.

283 2157 323 2188 a.
359 2143 527 2186 Acedia
561 2143 655 2187 late
687 2146 870 2198 accepta
904 2147 972 2187 est
1006 2144 1209 2187 taedium
1244 2157 1320 2187 seu
1353 2143 1552 2187 tristitia
1596 2144 1649 2186 de
1697 2143 1859 2186 labore.
1923 2142 1997 2185 Di—

131 2218 311 2261 viditur
342 2218 390 2262 in
422 2219 679 2261 naturalem
714 2222 759 2260 et
793 2218 1079 2273 spiritualem
1113 2219 1375 2273 (moralem).
1438 2218 1684 2261 Naturalis
1707 2222 1776 2261 est
1794 2217 1995 2261 taedium

132 2306 214 2335 seu
258 2292 455 2335 tristitia
506 2293 559 2335 de
605 2291 755 2334 labore
805 2292 1000 2347 corporis
1050 2292 1104 2336 ob
1151 2293 1247 2336 eius
1296 2292 1637 2336 difficultatem.
1700 2292 1835 2335 Patet
1884 2293 1998 2335 hanc

130 2367 335 2410 acediam
382 2381 408 2409 a
452 2365 786 2420 defatigatione
830 2366 1027 2421 corporis
1070 2370 1116 2409 et
1158 2380 1184 2409 a
1225 2367 1405 2410 defectu
1444 2366 1611 2410 virium
1655 2365 1790 2421 probe
1839 2366 1996 2408 distin-

132 2441 361 2496 guendam
396 2454 503 2485 esse.
564 2440 734 2483 Acedia
765 2440 1022 2496 spiritualis
1055 2440 1280 2484 dividitur
1310 2441 1359 2484 in
1390 2440 1645 2495 generalem
1678 2445 1723 2483 et
1757 2440 1996 2495 specialem

132 2528 214 2558 seu
247 2515 503 2570 capitalem.
571 2514 812 2557 Generalis
844 2518 911 2558 est
944 2515 1146 2558 taedium
1182 2528 1259 2558 seu
1291 2515 1489 2558 tristitia
1522 2515 1575 2557 de
1597 2513 1728 2558 rebus
1751 2513 1996 2568 spirituali-

138 2589 219 2632 bus
253 2589 305 2632 ob
338 2589 536 2632 laborem
568 2589 617 2631 in
649 2588 742 2631 illis
775 2589 1032 2632 exercendis
1064 2588 1379 2632 necessarium.
1443 2588 1565 2631 Haec
1596 2589 1775 2632 accedia
1806 2602 1896 2631 non
1928 2592 1997 2631 est

137 2667 371 2718 peccatum
407 2662 599 2717 speciale
633 2676 659 2705 a
690 2666 873 2717 peccato
906 2676 985 2718 per
1016 2662 1421 2717 transgressionem
1464 2662 1692 2717 praecepti
1741 2675 1795 2705 ex
1842 2661 1998 2705 acedia

132 2738 372 2781 commisso
407 2736 691 2790 distinctum,
724 2741 778 2779 ut
811 2737 847 2779 si
881 2737 980 2791 quis
1013 2751 1067 2780 ex
1099 2737 1255 2780 acedia
1287 2736 1463 2780 omittit
1498 2750 1671 2779 sacrum
1717 2736 1997 2779 dominicale.

138 2811 359 2867 Specialt's
392 2815 459 2854 est
493 2810 692 2853 tristitia
725 2811 778 2854 de
810 2810 924 2854 bono
959 2811 1108 2854 divino
1141 2812 1170 2854 i.
1204 2825 1239 2854 e.
1276 2812 1329 2854 de
1375 2810 1528 2866 gratia
1570 2814 1614 2853 et
1661 2811 1867 2853 amicitia
1898 2810 1998 2864 Dei,

138 2885 305 2941 quippe
338 2898 450 2940 quae
484 2897 563 2938 per
595 2883 952 2928 observationem
996 2887 1312 2929 mandatorum
1358 2885 1592 2928 difficilem
1636 2899 1686 2928 ac
1726 2884 1997 2928 laboriosam

132 2958 408 3013 acquirenda
440 2961 484 3001 et
518 2959 823 3002 conservanda
856 2959 930 3002 sit.

284 3032 319 3074 b.
355 3032 558 3087 Speciale
591 3032 758 3075 vitium
791 3033 980 3088 speciali
1010 3033 1167 3076 virtuti
1189 3038 1445 3088 opponatur
1467 3037 1658 3088 oportet.
1722 3033 1894 3087 Virtus,
1926 3033 1996 3075 cui

131 3106 291 3150 acedia
323 3105 582 3161 opponitur,
614 3111 684 3150 est
715 3108 889 3150 caritas
923 3108 1044 3150 Dei:
1076 3108 1283 3163 specialis
1315 3108 1435 3151 enim
1469 3109 1657 3151 effectus
1690 3108 1896 3151 caritatis
1929 3111 1996 3150 est

135 3179 359 3234 gaudium
395 3180 448 3223 de
480 3180 574 3223 Deo
608 3193 686 3223 seu
720 3182 772 3224 de
803 3180 917 3224 bono
966 3181 1135 3236 divino,
1182 3181 1336 3225 acedia
1382 3186 1535 3225 autem
1586 3182 1638 3224 de
1683 3181 1795 3223 bono
1844 3179 1998 3222 divino

145 3254 377 3308 tristatur,
410 3267 459 3296 eo
492 3255 610 3308 quod
643 3255 738 3297 sine
770 3255 920 3299 labore
950 3269 1040 3298 non
1073 3255 1377 3311 acquiritur‘).

298 3419 322 3467 ⁵]
357 3417 423 3460 Cf.
458 3432 481 3457 s
537 3417 724 3459 Thomas
757 3417 812 3460 II.
845 3417 903 3459 ΙΙ.
940 3431 979 3470 q.
1013 3418 1082 3462 35.
1116 3431 1154 3460 a.
1189 3416 1228 3459 3.
