2269 3898
631 149 698 191 De
730 147 1085 203 proprietatibus
1117 148 1410 192 matrimonii.
1897 153 1951 194 33

85 294 236 335 presse
270 282 465 325 declaret
499 281 579 324 lloc
600 281 892 336 pricileffl‘nm
927 295 952 322 a
990 281 1171 324 Christo
1205 282 1398 324 Domino
1421 282 1465 324 in
1481 284 1693 338 favorem
1709 285 1826 341 fidei
1855 299 1950 328 con-

90 369 261 398 cessum
297 358 340 398 et
359 369 450 411 per
483 355 729 410 apostolum
764 355 961 397 Paulum
984 356 1323 410 promulgyatnm
1357 356 1507 409 ess-(3¹).

234 518 327 571 31.
377 519 462 571 De
503 518 824 585 privilegio
866 518 1176 585 paulin02).
1266 519 1622 588 Privilegium
1664 521 1949 589 paulinum

87 614 168 658 est
207 609 290 658 ius
331 608 551 674 coniugi
595 624 662 655 ex
704 605 1030 657 infidelitate
1073 625 1334 657 converso
1390 616 1442 657 et
1495 607 1772 677 baptizato
1816 609 1948 660 divi-

85 696 233 746 nitus
293 712 612 746 concessum
668 696 724 745 in
782 697 942 746 certis
999 696 1274 747 adiunctis
1331 696 1483 747 aliud
1541 699 1948 749 matrimonium

85 782 330 847 ineundi,
375 801 480 852 quo
523 784 657 833 inito
702 785 1110 835 matrimonium
1155 785 1209 835 in
1253 784 1577 836 infidelitate
1611 796 1948 838 contractum

85 871 421 923 dissolvitur.

236 977 281 1026 1.
326 975 740 1027 Matrimonium
783 978 839 1028 in
882 976 1206 1028 infidelitate
1251 985 1592 1029 contractum
1623 987 1674 1029 et
1703 997 1950 1031 consum—

85 1072 294 1115 matum
337 1064 475 1116 solvi
529 1083 702 1134 posse,
759 1065 994 1117 edicitur
1050 1066 1136 1118 his
1189 1067 1402 1118 verbis:
1470 1065 1672 1125 Quodsi
1726 1069 1953 1135 infidelis

84 1154 322 1215 discedit.
382 1154 651 1206 discedat:
707 1174 808 1206 non
865 1157 1000 1206 enim
1050 1158 1292 1207 servituti
1343 1156 1600 1207 subiectus
1656 1166 1731 1207 est
1766 1157 1952 1226 frater

85 1251 176 1294 aut
228 1262 377 1294 soror
430 1244 485 1294 in
537 1244 849 1297 huiusmodi.
930 1245 1143 1314 Nempe
1187 1264 1254 1296 ex
1297 1245 1579 1296 voluntate
1624 1245 1826 1298 Christi
1869 1266 1950 1298 ca-

84 1333 200 1383 veri
245 1331 423 1398 debet,
481 1351 548 1383 ne
592 1335 876 1385 conversio
919 1333 989 1385 ad
1032 1334 1195 1385 fidem
1240 1335 1305 1396 ei,
1350 1336 1442 1404 qui
1486 1337 1840 1401 convertitur,
1885 1337 1953 1386 sit

84 1420 311 1473 molesta
354 1430 405 1473 et
448 1440 702 1487 onerosa3
746 1424 897 1491 atqui
941 1424 1227 1474 conversio
1271 1425 1409 1492 parti
1446 1423 1594 1474 fideli
1631 1423 1794 1476 Valde
1831 1443 1950 1476 one-

82 1529 204 1562 rosa
258 1521 413 1576 esset7
470 1513 512 1562 si
567 1513 670 1581 ipsi
725 1511 795 1562 ad
849 1511 985 1563 alias
1042 1513 1263 1581 nuptias
1312 1514 1544 1564 transire
1587 1531 1695 1564 non
1736 1513 1951 1564 liceret:

82 1619 211 1652 nam
253 1610 348 1653 aut
389 1602 624 1669 innupta
666 1619 888 1652 manere
930 1609 1025 1652 aut
1067 1619 1190 1652 cum
1234 1600 1483 1652 molestia
1528 1602 1671 1652 vitae
1727 1610 1779 1652 et
1826 1602 1949 1653 fidei

84 1690 324 1759 periculo
384 1709 509 1742 cum
565 1691 799 1758 coniuge
850 1690 1059 1741 infideli
1119 1689 1437 1741 cohabitare
1495 1689 1732 1744 deberet.
1821 1691 1951 1743 Ideo

83 1779 259 1832 voluit
320 1778 586 1845 Christus,
653 1787 713 1830 ut
765 1778 1051 1830 vinculum
1114 1781 1450 1830 matrimonii
1513 1781 1567 1830 iu
1629 1775 1952 1832 infidelitate

86 1877 427 1921 contractum
474 1868 611 1920 solvi
654 1877 851 1938 posset.

233 1974 344 2016 Pars
377 1987 591 2017 conversa
625 1973 669 2016 vi
703 1973 934 2028 privilegii
968 1973 1143 2027 paulini
1176 1973 1445 2015 facultatem
1479 1986 1567 2014 non
1600 1972 1736 2015 habet
1768 1973 1954 2016 ineundi

82 2062 223 2091 novas
255 2048 442 2103 nuptias
474 2047 563 2091 nisi
597 2062 692 2091 cnm
727 2048 819 2090 alia
842 2050 984 2103 parte
1017 2047 1250 2090 catholica.
1314 2047 1420 2090 Ideo
1455 2046 1491 2089 si
1525 2048 1810 2090 contraheret
1854 2061 1952 2090 cum

84 2127 213 2177 parte
245 2122 437 2177 infideli,
487 2122 828 2165 matrimonium
876 2121 1131 2164 invalidum
1182 2125 1299 2164 esset
1347 2124 1530 2175 propter
1577 2121 1953 2176 impedimentum

86 2196 374 2252 disparitatis
418 2197 581 2250 cultim,
616 2202 659 2239 et
711 2196 746 2239 si
796 2196 1081 2238 contraheret
1132 2209 1231 2238 cum
1264 2200 1394 2250 parte
1442 2195 1668 2238 haeretica
1700 2196 1772 2239 vel
1821 2196 1953 2239 schis-

84 2271 267 2326 matica,
301 2271 643 2314 matrimonium
680 2270 882 2313 validum
919 2271 1099 2324 quidem
1134 2274 1267 2323 esset,
1301 2270 1377 2312 sed
1410 2269 1625 2312 illicitum
1660 2274 1844 2325 propter
1874 2270 1951 2312 im-

87 2346 401 2401 pedimentum
436 2345 609 2388 mixtae
641 2344 889 2399 religionis.
954 2343 1003 2386 In
1036 2344 1183 2399 priore
1216 2357 1321 2386 casu
1365 2343 1572 2399 pontifex
1619 2344 1865 2399 dispensat,
1908 2345 1954 2388 in

86 2420 334 2476 posteriore
367 2423 521 2463 autem
555 2433 644 2462 non
680 2419 816 2462 datur
849 2417 1178 2474 dispensatiossju

236 2512 284 2562 2.
341 2510 753 2561 Matrimonium
808 2511 863 2560 in
919 2508 1243 2560 infidelitate
1298 2515 1642 2559 contractum
1697 2525 1805 2559 non
1856 2507 1952 2559 sol-

86 2601 249 2667 vitur,
305 2599 525 2669 quando
568 2600 863 2668 suscipitur
904 2598 1228 2667 baptismus,
1284 2616 1385 2648 nec
1427 2597 1648 2666 quando
1701 2616 1827 2666 pars
1877 2599 1952 2649 in-

86 2688 261 2740 fidelis
304 2687 546 2740 declarat
598 2707 652 2739 se
706 2687 850 2740 nolle
906 2687 1223 2739 cohabitare
1278 2705 1403 2738 cum
1454 2694 1607 2755 parte
1650 2685 1816 2754 fideli,
1860 2687 1954 2738 sed

84 2778 293 2847 quando
329 2797 463 2847 pars
491 2776 675 2846 fidelis
716 2776 867 2829 aliud
906 2778 1298 2828 matrimonium
1339 2776 1502 2841 iniffi).

238 2882 282 2925 Si
316 2895 422 2937 ergo
445 2895 549 2937 pars
582 2881 730 2925 fidelis
762 2895 929 2925 novum
965 2881 1307 2925 matrimonium
1341 2894 1429 2922 non
1456 2879 1699 2934 contrahit,
1733 2883 1778 2922 et
1799 2883 1957 2934 postea

87 2957 225 3000 etiam
260 2957 406 3000 altera
438 2970 542 3011 pars
575 2956 872 3010 convertitur,
903 2970 994 2999 non
1025 2955 1134 2998 licet
1166 2954 1362 3009 amplius
1395 2953 1465 2996 uti
1491 2953 1734 3009 privilegio
1757 2953 1957 3009 paulino,

87 3030 193 3085 quia
226 3034 429 3074 cessante
461 3032 552 3073 fine
584 3029 816 3085 privilegii
862 3043 939 3085 per
986 3029 1320 3072 conversionem
1368 3027 1513 3082 partis
1562 3027 1763 3071 infidelis
1811 3033 1956 3071 cessat

243 3208 274 3264 ¹)
323 3208 370 3251 S.
425 3208 631 3265 Officium
682 3210 750 3251 11.
793 3208 873 3253 iul.
920 3210 1049 3252 1886.
1115 3209 1182 3253 Cf.
1231 3206 1496 3250 Zeitschrit't
1539 3208 1571 3248 f.
1620 3207 1663 3248 k.
1706 3205 1787 3247 Th.
1833 3205 1951 3247 XVI.

86 3283 236 3337 (1892)
267 3284 309 3327 S.
346 3282 431 3326 158
463 3284 494 3324 f.

243 3355 274 3413 2)
308 3357 375 3401 Cf.
410 3358 481 3400 De
512 3357 692 3400 Becker
724 3371 765 3411 p.
799 3357 886 3398 412
919 3369 974 3399 ss.

241 3431 274 3486 ³)
309 3432 375 3476 Cf.
413 3432 596 3475 Ge'nicot
624 3432 683 3474 II.
717 3445 761 3474 n.
794 3431 894 3485 559,
927 3431 967 3473 ἴ).

238 3507 274 3561 4)
307 3506 353 3549 S.
393 3506 599 3563 Officium
634 3506 702 3548 11.
735 3505 815 3548 iul.
850 3505 977 3548 1866.

178 3599 209 3630 N
225 3607 245 3630 ο
257 3599 268 3629 1
281 3600 304 3630 d
317 3599 330 3629 i
342 3607 390 3639 n,
417 3599 474 3629 De
498 3597 753 3629 matrimonio.

1755 3576 1781 3618 09
