2269 3898
758 130 825 172 De
858 134 1106 183 systemate
1139 130 1311 174 morali.
1879 133 1966 175 249

99 261 235 313 solet
276 264 606 328 consentire,
651 271 904 313 censetur
955 280 1063 314 non
1121 265 1489 329 consensisseg
1546 267 1588 314 si
1631 272 1813 323 autem
1855 284 1965 316 non

97 358 180 401 est
206 352 499 402 timoratae
530 352 904 402 conscientiae
947 360 1000 403 et
1041 351 1177 402 alias
1205 352 1520 421 frequenter
1556 371 1786 422 peccare
1813 353 1964 419 solet,

97 441 442 490 consensisse
485 446 753 490 censetur.

246 544 294 594 3.
339 544 401 594 In
431 542 587 593 dubio
630 542 876 592 standum
918 551 1114 612 estpro
1144 543 1322 594 valore
1365 552 1510 595 cletus
1552 545 1666 596 vel:
1712 547 1767 596 in
1796 545 1964 597 dubio

95 632 465 699 praesumitur
524 631 626 681 rite
681 631 907 697 factum,
974 631 1121 700 quod
1175 631 1240 682 de
1297 633 1415 682 iure
1456 632 1776 684 faciendum
1831 643 1962 687 erat.

94 719 250 769 Haec
289 718 478 786 regula
519 720 654 770 iuris
695 719 798 770 hoc
841 720 1002 771 modo
1046 720 1388 789 applicatur:
1434 723 1476 772 si
1509 721 1716 773 factum
1759 725 1963 791 princi-

93 806 216 876 pale
258 818 466 857 certum
510 815 605 873 est,
649 815 701 858 et
743 807 1028 860 dubitatur
1068 809 1157 859 vel
1214 809 1279 859 de
1322 809 1483 860 modo
1540 809 1724 861 debito
1767 811 1855 861 vel
1898 811 1964 861 de

92 895 420 947 condicione
473 899 799 959 necessaria,
843 896 980 948 haec
1021 899 1122 949 rite
1164 898 1406 949 adfuisse
1456 907 1777 967 censenturg
1834 899 1965 949 hinc

93 987 186 1054 qui
229 984 460 1051 dubitat,
505 1004 636 1037 num
697 1005 820 1036 cum
874 987 1171 1038 sufficienti
1217 987 1401 1038 dolore
1444 987 1842 1039 confessionem
1889 990 1963 1039 in·

93 1075 344 1139 stituerit,
388 1092 508 1125 eam
549 1077 652 1126 rite
694 1076 996 1127 instituisse
1053 1077 1423 1145 praesumitur
1477 1085 1528 1127 et
1580 1077 1811 1145 proinde
1855 1096 1963 1128 non

90 1169 307 1213 tenetur
348 1164 546 1214 iterum
590 1164 856 1216 confite-ri.

238 1266 288 1318 4.
328 1266 392 1316 In
433 1265 591 1318 dubio
623 1270 953 1337 praesumtio
997 1277 1103 1320 stat
1131 1288 1237 1338 pro
1280 1270 1565 1338 superiore.
1633 1269 1689 1320 Si
1732 1269 1963 1321 dubium

89 1362 186 1420 est,
228 1373 361 1405 num
402 1364 759 1425 praeceptum
801 1376 832 1407 a
874 1359 1154 1426 superiore
1197 1359 1518 1425 impositum
1560 1359 1627 1408 sit
1670 1360 1873 1409 iustum
1912 1367 1964 1409 et

89 1442 347 1510 prudens,
390 1443 763 1496 obediendum
806 1454 900 1508 est,
945 1447 1074 1515 quia
1117 1447 1319 1496 iustum
1352 1454 1403 1496 et
1432 1446 1672 1514 prudens
1695 1465 1810 1497 esse
1841 1466 1963 1516 sup-

89 1533 338 1600 ponitur:
384 1551 512 1583 nam
554 1533 854 1597 ratio‚boni
885 1536 1195 1584 communis
1225 1536 1414 1601 exigit,
1459 1543 1518 1585 ut
1558 1553 1653 1604 pro
1684 1538 1962 1604 superiore

88 1628 499 1689 praesumatur3
543 1623 768 1691 insuper
808 1622 1000 1673 adesse
1029 1632 1260 1691 possunt
1290 1626 1571 1693 praecepti
1603 1626 1811 1675 motiva
1841 1624 1960 1676 sub-

90 1710 218 1761 ditis
259 1711 464 1778 ignota,
522 1718 574 1761 et
635 1711 700 1762 de
742 1713 878 1780 ipsis
919 1711 1229 1763 rationibus
1283 1713 1425 1763 notis
1482 1712 1676 1764 melius
1718 1716 1965 1782 superior

88 1799 335 1850 iudicare
377 1817 534 1868 posse
578 1809 830 1850 censetur
872 1818 1036 1870 quam
1081 1800 1351 1853 subditus.

739 2051 1033 2108 Articulus
1074 2052 1302 2108 tertius

619 2174 696 2212 De
729 2176 1014 2220 systemate
1048 2185 1086 2214 s.
1121 2172 1437 2226 Alphonsv).

241 2317 371 2371 225.
415 2318 595 2372 Notae
637 2320 985 2373 historicae.
1031 2322 1076 2373 1.
1107 2320 1689 2390 Aequiprobabiiistae
1718 2330 1962 2389 praeten-

91 2407 229 2458 dunt
268 2426 308 2460 s,
351 2407 677 2476 Alphonsum
718 2427 834 2460 esse
876 2411 1223 2460 inventorem
1266 2412 1397 2460 novi
1443 2411 1771 2476 systematis,
1815 2410 1962 2478 quod

91 2497 253 2547 unice
281 2505 487 2547 rectam
511 2497 713 2564 agendi
741 2516 991 2549 normam
1018 2498 1356 2567 suppeditet3
1386 2497 1489 2549 hoc
1513 2505 1696 2548 autem
1723 2506 1962 2565 systema

94 2602 213 2634 esse
254 2586 434 2652 ipsum
476 2586 1122 2655 aequiprobabilismum.
1203 2587 1278 2637 At
1327 2605 1457 2638 vero
1514 2594 1850 2654 quantopere
1893 2588 1990 2636 sit·

91 2672 299 2723 absona
336 2672 474 2724 haec
514 2674 825 2740 affirmatio,
869 2675 1100 2726 evidens
1138 2683 1239 2727 est:
1283 2675 1414 2726 inde
1456 2677 1602 2726 enim
1644 2683 1963 2743 sequeretur

90 2762 252 2812 unice
298 2770 506 2813 rectam
559 2764 759 2831 agendi
801 2782 1051 2816 normam
1095 2783 1266 2833 usque
1320 2764 1390 2816 ad
1433 2783 1472 2815 s.
1515 2763 1862 2833 Alphonsum
1904 2766 1961 2814 in

92 2849 323 2901 ecclesia
363 2851 531 2902 fuisse
572 2854 833 2919 ignotam.
919 2853 1100 2917 Quam
1142 2853 1209 2904 ob
1258 2871 1371 2904 rem
1416 2853 1713 2904 dicendum
1755 2861 1833 2904 est
1874 2853 1961 2904 vel

247 3029 275 3081 ¹)
307 3028 558 3081 Ballerini,
591 3029 868 3072 Dissertatio
904 3031 957 3073 de
991 3030 1189 3085 genuina
1233 3044 1265 3073 s.
1311 3030 1533 3085 Alphonsi
1576 3030 1804 3073 sententia
1847 3031 1961 3073 circa

94 3115 225 3145 usum
261 3102 484 3156 opinionis
518 3102 778 3157 probabilis.
844 3104 988 3158 (Opus
1021 3105 1220 3159 theolog.
1257 3104 1449 3147 morale3
1481 3104 1516 3146 I.
1550 3104 1793 3158 Appendix
1841 3104 1874 3145 I.
1918 3118 1958 3157 p.

91 3177 178 3219 632
211 3177 285 3228 ss.)
317 3176 509 3228 Arendt,
542 3176 681 3219 Crisis
713 3178 1022 3232 apologeticae
1058 3178 1395 3221 dissertationis
1427 3178 1476 3220 P.
1513 3179 1566 3221 de
1599 3178 1775 3232 Caigny
1807 3178 1851 3220 C.
1888 3177 1959 3219 SS.

92 3250 147 3293 R.
183 3249 424 3305 (Friburgi,
469 3250 654 3294 Herder.
692 3252 835 3305 1897).
885 3252 1070 3304 Noldin,
1103 3252 1187 3295 Die
1235 3252 1386 3295 Briefe
1435 3253 1510 3294 des
1544 3252 1603 3294 hl.
1638 3252 1841 3306 Alphons
1873 3264 1961 3294 von

92 3324 280 3379 Liguori
305 3324 399 3367 und
427 3325 584 3367 dessen
604 3326 919 3379 Moralsystem
945 3326 1226 3379 (Zeitschrift
1243 3328 1276 3368 f.
1295 3326 1421 3369 kath.
1443 3326 1595 3368 Theoi.
1616 3326 1747 3378 1896)
1776 3325 1816 3368 S.
1838 3325 1891 3367 73
1910 3326 1959 3366 ff.

91 3398 295 3453 Meffert,
327 3399 418 3441 Der
450 3399 510 3441 hl.
545 3399 749 3453 Alphons
781 3413 869 3441 von
901 3399 1091 3454 Liguori
1122 3399 1302 3452 (Mainz.
1327 3399 1606 3442 Kirchheim.
1642 3398 1772 3450 1901·
1807 3398 1842 3440 I.
1876 3398 1962 3441 Die

90 3473 301 3515 moralth.
338 3472 566 3516 Schriften
601 3474 677 3516 des
709 3473 772 3515 hl.
804 3473 874 3518 Al.
909 3487 950 3515 v.
983 3474 1033 3515 L.
1068 3473 1110 3516 S.
1147 3473 1363 3515 19-136.
