2269 3898
303 115 388 158 ‘236
988 111 1065 153 IV.
1099 111 1166 154 De
1199 110 1485 153 conscientia.

305 248 483 306 cipium
533 246 731 304 aliquod
781 243 1117 290 determinata
1164 241 1378 289 formula
1429 247 1717 301 conceptum
1765 244 2034 301 reperitur,
2086 258 2178 302 per

303 322 430 381 quod
477 321 760 366 resolvatur
810 318 1063 376 quaesti03
1126 318 1176 362 in
1237 317 1479 363 ecclesiae
1539 317 1683 376 praxi
1730 321 1898 363 tamen
1944 318 2179 376 principii

301 395 671 456 probabilistici
726 394 872 452 plura
929 393 1116 438 indicia
1171 393 1446 438 habentur:
1501 392 1552 438 in
1604 392 1993 451 particularibus
2049 393 2176 438 enim

303 470 672 529 quaestionibus
714 468 863 514 dubia
907 467 1170 513 secundum
1216 467 1513 525 principium
1556 466 1986 525 probabilisticum
2025 467 2179 513 resol-

301 550 483 592 vuntur
495 544 536 599 ¹).

453 619 489 660 h.
524 617 691 663 Media
717 620 887 662 aetate
921 629 1015 661 non
1049 615 1200 662 solum
1235 629 1349 661 usus
1394 615 1537 661 huius
1581 614 1817 674 principii
1850 614 1900 659 in
1934 615 2180 672 quaestio-

302 694 444 740 nibus
467 692 873 751 particularibus,
910 691 997 736 sed
1031 691 1187 748 ipsum
1223 690 1516 749 principium
1551 690 1791 748 implicite
1820 695 1871 736 et
1892 690 2182 737 virtualiter

303 767 542 814 occurrit:
577 767 844 812 traduntur
880 765 1007 810 enim
1040 765 1303 819 veritates,
1339 778 1400 810 ex
1422 764 1597 822 quibus
1621 765 1915 823 principium
1950 765 2179 824 probabi-

301 842 433 888 lismi
451 841 738 887 necessaria
761 840 989 885 illatione
1016 839 1292 896 deducitur,
1316 839 1461 884 immo
1484 838 1727 885 formulae
1753 845 2030 889 occurrunt,
2055 840 2180 898 qnae

302 917 426 963 illud
474 915 852 974 aequivalenter
898 914 1147 960 exhibent.
1220 913 1333 960 Non
1374 918 1543 959 tamen
1585 919 1799 971 negatur
1843 913 2010 960 eodem
2059 919 2181 960 tem-

300 1005 419 1051 pore
454 991 668 1050 reperiri
703 990 853 1035 etiam
887 989 1141 1043 formulas,
1188 1002 1311 1047 quae
1357 988 1520 1046 potius
1554 988 1987 1046 probabiliorismo
2023 995 2074 1035 et
2105 994 2178 1035 tu-

302 1066 522 1112 tiorismo
557 1064 744 1111 tavent.

451 1155 483 1183 e.
516 1139 715 1185 Primus
740 1138 951 1184 omnium
976 1138 1273 1197 principium
1296 1137 1643 1196 probabilismi
1668 1137 1901 1195 explicite
1926 1137 2181 1196 proposuit

304 1222 353 1260 et.
402 1213 706 1272 argument-is
761 1213 1121 1259 demonstravit
1169 1212 1326 1268 (1577)
1375 1213 1764 1255 Bartholomaeus
1805 1212 2006 1255 Medma.
2069 1212 2182 1258 Hoc

300 1289 594 1348 principium
639 1288 883 1346 theologis
935 1287 1148 1333 cuiusvis
1193 1287 1380 1332 ordinis
1424 1287 1548 1332 adeo
1597 1287 1802 1345 placuit,
1844 1291 1899 1332 ut
1940 1287 2182 1333 communi

303 1378 540 1410 consensu
562 1363 687 1409 illud
714 1367 1041 1421 acceptarent
1065 1367 1115 1407 et
1137 1376 1227 1421 per
1250 1362 1498 1419 integrum
1531 1359 1641 1407 fere
1677 1361 1929 1407 saeculum
1962 1361 2046 1408 vix
2079 1361 2180 1407 ullo

300 1441 607 1486 reclamante
648 1438 792 1484 libris
836 1437 984 1483 editis
1020 1441 1326 1495 exponerent
1375 1441 1425 1482 et
1459 1435 1522 1481 ad
1557 1449 1699 1482 casus
1731 1435 2065 1493 particulares
2101 1450 2182 1495 ap-

300 1514 561 1572 plicarent.

452 1589 493 1631 d.
540 1587 690 1635 Circa
732 1587 942 1633 medium
988 1586 1237 1632 saeculum
1285 1586 1354 1632 17.
1399 1585 1796 1643 impugnationes
1838 1586 2183 1645 probabilismi

303 1663 498 1709 initium
532 1667 826 1708 sumserunt.
875 1661 1095 1707 Praeter
1117 1675 1262 1706 unum
1291 1661 1568 1706 alterumve
1603 1660 1883 1718 theologum
1920 1661 2180 1707 acerbiore

302 1738 379 1784 ira
412 1737 461 1782 in
496 1737 635 1782 illum
669 1737 1049 1781 insurrexerunt
1071 1735 1366 1791 ianseniani,
1393 1735 1566 1793 quibus
1592 1735 1643 1780 in
1666 1734 1997 1793 impugnando
2025 1740 2182 1792 syste-

303 1817 436 1859 mate
470 1810 625 1867 (1656)
664 1810 904 1856 communi
940 1823 1180 1855 consensu
1215 1814 1535 1855 accesserunt
1560 1809 1871 1855 dominicani.
1920 1807 2045 1854 Inde
2079 1807 2184 1854 fac-

302 1895 403 1934 tum
440 1891 528 1944 est,
561 1891 616 1931 ut
648 1884 866 1942 theologi
900 1884 1060 1942 quoad
1093 1884 1279 1930 morale
1316 1888 1536 1942 systema
1570 1884 1619 1929 in
1646 1883 1767 1929 duas
1790 1887 1963 1941 partes
1989 1883 2183 1930 scinde·

302 1967 505 2008 rentur:
562 1961 649 2007 alii
705 1974 763 2006 ex
812 1959 942 2005 omni
991 1959 1160 2005 schola
1209 1960 1480 2005 tuebantur
1528 1958 2041 2018 probabiliorismum,
2093 1959 2183 2005 alii

302 2037 496 2096 pariter
543 2050 602 2081 ex
646 2035 775 2081 omni
819 2034 990 2080 ordine
1032 2035 1274 2080 tenebant
1316 2040 1367 2080 et
1398 2034 1726 2080 vindicabant
1756 2034 2181 2092 probabilismum.

302 2111 485 2168 Magna
520 2109 832 2156 contentione
869 2115 919 2154 et
954 2109 1058 2154 acri
1092 2109 1253 2154 studio
1295 2109 1542 2166 utrimque
1589 2112 1834 2154 certatum
1881 2114 1979 2165 est3
2025 2109 2185 2155 maior

306 2192 476 2232 tamen
511 2185 761 2230 doctorum
796 2198 913 2242 pars
948 2197 1143 2242 semper
1176 2184 1488 2230 adhaerebat
1520 2183 1888 2242 probabilismo.

459 2261 569 2303 Tres
603 2259 896 2315 potissimum
929 2259 1130 2302 rationes
1164 2259 1393 2314 assignari
1426 2264 1632 2314 possunt,
1678 2259 1733 2302 ob
1777 2273 1888 2314 quas
1930 2260 2183 2315 complures

304 2340 510 2379 auctores
544 2335 704 2378 relicto
739 2334 1062 2389 probabilismo
1096 2334 1350 2389 amplexati
1385 2333 1480 2377 sint
1513 2333 1982 2389 probabiliorismum:
2029 2348 2070 2376 a.
2103 2334 2183 2376 Li-

304 2411 448 2454 centia
483 2410 700 2466 oln'uaudi
730 2411 980 2452 multorum
1022 2414 1276 2464 auctorum,
1321 2410 1398 2464 qui
1443 2409 1678 2465 opiniones
1719 2423 1880 2464 parum
1925 2408 2182 2464 probabiles

304 2486 395 2530 levi
429 2485 608 2528 ratione
642 2485 768 2527 ducti
802 2489 1042 2539 tamquam
1077 2484 1335 2539 probabiles
1369 2489 1416 2528 et
1448 2484 1647 2540 practice
1679 2484 1832 2527 licitas
1864 2483 2182 2527 venditabant.

306 2559 399 2603 Iam
433 2573 538 2602 vero
572 2558 678 2602 huic
722 2560 860 2614 malo,
909 2560 1053 2602 solum
1104 2559 1263 2602 relicto
1311 2559 1410 2614 ipso
1460 2562 1711 2613 systemate
1758 2558 2085 2614 probabilismi,
2136 2572 2183 2602 se

306 2634 557 2678 efficaciter
590 2633 759 2677 mederi
793 2647 922 2688 posse
945 2633 1288 2676 existimabant.
1353 2634 1390 2678 b.
1416 2634 1786 2690 Impufflzatioues
1808 2634 2184 2682 iauseuistarum,

308 2709 383 2764 qui
418 2709 519 2752 odio
552 2709 600 2752 in
635 2708 900 2752 societatem
934 2709 1038 2752 Iesu
1070 2707 1249 2762 abrepti
1281 2712 1483 2762 systema
1514 2708 1698 2763 morale,
1732 2708 1803 2752 cui
1827 2708 2030 2764 plerique
2051 2707 2182 2751 socie-

310 2783 424 2826 tatis
456 2782 659 2837 theologi
695 2782 869 2826 addicti
905 2786 1049 2837 erant,
1095 2787 1331 2836 tamquam
1365 2782 1756 2835 fontem'jlaxismi
1792 2796 2057 2837 morumque
2095 2795 2183 2825 cor-

304 2858 531 2913 ruptelam
582 2857 897 2900 traducebant.
962 2871 995 2900 c.
1045 2857 1294 2900 Damuatz'o
1326 2857 1658 2914 propositionis
1697 2859 1740 2903 3.
1803 2857 2058 2901 Ιηηοεεηΐίί
2098 2856 2182 2900 XI.
2253 2885 2258 2888 -

304 2934 363 2986 (n.
398 2931 548 2987 2089:
599 2932 851 2993 complures
899 2931 1019 2975 enim
1070 2931 1273 2986 theologi
1326 2932 1557 2987 putabant
1597 2933 1688 2984 ,hac
1735 2931 2044 2987 propositione
2091 2945 2184 2975 non

308 3007 452 3050 solum
486 3020 619 3050 usum
654 3006 910 3050 sententiae
942 3006 1145 3049 tenuiter
1177 3006 1439 3061 probabilis,
1473 3007 1550 3051 sed
1582 3007 1733 3062 ipsum
1758 3010 1958 3061 systema
1981 3006 2185 3062 probabi-

306 3081 425 3124 lismi
462 3085 697 3136 tamquam
730 3083 904 3124 fontem
937 3080 1123 3124 laxismi
1157 3081 1377 3124 damnari.

457 3170 492 3199 e.
528 3156 589 3202 In
625 3155 800 3201 mediis
834 3156 994 3202 turbis
1026 3155 1149 3201 miro
1173 3156 1519 3215 providentiae
1545 3156 1748 3202 consilio
1771 3155 1910 3202 Deus
1935 3156 2181 3202 ecclesiae

307 3243 423 3275 suae
459 3230 594 3275 misit
627 3245 663 3273 s.
689 3230 982 3286 Alstleousum,
1024 3232 1106 3288 qui
1139 3230 1370 3288 operibus
1405 3231 1504 3276 suis
1538 3230 1590 3276 id
1624 3230 1804 3287 effecit,
1838 3236 1893 3277 ut
1925 3231 2041 3276 lites
2074 3230 2184 3276 fini-

460 3407 490 3460 1>
522 3408 589 3450 Cf.
627 3408 919 3451 Christianus
939 3409 1116 3464 Lupus,
1148 3410 1215 3452 De
1247 3409 1532 3464 antiquitate
1565 3413 1610 3453 et
1642 3409 1852 3465 legitimo
1884 3422 1970 3453 usu
2010 3413 2184 3454 senten-

305 3482 399 3525 tiae
431 3483 690 3537 probabilis.
