2269 3898
752 153 818 196 De
850 152 1082 207 gravitate
1113 157 1409 208 peccatorum.
1939 157 2020 198 311

163 284 374 340 idemque
416 290 546 328 actus
578 285 730 339 plures
764 284 967 327 malitias
1001 290 1157 328 contra
1190 286 1376 329 eandem
1421 287 1640 330 virtutem
1690 287 1935 331 contineat.
1972 314 2023 317 —

158 358 326 402 Verum
359 373 449 402 non
480 363 678 414 negatur
717 371 858 400 unum
909 362 1060 402 actum
1109 360 1260 413 plures
1309 373 1494 403 numero
1544 361 1747 404 malitias
1796 361 2026 404 continere

160 446 309 487 posse;
345 433 421 475 sed
454 431 701 486 quaeritur,
742 445 850 474 num
886 433 969 475 hae
1017 433 1223 476 malitiae
1270 433 1317 475 in
1367 435 1644 478 confessione
1690 435 1908 479 distincte
1958 436 2025 478 de-

158 506 319 549 clarari
354 506 558 549 debeant.
623 505 715 548 Iam
754 519 855 549 vero
888 507 946 549 ad
980 507 1356 550 satisfaciendum
1390 513 1629 563 praecepto
1675 508 1828 552 divino
1873 509 2026 552 omnia

157 585 205 623 et
237 580 421 634 singula
453 584 637 634 peccata
669 580 926 635 accusandi,
960 593 1139 624 necesse
1171 594 1260 623 non
1293 585 1376 635 est,
1409 586 1462 624 ut
1486 595 1637 625 omnes
1659 582 1880 637 malitiae,
1914 596 2026 636 quae

157 654 206 696 in
238 667 327 697 uno
360 659 467 696 actu
499 653 673 706 insunt,
709 653 927 697 distincte
961 654 1262 708 declarentur,
1295 654 1383 696 nisi
1417 654 1512 697 sint
1544 655 1750 709 specifice
1782 657 1853 699 vel
1887 670 2025 699 mora-

155 727 263 771 liter
295 728 510 771 diversae.

309 831 441 874 Nota
475 832 520 873 3.
586 831 879 875 Poenitentes
913 831 1017 875 illas
1060 836 1242 875 tantum
1288 832 1655 875 circumstantias
1698 834 1888 887 speciem
1934 848 2025 877 mu-

155 910 323 960 tantes,
342 919 452 960 quas
470 906 832 961 apprehendunt,
858 906 905 949 in
926 907 1204 949 confessione
1224 907 1451 950 declarare
1469 910 1700 961 tenentur,
1719 907 1825 961 quia
1842 908 2023 951 illarum

154 985 339 1023 tantum
380 980 443 1023 rei
478 986 598 1023 sunt.
664 980 755 1023 Iam
790 994 895 1023 vero
928 986 979 1023 ut
1014 980 1113 1035 quis
1156 981 1382 1024 malitiam
1417 981 1789 1024 circumstantiae
1833 981 2023 1036 speciem

157 1053 383 1097 mutantis
418 1055 672 1108 contrahat,
705 1054 880 1097 sufficit
914 1054 1095 1109 quidem
1129 1057 1316 1098 confusa
1359 1055 1559 1098 eiusdem
1602 1055 1828 1110 cogniti03
1870 1069 2025 1098 verum

156 1142 253 1171 cum
289 1127 378 1182 ipsi
412 1128 556 1170 solum
592 1141 646 1170 ex
669 1127 895 1170 communi
920 1127 1242 1171 aestimatione
1275 1127 1435 1170 morali
1471 1129 1523 1171 de
1556 1128 1626 1172 his
1658 1128 1790 1171 rebus
1807 1127 2024 1182 iudicent,

156 1202 405 1244 multarum
440 1202 702 1256 specierum,
736 1216 850 1256 quae
882 1216 908 1245 a
940 1203 1166 1256 theologis
1199 1206 1407 1245 accurate
1441 1202 1806 1258 distinguuntur,
1838 1216 1894 1245 ne
1932 1216 2027 1246 con-

154 1277 304 1319 fusam
354 1276 535 1330 quidem
585 1276 891 1331 cognitionem
937 1277 1120 1319 habent.
1183 1277 1310 1319 Idem
1361 1277 1414 1319 de
1462 1277 1692 1320 numerica
1739 1280 2020 1331 peccatorum

156 1349 453 1393 distinctione
484 1351 739 1393 notandum
785 1355 868 1393 est.
932 1351 1016 1394 Ille
1063 1364 1278 1393 numerus
1324 1355 1610 1405 peccatorum
1644 1350 1705 1405 {in
1748 1351 2025 1394 confessione

155 1424 373 1467 declarari
409 1424 554 1479 debet,
589 1425 664 1478 qui
698 1438 724 1467 a
757 1424 1035 1479 poenitente,
1070 1425 1175 1467 dum
1200 1428 1370 1479 peccat,
1394 1425 1770 1479 apprehenditur;
1806 1425 1897 1467 iam
1922 1438 2026 1467 vero

153 1512 390 1542 commune
422 1499 655 1541 hominum
690 1498 911 1541 iudicium
945 1513 1036 1542 non
1072 1499 1325 1553 distinguit
1359 1512 1511 1542 omnes
1544 1498 1649 1542 illas
1676 1499 1891 1553 malitias,
1917 1512 2026 1553 quas

153 1576 359 1615 auctores
390 1572 591 1615 indicare
625 1572 785 1615 solent.
1055 1566 1058 1569 ’

768 2090 1111 2182 Quaestio
1159 2092 1407 2159 tertia.

589 2258 679 2309 De
723 2257 1085 2321 gravitate
1127 2258 1591 2321 peccatorum.

305 2416 439 2470 286.
470 2417 554 2470 De
582 2418 876 2483 gravitate
904 2420 1285 2486 peccatorum
1311 2418 1373 2470 in
1404 2433 1641 2484 genere.
1689 2421 1735 2471 1.
1773 2419 2026 2470 Gravitas

153 2507 369 2575 peccati
411 2513 491 2556 est
532 2508 810 2575 quantitas
840 2506 1099 2573 malitiae,
1143 2525 1283 2576 quae
1325 2519 1551 2577 peccato
1594 2529 1664 2561 ex
1706 2509 1917 2587 ω
1948 2512 2022 2561 in·

154 2602 248 2648 est.
338 2592 566 2646 Critcria
595 2594 949 2647 discernendi
976 2605 1203 2664 peccata
1238 2599 1431 2664 gravia
1473 2606 1524 2649 et
1563 2598 1708 2650 levia
1749 2599 1857 2651 alia
1899 2608 2026 2650 sunt

153 2684 386 2749 interna,
430 2682 538 2733 alia
580 2691 824 2736 externa.

306 2792 354 2825 a.
391 2770 629 2823 'Intermz
687 2773 1050 2825 desumuntur
1107 2794 1174 2825 ex
1228 2775 1588 2828 relationibus
1642 2777 2026 2828 essentialibus

153 2860 397 2912 hominis
444 2860 515 2912 ad
556 2862 756 2927 Deum,
800 2864 1113 2930 proximum
1157 2872 1210 2914 et
1250 2865 1491 2933 seipsum
1532 2873 1696 2935 atque
1734 2884 1803 2916 ex
1844 2865 2021 2929 modo,

154 2967 259 3018 quo
287 2949 598 3015 laeduntur,
628 2951 781 3002 ideo:
818 2968 870 3004 α.
900 2960 1144 3020 peccata,
1176 2972 1316 3022 quae
1347 2953 1552 3005 cedunt
1578 2956 1633 3006 in
1660 2973 1887 3023 gravem
1915 2956 2020 3006 Dei

152 3040 446 3105 iniuriam3
517 3041 565 3109 β.
629 3048 872 3108 peccata,
941 3060 1081 3110 quae
1142 3042 1346 3093 cedunt
1404 3044 1460 3094 in
1524 3062 1692 3111 grave
1758 3043 2021 3095 damnum

152 3129 391 3197 proximi
446 3129 562 3179 sive
616 3129 899 3197 spirituale
952 3131 1069 3181 sive
1122 3131 1433 3199 corporaleg
1485 3151 1535 3197 γ.
1579 3141 1824 3201 peccata,
1883 3151 2023 3201 quae

153 3216 357 3268 cedunt
397 3219 454 3268 in
495 3235 664 3285 grave
717 3218 980 3270 damnum
1024 3221 1277 3289 propriae
1332 3221 1521 3272 salutis
1563 3223 1680 3272 sive
1722 3220 2017 3290 spiritualis

152 3306 268 3356 sive
311 3306 623 3374 corporalis,
667 3308 860 3375 gravia
902 3317 1042 3361 sunt.

301 3395 344 3447 b.
375 3396 619 3446 Externa
648 3403 801 3446 sunt:
830 3413 882 3447 α.
915 3416 954 3450 8.
985 3398 1268 3467 scriptura,
1296 3417 1495 3468 nempe
1522 3405 1764 3468 peccata,
1794 3417 1935 3468 quae
1963 3400 2018 3450 in

152 3502 191 3536 S.
221 3485 491 3553 scriptura
522 3484 782 3536 dicuntur
820 3485 1113 3538 excludere
1154 3506 1185 3538 a
1225 3503 1393 3554 regno
1438 3487 1727 3553 coelorum,
1772 3505 1889 3538 esse
1927 3486 2018 3539 ab·
