2269 3898
213 182 303 225 150
955 175 1028 218 ΙΙΙ.
1061 176 1129 219 De
1159 174 1353 231 legibus.

365 336 411 369 α.
455 317 574 367 Iam
616 329 745 363 vero
787 311 1002 362 romani
1047 310 1337 379 pontifices
1379 328 1410 360 a
1445 307 1822 378 compluribus
1865 308 2103 360 saeculis·

216 404 584 457 sufficientem
611 400 820 452 habent
846 399 1367 469 promulgationem,
1411 417 1522 468 qua
1551 397 1688 467 leyes
1717 397 2106 450 ecclesiasticae>

217 494 424 545 Romae
481 492 538 542 in
594 489 729 541 locis
786 488 1027 559 publicis
1079 489 1394 558 affigantur,
1453 489 1587 562 quin
1629 506 1853 540 necesse
1898 489 1966 539 sit
2008 506 2104 540 eas

217 583 274 633 in
316 579 548 648 singulis
589 579 897 649 provinciis
937 564 1028 629 vel
1072 576 1839 646 dioecesibus=promulgare‚
1894 579 2004 629 nisi
2042 579 2102 628 in>

204 668 536 741 particulari
575 688 701 720 casu
739 669 852 738 ipse
895 667 1171 738 legislator
1213 667 1366 725 aliud
1407 668 1703 724 statuerit„

362 759 433 802 Ex
464 759 705 802 voluntate
742 757 930 801 Concilii
950 756 1192 799 tridentini
1221 756 1295 799 lex
1330 756 1384 799 de
1417 756 1794 800 clandestinitate
1818 755 2100 800 matrimoni-

213 838 342 879 orum
396 835 455 878 ad
509 832 837 888 obligationem
890 832 1196 885 inducendam
1250 830 1534 886 promulgari
1590 830 1748 874 debuit
1799 831 1849 875 in
1903 830 2102 885 singulis

213 909 455 966 parochiis.
508 909 603 951 Leo
628 907 765 950 XIII.
799 907 962 963 voluit,
995 910 1049 950 ut
1083 905 1354 950 constitutio
1386 905 1620 949 Romanos
1637 906 1874 963 pontifices
1907 905 2101 961 (8.111611

217 984 351 1041 1881)
385 982 662 1038 obligatoria
682 995 774 1025 non
797 985 930 1036 esset,
962 981 1051 1024 nisi
1075 986 1179 1036 post
1202 980 1619 1036 promulgationem
1642 980 1691 1023 in
1715 980 1888 1035 Anglia
1909 981 2103 1027 factam„

367 1075 409 1128 b.
451 1075 610 1144 Leycs
651 1072 975 1143 episcopales
1005 1062 1345 1123 sufficienter
1372 1070 1756 1140 promulgatae
1787 1080 2105 1138 censentur,

215 1167 260 1218 si
301 1166 359 1216 in
389 1151 525 1216 urbe
568 1161 868 1232 episcopali
909 1160 1268 1231 publicantur
1310 1163 1395 1228 (eo
1425 1161 1572 1231 quod
1616 1179 1660 1214 e.
1690 1178 1740 1229 g.
1779 1160 1837 1211 in
1867 1160 2105 1214 ecclesia
2179 1167 2184 1170 ’

216 1253 520 1306 cathedrali
547 1251 770 1322 publice
810 1250 1066 1319 legantur
1094 1249 1182 1301 vel
1208 1252 1266 1301 in
1294 1249 1542 1301 eiusdem
1572 1250 1753 1302 valvis
1782 1250 2106 1319 affigantur)

218 1345 307 1396 vel
349 1345 393 1396 si
435 1345 492 1395 in
533 1342 664 1395 folio
709 1342 1036 1394 dioecesano
1082 1342 1418 1393 inseruntur.

371 1462 412 1491 a.
463 1446 696 1502 Quidquid
744 1449 951 1490 auctores
1000 1444 1108 1488 olim
1151 1445 1200 1488 in
1241 1448 1485 1499 utramque
1527 1448 1705 1499 partem
1747 1444 2109 1500 disputaverint,

218 1523 352 1567 hodie
387 1522 574 1566 dubium
608 1535 705 1566 6336
735 1521 910 1575 nequit,
944 1520 1054 1575 quin
1085 1521 1211 1576 leges
1234 1518 1567 1563 ecclesiasticae
1590 1519 1762 1563 Romae
1784 1520 2109 1575 promulgatae

219 1598 365 1642 totius
390 1597 510 1641 orbis
532 1598 691 1640 fideles
725 1596 946 1652 obligent,
980 1596 1076 1639 sive
1109 1598 1219 1639 sunt
1250 1596 1375 1650 leges
1408 1593 1726 1649 praeceptivae
1759 1594 1854 1638 sive
1879 1595 2109 1650 poenales,

218 1673 310 1717 nisi
342 1673 440 1728 ipse
472 1672 712 1727 legislator
744 1671 886 1715 alium
922 1671 1107 1714 modum
1140 1668 1527 1726 promulgationis
1560 1668 1920 1724 praescripserit,
1963 1679 2016 1712 ut
2051 1670 2108 1713 de

218 1749 320 1804 lege
369 1746 762 1792 clandestinitatis
809 1748 986 1790 factum
1036 1750 1119 1789 est.
1191 1745 1337 1800 Leges
1386 1743 1714 1787 ecclesiasticas
1762 1758 1816 1788 ex
1863 1746 2187 1788 voluntates

221 1836 501 1867 summorum
535 1822 808 1877 pontificum
844 1835 871 1865 a
903 1820 1212 1876 compluribus
1244 1819 1443 1874 (circiter
1475 1833 1501 1862 a
1534 1819 1628 1873 sex)
1669 1819 1861 1862 saeculis
1893 1819 1987 1862 vim
2031 1819 2107 1862 ha-

221 1898 323 1942 bere
356 1897 607 1953 obligandi,
642 1896 680 1940 si
714 1897 885 1940 Romae
917 1896 1239 1951 promulgatae
1272 1894 1462 1949 fuerint,
1505 1898 1685 1937 constat
1731 1908 1770 1936 α.
1805 1907 1860 1937 ex
1892 1893 2113 1951 formula„

220 1987 334 2028 quae
366 1971 776 2017 constitutionibus
809 1970 1062 2027 pontificiis
1095 1970 1263 2025 apponi
1298 1971 1429 2025 solet,
1463 1984 1538 2013 663
1570 1982 1733 2024 nempe
1764 1968 1828 2012 316
1849 1969 2108 2024 publicatas

219 2048 276 2092 ab
310 2048 534 2103 omnibus,
575 2048 633 2091 ad
668 2060 777 2101 quos
810 2049 1036 2101 spectant,
1080 2045 1268 2101 perinde
1300 2044 1532 2089 habendas
1567 2058 1676 2099 6336,
1709 2058 1761 2087 66
1793 2043 1830 2087 31
1864 2043 2114 2098 unicuique

218 2123 403 2167 illorum
436 2122 740 2178 personaliter
771 2120 1003 2165 exhibitae
1043 2120 1266 2173 fuissent3
1316 2123 1355 2170 β.
1405 2133 1460 2164 ex
1508 2133 1595 2163 usu
1643 2122 1688 2163 et
1721 2118 1851 2174 praxi
1895 2132 1927 2161 3.
1974 2117 2150 2234 sedis,x

221 2199 343 2254 apud
386 2211 521 2253 quam
564 2197 671 2241 lites
715 2196 1001 2241 definiuntur
1046 2209 1127 2251 pro
1176 2199 1274 2239 toto
1316 2195 1421 2239 orbe
1470 2195 1719 2239 secundum
1765 2195 1890 2249 leges
1937 2192 2112 2236 Romae

219 2278 404 2318 tantum
438 2273 755 2328 promulgatas
768 2272 806 2327 ι).

371 2349 408 2391 b.
443 2348 596 2400 Ratio,
630 2347 684 2390 ob
717 2360 852 2402 quam
886 2346 1039 2402 plures
1071 2345 1196 2400 iique
1217 2360 1308 2389 non
1330 2345 1558 2401 ignobiles
1582 2348 1789 2390 auctores
1817 2343 2108 2388 autumarint

219 2417 344 2480 le'ges
378 2423 640 2479 pontificias
679 2422 727 2465 in
762 2421 958 2477 singulis
1006 2421 1255 2476 provinciis
1304 2418 1664 2476 promulgandas
1713 2432 1824 2474 6336,
1870 2420 1980 2462 11666
2013 2421 2106 2462 est:

221 2500 299 2543 Ius
331 2512 569 2543 romanum
618 2498 788 2542 statuit
836 2498 960 2552 leges
1008 2510 1152 2540 novas
1198 2509 1289 2539 non
1333 2496 1478 2539 solum
1526 2495 1575 2538 in
1617 2494 1727 2538 urbe
1767 2493 2111 2549 principe‚‘sed

222 2574 361 2618 etiam
395 2573 444 2617 in
477 2572 673 2629 singulis
706 2572 954 2628 provinciis
987 2571 1361 2626 promulgandas
1381 2583 1496 2621 esse;
1532 2569 1602 2613 ius
1634 2573 1787 2612 autem
1817 2567 2108 2625 pontificium

226 2650 279 2693 de
312 2649 444 2692 modo
478 2647 863 2704 promulgationis
895 2647 1074 2690 nullum
1108 2646 1336 2701 peculiare
1378 2640 1609 2689 statutum
1644 2643 1806 2687 edidit.
1870 2643 1966 2686 Iam
2001 2655 2113 2687 Vero

224 2738 278 2768 ex
310 2736 479 2767 canone
512 2722 739 2766 communi
775 2726 1013 2766 auctorum
1059 2720 1266 2764 doctrina
1297 2725 1493 2776 recepto,
1525 2719 1605 2763 ubi
1645 2719 1718 2762 ius
1750 2717 2108 2761 ecclesiasticum

224 2799 278 2842 de
301 2797 455 2853 aliqua
476 2811 524 2841 re
546 2797 664 2841 nihil
686 2797 734 2840 in
758 2796 905 2852 specie
929 2796 1114 2851 statuit,
1148 2799 1357 2839 censetur
1390 2799 1627 2851 acceptare
1651 2792 1973 2850 dispositiones
1995 2792 2113 2846 iuris

225 2873 415 2918 romani.
461 2898 513 2903 —
558 2874 724 2917 Verum
775 2886 830 2916 ex
880 2870 1186 2915 declaratione
1227 2883 1516 2914 romanorum
1550 2869 1821 2925 pontificum
1854 2869 1964 2912 haec
1995 2867 2114 2911 iuris

225 2948 375 2992 civilis
410 2947 649 3003 dispositio
681 2962 772 2991 non
805 2952 875 2991 est
906 2947 1200 3002 acceptanda.
1265 2945 1337 2988 Sic
1379 2945 1518 2989 etiam
1561 2945 1721 2988 ambae
1753 2943 2114 2988 constitutiones

225 3021 486 3079 pontificiae
518 3022 803 3078 Apostolicae
836 3021 961 3065 sedis
997 3021 1085 3075 (12.
1119 3025 1205 3064 oct.
1242 3020 1374 3075 1869)
1407 3024 1451 3064 et
1490 3020 1754 3077 Officiorzzm
1787 3033 1839 3062 ac
1870 3031 2113 3061 vulnerum·

224 3098 312 3152 (25.
345 3098 436 3141 ian.
472 3097 604 3153 1897)
636 3110 690 3140 ex
722 3097 962 3155 voluntate
995 3110 1028 3139 s.
1062 3095 1298 3151 pontificis
1341 3100 1444 3150 post
1487 3094 1903 3150 promulgationem
1937 3094 2112 3136 Romae

226 3174 398 3216 factam
433 3185 585 3216 omnes
618 3172 777 3215 fideles
810 3170 1126 3227 obligarunt2).
1191 3171 1261 3214 Ex
1302 3171 1386 3214 hac
1432 3169 1639 3213 doctrina
1679 3169 1899 3224 sequitur,
1936 3160 2110 3222 'obliga-

386 3337 413 3392 ¹)
444 3336 735 3392 Bouquillon,
784 3335 1034 3391 Theologia
1077 3335 1263 3379 moralis
1304 3333 1618 3378 fundament.2
1674 3332 1875 3391 (Brugis.
1909 3332 2111 3386 Bayaert

228 3410 362 3467 1390)
395 3424 438 3454 n.
475 3411 573 3454 106.
1271 3400 1289 3475 J
1687 3397 1693 3401 ’
1864 3424 1866 3426 v

378 3484 412 3541 ²)
447 3486 513 3530 Cf.
548 3485 1035 3530 Ballerini—Palmieri
1065 3485 1096 3528 1.
1120 3484 1364 3540 Appendix
1385 3483 1444 3527 ΙΙ.
1492 3484 1560 3527 De
1591 3481 1961 3538 promulgatione
1991 3480 2114 3536 legis

227 3559 505 3615 pontificiae.
988 3580 991 3581 ⁷
1195 3579 1202 3581 *
1280 3579 1285 3581 -
1964 3576 1968 3580 ·
