2269 3898
758 189 825 230 De
857 186 1033 231 actibus
1066 189 1290 231 humanis.
1354 223 1357 226 Α
1896 194 1954 235 33

244 321 292 371 2.
351 320 696 370 Advertentia
756 321 847 370 ad*
886 320 1133 371 obiectum
1193 324 1397 390 eiusque
1454 323 1718 376 clementa.
1816 324 1953 376 Cum

93 419 249 459 aetus
291 408 519 458 humani
561 407 838 459 obiectum
869 408 1068 460 debeat
1109 428 1224 460 esse
1250 410 1431 462 *libere
1461 412 1689 463 volitum
1722 414 1956 482 ideoque

92 499 524 565 praecognitum,
580 505 735 548 aetus
789 506 1014 548 eatenus
1070 507 1149 549 est
1197 498 1487 567 humanus,
1531 510 1798 569 quatenus
1841 505 1958 553 eius

93 586 369 637 obiectum
414 587 694 652 cognitum
737 594 832 637 est.

242 705 306 748 Ut
342 711 471 748 actus
503 705 614 759 eius,
646 705 722 759 qui
755 705 960 747 occidens
984 710 1159 759 patrem
1184 705 1386 748 comittit
1412 707 1719 762 parricidium,
1744 709 1802 751 sit
1828 714 1959 753 actus

93 780 334 832 humanus,
367 779 477 822 scire
512 779 643 822 debet
676 793 721 821 se
754 779 952 821 occidere
981 782 1181 832 patrem;
1217 787 1334 822 esset
1368 780 1677 835 homicidium,
1712 782 1747 824 si
1772 789 1957 836 putaret

94 866 140 896 se
173 853 370 896 occidere
402 853 652 902 hominem;
686 866 743 896 ne
774 852 1068 896 homicidium
1103 853 1283 907 quidem
1318 860 1450 908 esset,
1484 855 1521 896 si
1555 860 1739 909 putaret
1773 870 1817 899 se
1851 858 1959 900 occi-

95 927 197 970 dere
227 928 385 969 feram.

244 1044 285 1072 a.
319 1030 613 1073 Adrerleutia
648 1030 866 1073 definitur
912 1035 1055 1085 actus,
1105 1045 1189 1085 quo
1239 1045 1365 1087 mens
1413 1033 1470 1074 ad
1518 1032 1690 1086 aliquid
1740 1035 1958 1083 attendit.

95 1104 236 1147 Dic-id
237 1105 331 1147 itur
342 1117 358 1146 .·

245 1215 285 1242 α.
319 1201 515 1243 Ratione
546 1201 690 1256 ipsius
723 1205 852 1244 actus
884 1201 932 1244 in
956 1202 1159 1256 plenam,
1192 1201 1228 1244 si
1252 1205 1451 1245 mentem
1475 1202 1591 1245 nihil
1615 1203 1823 1259 impedit,
1857 1219 1958 1259 quo-

96 1275 246 1317 minus
279 1280 407 1318 actus
439 1275 707 1318 advertendi
740 1275 802 1318 sit
835 1277 1076 1330 perfectus,
1115 1281 1167 1318 ut
1201 1277 1379 1329 quando
1412 1277 1577 1331 aliquis
1610 1279 1808 1332 perfecte
1847 1279 1962 1334 vigi-

93 1349 209 1402 lans,
242 1349 312 1391 sui
345 1361 539 1404 compOS,
571 1363 659 1392 non
693 1350 942 1410 distractus
975 1350 1032 1411 ad
1065 1363 1158 1402 rem
1187 1350 1438 1405 advertit,-
1464 1356 1509 1393 et
1556 1351 1604 1393 in
1652 1353 1962 1407 semiplenam,

96 1423 134 1466 si
168 1428 364 1465 mentem
399 1423 573 1478 aliquid
604 1418 813 1478 impedit,
847 1410 1086 1478 quominus
1120 1430 1249 1466 actus
1293 1425 1561 1467 advertendi
1611 1425 1670 1467 sit
1719 1429 1962 1481 perfectus,

96 1504 150 1539 ut
183 1498 361 1551 quando
394 1497 559 1551 aliquis
594 1498 646 1539 de
678 1510 725 1539 re
758 1497 933 1551 cogitat-
975 1498 1175 1540 nondum
1221 1498 1351 1552 plene
1391 1499 1608 1553 vigilans,
1650 1500 1720 1542 vel
1763 1500 1831 1542 sui
1872 1514 1963 1543 non

87 1571 227 1626 plene
259 1584 452 1625 compos,
485 1571 558 1613 vel
591 1570 694 1613 aliis
726 1570 859 1614 rebus
894 1571 1155 1614 distractus.

249 1669 287 1717 ,3.
320 1668 517 1711 Ratione
544 1668 623 1721 rei,
657 1668 714 1710 ad
748 1681 882 1722 quam
915 1680 1041 1710 mens
1074 1667 1290 1721 advertit,
1325 1668 1974 1729 {Qsll'sslsvcfallffl&lesdam

96 1743 168 1785 vel
217 1747 335 1785 certe
385 1743 755 1797 apprehenditur,
799 1747 843 1785 et
892 1742 939 1784 in
981 1743 1232 1798 CQELQQW,
1251 1742 1780 1800 vs-i-,Lesffljxqbsgffl1230.ffel
1829 1745 1965 1796 (1111110

95 1817 466 1872 apprehenditur.
553 1817 624 1860 Sic
677 1817 753 1871 qui
806 1830 899 1859 rem
954 1830 1124 1858 sacram
1176 1817 1382 1870 furatur,
1437 1818 1643 1872 cogitans
1695 1819 1759 1862 rei
1812 1832 1965 1862 sacrae

94 1893 272 1934 furtum
316 1904 409 1934 esse
451 1891 754 1946 sacrilegium,
797 1892 854 1933 ad
900 1890 1188 1945 sacrilegium
1232 1890 1440 1933 distincte
1472 1892 1694 1944 advertit3
1741 1893 1816 1947 qui
1857 1906 1949 1936 rem

98 1979 270 2008 sacram
313 1967 509 2020 furatur,
559 1967 700 2009 solum
752 1966 895 2008 sciens
942 1964 1005 2007 rei
1056 1978 1206 2007 sacrae
1254 1966 1429 2007 furtum
1479 1966 1665 2020 gravius
1722 1980 1815 2009 esse
1860 1967 1961 2009 sim-

96 2040 204 2094 plici
237 2041 376 2094 furto,
411 2041 467 2083 ad
501 2040 789 2095 sacrilegium
824 2040 1009 2095 confuse
1042 2038 1256 2082 advertit.
1320 2039 1437 2082 Item
1465 2040 1540 2094 qui
1566 2041 1771 2095 tegulam
1795 2054 1817 2084 e
1841 2046 1964 2084 tecto

89 2115 145 2157 *in
177 2116 377 2170 plateam
410 2115 593 2170 proiicit
625 2127 674 2157 eo
708 2114 908 2168 consilio,
940 2120 994 2157 ut
1025 2122 1388 2169 praetereuntem
1422 2115 1657 2160 inimicum
1682 2118 1869 2168 occidat,
1904 2119 1960 2161 ad

99 2196 291 2232 mortem
323 2188 498 2231 inimici
531 2188 740 2231 distincte
772 2188 989 2242 advertit,
1023 2192 1067 2232 et
1103 2189 1179 2242 qui
1212 2189 1331 2231 idem
1364 2189 1477 2232 fac-it
1512 2192 1744 2245 suspicans
1779 2192 1959 2246 quidem

99 2262 327 2305 hominem
360 2264 479 2305 forte
510 2266 873 2316 praetereuntem
906 2276 1035 2317 posse
1068 2263 1225 2316 occidi,
1257 2263 1459 2306 nesciens
1492 2269 1660 2320 autem,
1682 2280 1790 2309 num
1814 2266 1963 2322 reipsa

99 2340 355 2391 praetereat
388 2341 434 2379 et
467 2336 711 2390 occidatur,
743 2336 801 2379 ad
834 2344 1025 2379 mortem
1059 2337 1255 2380 hominis
1288 2339 1474 2394 confuse
1508 2339 1723 2383 advertit.

251 2441 288 2482 b.
321 2441 408 2483 Pro
443 2441 622 2483 diversa
653 2440 821 2483 mentis
853 2441 1142 2483 advertentia
1176 2441 1232 2484 ad
1266 2445 1419 2484 actum
1453 2441 1549 2485 sive
1580 2444 1836 2487 voluntatis
1867 2444 1965 2488 sive

100 2515 293 2559 aliarum
341 2515 651 2570 potentiarum
704 2515 950 2570 tripliciter
999 2515 1164 2558 diversi
1213 2521 1342 2558 aetus
1375 2529 1466 2571 seu,
1514 2520 1567 2559 ut
1600 2517 1749 2560 vocari
1802 2519 1963 2572 solent,

100 2593 261 2642 motus,
314 2589 677 2644 distinguuntur.
743 2589 858 2632 Sunt
906 2604 946 2631 α.
996 2594 1124 2632 actus
1173 2603 1249 2632 seu
1297 2592 1442 2632 motus
1477 2591 1632 2645 primo
1673 2592 1834 2646 primi,
1886 2593 1979 2646 qui*

102 2677 277 2707 omnem
311 2663 648 2707 advertentiam
681 2663 847 2706 ment-is
880 2664 1180 2718 praeveniunt-
1215 2677 1249 2706 e.
1284 2676 1328 2718 g.
1367 2671 1517 2706 motus
1551 2665 1812 2720 aversionis,
1854 2666 1964 2720 irae,

101 2738 333 2781 vindictae
364 2738 412 2781 in
445 2737 660 2793 appetitu
691 2737 909 2781 sensitivo
943 2739 1014 2781 vel
1047 2738 1095 2781 in
1127 2739 1389 2790 voluntate3
1441 2739 1481 2787 ,3.
1522 2746 1651 2782 actus
1695 2753 1772 2783 seu
1818 2743 1964 2782 motus

102 2812 294 2855 secundo
318 2812 479 2868 primi,
512 2812 588 2866 qui
621 2812 800 2866 plenam
833 2821 879 2855 et
911 2814 1158 2866 perfectam
1198 2812 1365 2855 mentis
1409 2813 1743 2856 advertentiam
1786 2827 1964 2868 praeve-

101 2886 258 2936 niunt;
295 2901 334 2937 γ.
373 2890 502 2929 act-us
535 2899 612 2929 seu
643 2890 788 2929 molus
819 2886 1019 2939 secundi,
1063 2887 1139 2941 qui
1173 2887 1417 2930 eliciuntur
1459 2900 1559 2929 cum
1600 2888 1734 2942 plena
1776 2892 1821 2931 et
1870 2901 1963 2943 per·

101 2962 224 3003 fecta
255 2960 546 3004 advertentia
578 2966 623 3003 et
656 2960 927 3015 cognitione.

254 3081 302 3131 3.
345 3080 693 3143 Deliberatio,
748 3098 887 3148 quae
944 3090 1024 3130 est
1077 3079 1358 3148 inquisitio
1404 3081 1549 3128 eirea
1590 3078 1961 3146 aptitudinem

107 3168 414 3218 mediorum
455 3168 525 3219 ad
567 3168 926 3219 obtinendum
968 3169 1148 3220 finem.
1202 3166 1314 3219 Ubi
1356 3185 1551 3235 nempe
1592 3174 1746 3216 actus
1774 3165 1961 3216 volun-

104 3258 232 3307 tatis
273 3265 523 3307 versatur
563 3258 708 3308 eirca,
750 3257 931 3307 media
973 3256 1039 3307 ad
1086 3257 1267 3320 finem,
1311 3255 1632 3306 electionem
1664 3253 1963 3305 voluntatis

106 3346 434 3414 praecedere
477 3345 639 3396 debet
682 3345 1021 3410 deliberatio,
1064 3363 1132 3396 ne
1174 3345 1427 3395 voluntas
1468 3344 1753 3394 temerarie
1780 3341 1960 3410 eligat.

105 3434 270 3485 Hane
299 3433 745 3486 deliberationem
775 3437 1020 3503 sequitur
1050 3434 1303 3485 iudicium
1329 3434 1637 3502 practicam,
1677 3449 1781 3500 quo
1809 3450 1964 3482 mens

108 3523 438 3574 determinat
481 3523 722 3589 medium
765 3542 877 3574 esse
920 3532 1109 3592 aptum
1152 3530 1315 3591 atque
1358 3521 1688 3588 eligendum.

196 3628 228 3659 N
243 3636 263 3658 o
277 3628 325 3659 ld
339 3629 386 3659 in
404 3653 411 3668 ,
438 3630 495 3659 De
519 3630 727 3668 principiis.
1758 3611 1784 3652 3

529 3737 535 3747 Ι
764 3736 770 3738 ἡ
842 3730 846 3733 i

524 3750 658 3778 »s-
724 3750 779 3775 ἀἶ
848 3750 858 3754 .⁷
926 3766 939 3773 »-

88 3802 350 3809 Μρμ
363 3802 528 3810 --κ--ῇ-μ»
545 3801 597 3807 -ν
