<?xml version="1.0" encoding="UTF-8"?>
<!DOCTYPE html PUBLIC "-//W3C//DTD XHTML 1.0 Transitional//EN"
    "http://www.w3.org/TR/xhtml1/DTD/xhtml1-transitional.dtd">
<html xmlns="http://www.w3.org/1999/xhtml" xml:lang="en" lang="en">
 <head>
  <title>
</title>
<meta http-equiv="Content-Type" content="text/html;charset=utf-8" />
  <meta name='ocr-system' content='tesseract 3.04.00' />
  <meta name='ocr-capabilities' content='ocr_page ocr_carea ocr_par ocr_line ocrx_word'/>
</head>
<body>
  <div class='ocr_page' id='page_1' title='image "./summatheologiaem00nold_0218.png"; bbox 0 0 2269 3898; ppageno 0'>
   <div class='ocr_carea' id='block_1_1' title="bbox 12 2155 202 2205">
    <p class='ocr_par' dir='ltr' id='par_1_1' title="bbox 0 2155 202 2205">
     <span class='ocr_line' id='line_1_1' title="bbox 54 2155 202 2191; baseline -0.005 -1.267"><span class='ocrx_word' id='word_1_1' title='bbox 54 2155 120 2191; x_wconf 9' lang='lat' dir='ltr'>,st-⁴.</span> <span class='ocrx_word' id='word_1_2' title='bbox 194 2175 202 2189; x_wconf 56' lang='lat' dir='ltr'>f</span> 
     </span>
     <span class='ocr_line' id='line_1_2' title="bbox 12 2187 149 2205; baseline 0.007 -1"><span class='ocrx_word' id='word_1_3' title='bbox 12 2190 56 2204; x_wconf 45' lang='lat'>:⁸⁸</span> <span class='ocrx_word' id='word_1_4' title='bbox 80 2195 98 2205; x_wconf 75' lang='grc' dir='ltr'><em>ν</em></span> <span class='ocrx_word' id='word_1_5' title='bbox 136 2187 149 2200; x_wconf 64' lang='lat' dir='ltr'><em>f</em></span> 
     </span>
    </p>
   </div>
   <div class='ocr_carea' id='block_1_2' title="bbox 306 87 1534 134">
    <p class='ocr_par' dir='ltr' id='par_1_2' title="bbox 306 87 1534 134">
     <span class='ocr_line' id='line_1_3' title="bbox 306 87 1534 134; baseline -0.003 0"><span class='ocrx_word' id='word_1_6' title='bbox 306 91 393 134; x_wconf 72' lang='lat'>208</span> <span class='ocrx_word' id='word_1_7' title='bbox 1036 87 1113 130; x_wconf 68' lang='lat' dir='ltr'>IV.</span> <span class='ocrx_word' id='word_1_8' title='bbox 1147 88 1214 131; x_wconf 92' lang='lat' dir='ltr'>De</span> <span class='ocrx_word' id='word_1_9' title='bbox 1246 87 1534 131; x_wconf 84' lang='lat' dir='ltr'>conscientia.</span> 
     </span>
    </p>
   </div>
   <div class='ocr_carea' id='block_1_3' title="bbox 307 221 2181 381">
    <p class='ocr_par' dir='ltr' id='par_1_3' title="bbox 307 221 2181 381">
     <span class='ocr_line' id='line_1_4' title="bbox 455 221 2179 290; baseline -0.003 -13"><span class='ocrx_word' id='word_1_10' title='bbox 455 222 583 278; x_wconf 92' lang='grc'><strong>188.</strong></span> <span class='ocrx_word' id='word_1_11' title='bbox 636 224 721 276; x_wconf 82' lang='lat' dir='ltr'>De</span> <span class='ocrx_word' id='word_1_12' title='bbox 764 221 1134 276; x_wconf 78' lang='lat' dir='ltr'>conscientia</span> <span class='ocrx_word' id='word_1_13' title='bbox 1174 221 1482 290; x_wconf 82' lang='lat' dir='ltr'>perplexa.</span> <span class='ocrx_word' id='word_1_14' title='bbox 1565 221 1810 289; x_wconf 83' lang='lat' dir='ltr'>Regulae</span> <span class='ocrx_word' id='word_1_15' title='bbox 1854 221 1923 272; x_wconf 88' lang='lat' dir='ltr'>ab</span> <span class='ocrx_word' id='word_1_16' title='bbox 1968 239 2028 273; x_wconf 91' lang='lat' dir='ltr'>eo</span> <span class='ocrx_word' id='word_1_17' title='bbox 2075 240 2179 273; x_wconf 90' lang='lat' dir='ltr'>ser-</span> 
     </span>
     <span class='ocr_line' id='line_1_5' title="bbox 307 308 2181 381; baseline -0.001 -18"><span class='ocrx_word' id='word_1_18' title='bbox 307 313 540 373; x_wconf 79' lang='lat' dir='ltr'>vandae,</span> <span class='ocrx_word' id='word_1_19' title='bbox 585 313 678 381; x_wconf 87' lang='lat' dir='ltr'>qui</span> <span class='ocrx_word' id='word_1_20' title='bbox 708 311 1105 362; x_wconf 76' lang='lat' dir='ltr'>conscientiam</span> <span class='ocrx_word' id='word_1_21' title='bbox 1136 309 1458 380; x_wconf 73' lang='lat' dir='ltr'>perpleoeam</span> <span class='ocrx_word' id='word_1_22' title='bbox 1498 309 1681 377; x_wconf 88' lang='lat' dir='ltr'>habet,</span> <span class='ocrx_word' id='word_1_23' title='bbox 1727 329 1796 362; x_wconf 81' lang='lat' dir='ltr'>ex</span> <span class='ocrx_word' id='word_1_24' title='bbox 1837 330 1875 364; x_wconf 81' lang='lat'>8.</span> <span class='ocrx_word' id='word_1_25' title='bbox 1910 308 2181 380; x_wconf 72' lang='lat' dir='ltr'>Alphonso</span> 
     </span>
    </p>
   </div>
   <div class='ocr_carea' id='block_1_4' title="bbox 307 400 877 472">
    <p class='ocr_par' dir='ltr' id='par_1_4' title="bbox 307 400 877 472">
     <span class='ocr_line' id='line_1_6' title="bbox 307 400 877 472; baseline -0.012 -15"><span class='ocrx_word' id='word_1_26' title='bbox 307 404 381 470; x_wconf 39' lang='lat' dir='ltr'>(jn.</span> <span class='ocrx_word' id='word_1_27' title='bbox 431 402 536 472; x_wconf 82' lang='lat'>10.)</span> <span class='ocrx_word' id='word_1_28' title='bbox 579 409 705 452; x_wconf 91' lang='lat' dir='ltr'>sunt</span> <span class='ocrx_word' id='word_1_29' title='bbox 747 400 877 451; x_wconf 91' lang='lat' dir='ltr'>hae:</span> 
     </span>
    </p>
   </div>
   <div class='ocr_carea' id='block_1_5' title="bbox 306 511 2184 849">
    <p class='ocr_par' dir='ltr' id='par_1_5' title="bbox 306 511 2184 849">
     <span class='ocr_line' id='line_1_7' title="bbox 456 511 2182 580; baseline -0.001 -17"><span class='ocrx_word' id='word_1_30' title='bbox 456 533 504 566; x_wconf 72' lang='lat' dir='ltr'>a.</span> <span class='ocrx_word' id='word_1_31' title='bbox 565 512 618 565; x_wconf 81' lang='lat' dir='ltr'>Si</span> <span class='ocrx_word' id='word_1_32' title='bbox 661 513 778 563; x_wconf 90' lang='lat' dir='ltr'>sine</span> <span class='ocrx_word' id='word_1_33' title='bbox 819 513 978 580; x_wconf 80' lang='lat' dir='ltr'>gravi</span> <span class='ocrx_word' id='word_1_34' title='bbox 1034 511 1235 562; x_wconf 88' lang='lat' dir='ltr'>damno</span> <span class='ocrx_word' id='word_1_35' title='bbox 1292 511 1568 562; x_wconf 79' lang='lat' dir='ltr'>actionem</span> <span class='ocrx_word' id='word_1_36' title='bbox 1612 511 1832 562; x_wconf 85' lang='lat' dir='ltr'>differre</span> <span class='ocrx_word' id='word_1_37' title='bbox 1874 518 2068 579; x_wconf 88' lang='lat' dir='ltr'>potest,</span> <span class='ocrx_word' id='word_1_38' title='bbox 2110 519 2182 561; x_wconf 93' lang='lat' dir='ltr'>te-</span> 
     </span>
     <span class='ocr_line' id='line_1_8' title="bbox 306 599 2180 669; baseline -0.002 -16"><span class='ocrx_word' id='word_1_39' title='bbox 306 610 466 653; x_wconf 89' lang='lat' dir='ltr'>netur</span> <span class='ocrx_word' id='word_1_40' title='bbox 507 620 628 653; x_wconf 88' lang='lat' dir='ltr'>eam</span> <span class='ocrx_word' id='word_1_41' title='bbox 657 601 893 667; x_wconf 82' lang='lat' dir='ltr'>differre,</span> <span class='ocrx_word' id='word_1_42' title='bbox 939 600 1115 652; x_wconf 86' lang='lat' dir='ltr'>donec</span> <span class='ocrx_word' id='word_1_43' title='bbox 1152 601 1427 669; x_wconf 87' lang='lat' dir='ltr'>sapientes</span> <span class='ocrx_word' id='word_1_44' title='bbox 1469 618 1512 652; x_wconf 93' lang='lat' dir='ltr'>e.</span> <span class='ocrx_word' id='word_1_45' title='bbox 1543 618 1594 669; x_wconf 81' lang='lat' dir='ltr'>g.</span> <span class='ocrx_word' id='word_1_46' title='bbox 1627 599 2027 651; x_wconf 89' lang='lat' dir='ltr'>confessarium</span> <span class='ocrx_word' id='word_1_47' title='bbox 2059 617 2180 651; x_wconf 91' lang='lat' dir='ltr'>con-</span> 
     </span>
     <span class='ocr_line' id='line_1_9' title="bbox 306 689 2184 761; baseline -0.002 -19"><span class='ocrx_word' id='word_1_48' title='bbox 306 690 563 743; x_wconf 88' lang='lat' dir='ltr'>suluerit:</span> <span class='ocrx_word' id='word_1_49' title='bbox 626 690 857 761; x_wconf 81' lang='lat' dir='ltr'>quilibet</span> <span class='ocrx_word' id='word_1_50' title='bbox 911 691 1058 742; x_wconf 89' lang='lat' dir='ltr'>enim</span> <span class='ocrx_word' id='word_1_51' title='bbox 1116 691 1292 740; x_wconf 86' lang='lat' dir='ltr'>vitare</span> <span class='ocrx_word' id='word_1_52' title='bbox 1344 697 1575 751; x_wconf 85' lang='lat' dir='ltr'>tenetur,</span> <span class='ocrx_word' id='word_1_53' title='bbox 1644 689 1791 758; x_wconf 79' lang='lat' dir='ltr'>quod</span> <span class='ocrx_word' id='word_1_54' title='bbox 1851 697 2011 758; x_wconf 87' lang='lat' dir='ltr'>putat</span> <span class='ocrx_word' id='word_1_55' title='bbox 2067 706 2184 740; x_wconf 89' lang='lat' dir='ltr'>esse</span> 
     </span>
     <span class='ocr_line' id='line_1_10' title="bbox 308 789 617 849; baseline 0.003 -17"><span class='ocrx_word' id='word_1_56' title='bbox 308 789 617 849; x_wconf 88' lang='lat' dir='ltr'>peccatum.</span> 
     </span>
    </p>
   </div>
   <div class='ocr_carea' id='block_1_6' title="bbox 306 889 2186 1141">
    <p class='ocr_par' dir='ltr' id='par_1_6' title="bbox 306 889 2186 1141">
     <span class='ocr_line' id='line_1_11' title="bbox 463 889 2183 959; baseline -0.002 -15"><span class='ocrx_word' id='word_1_57' title='bbox 463 892 507 943; x_wconf 80' lang='lat' dir='ltr'>b.</span> <span class='ocrx_word' id='word_1_58' title='bbox 553 891 611 944; x_wconf 83' lang='lat' dir='ltr'>Si</span> <span class='ocrx_word' id='word_1_59' title='bbox 652 893 926 944; x_wconf 83' lang='lat' dir='ltr'>actionem</span> <span class='ocrx_word' id='word_1_60' title='bbox 971 891 1192 942; x_wconf 85' lang='lat' dir='ltr'>differre</span> <span class='ocrx_word' id='word_1_61' title='bbox 1234 908 1344 941; x_wconf 91' lang='lat' dir='ltr'>non</span> <span class='ocrx_word' id='word_1_62' title='bbox 1385 897 1578 959; x_wconf 85' lang='lat' dir='ltr'>potest,</span> <span class='ocrx_word' id='word_1_63' title='bbox 1623 889 1760 942; x_wconf 87' lang='lat' dir='ltr'>illud</span> <span class='ocrx_word' id='word_1_64' title='bbox 1791 890 1999 958; x_wconf 84' lang='lat' dir='ltr'>eligere</span> <span class='ocrx_word' id='word_1_65' title='bbox 2041 897 2183 941; x_wconf 86' lang='lat' dir='ltr'>tene-</span> 
     </span>
     <span class='ocr_line' id='line_1_12' title="bbox 306 979 2186 1051; baseline -0.002 -18"><span class='ocrx_word' id='word_1_66' title='bbox 306 990 408 1047; x_wconf 78' lang='lat' dir='ltr'>tur,</span> <span class='ocrx_word' id='word_1_67' title='bbox 465 981 611 1051; x_wconf 87' lang='lat' dir='ltr'>quod</span> <span class='ocrx_word' id='word_1_68' title='bbox 663 981 769 1033; x_wconf 86' lang='lat' dir='ltr'>sibi</span> <span class='ocrx_word' id='word_1_69' title='bbox 811 981 1036 1032; x_wconf 85' lang='lat' dir='ltr'>videtur</span> <span class='ocrx_word' id='word_1_70' title='bbox 1078 981 1261 1031; x_wconf 88' lang='lat' dir='ltr'>minus</span> <span class='ocrx_word' id='word_1_71' title='bbox 1303 979 1539 1031; x_wconf 89' lang='lat' dir='ltr'>malum:</span> <span class='ocrx_word' id='word_1_72' title='bbox 1597 998 1726 1031; x_wconf 87' lang='lat' dir='ltr'>nam</span> <span class='ocrx_word' id='word_1_73' title='bbox 1779 981 1958 1031; x_wconf 88' lang='lat' dir='ltr'>vitare</span> <span class='ocrx_word' id='word_1_74' title='bbox 2002 980 2186 1048; x_wconf 90' lang='lat' dir='ltr'>potius</span> 
     </span>
     <span class='ocr_line' id='line_1_13' title="bbox 309 1068 2032 1141; baseline -0.001 -18"><span class='ocrx_word' id='word_1_75' title='bbox 309 1070 473 1123; x_wconf 84' lang='lat' dir='ltr'>debet</span> <span class='ocrx_word' id='word_1_76' title='bbox 513 1073 1005 1141; x_wconf 80' lang='lat' dir='ltr'>transgressionem</span> <span class='ocrx_word' id='word_1_77' title='bbox 1046 1070 1184 1139; x_wconf 82' lang='lat' dir='ltr'>legis</span> <span class='ocrx_word' id='word_1_78' title='bbox 1225 1068 1492 1120; x_wconf 88' lang='lat' dir='ltr'>naturalis</span> <span class='ocrx_word' id='word_1_79' title='bbox 1535 1087 1699 1138; x_wconf 90' lang='lat' dir='ltr'>quam</span> <span class='ocrx_word' id='word_1_80' title='bbox 1742 1070 2032 1138; x_wconf 84' lang='lat' dir='ltr'>positivae.</span> 
     </span>
    </p>
   </div>
   <div class='ocr_carea' id='block_1_7' title="bbox 304 1178 2187 1504">
    <p class='ocr_par' dir='ltr' id='par_1_7' title="bbox 304 1178 2187 1504">
     <span class='ocr_line' id='line_1_14' title="bbox 313 1178 2186 1251; baseline -0.002 -16"><span class='ocrx_word' id='word_1_81' title='bbox 313 1178 379 1228; x_wconf 45' lang='lat'>‘²14⁵‘</span> <span class='ocrx_word' id='word_1_82' title='bbox 458 1204 497 1237; x_wconf 79' lang='grc' dir='ltr'>ο.</span> <span class='ocrx_word' id='word_1_83' title='bbox 555 1183 612 1236; x_wconf 80' lang='lat' dir='ltr'>Si</span> <span class='ocrx_word' id='word_1_84' title='bbox 655 1185 837 1234; x_wconf 91' lang='lat' dir='ltr'>minus</span> <span class='ocrx_word' id='word_1_85' title='bbox 891 1181 1098 1234; x_wconf 89' lang='lat' dir='ltr'>malum</span> <span class='ocrx_word' id='word_1_86' title='bbox 1155 1181 1468 1233; x_wconf 86' lang='lat' dir='ltr'>discernere</span> <span class='ocrx_word' id='word_1_87' title='bbox 1521 1199 1631 1232; x_wconf 89' lang='lat' dir='ltr'>non</span> <span class='ocrx_word' id='word_1_88' title='bbox 1673 1189 1869 1251; x_wconf 88' lang='lat' dir='ltr'>potest,</span> <span class='ocrx_word' id='word_1_89' title='bbox 1914 1181 2186 1251; x_wconf 86' lang='lat' dir='ltr'>quidquid</span> 
     </span>
     <span class='ocr_line' id='line_1_15' title="bbox 307 1271 2186 1349; baseline -0.002 -25"><span class='ocrx_word' id='word_1_90' title='bbox 307 1271 488 1341; x_wconf 82' lang='lat' dir='ltr'>eligat,</span> <span class='ocrx_word' id='word_1_91' title='bbox 532 1280 915 1349; x_wconf 47' lang='lat' dir='ltr'>nogpeccat,</span> <span class='ocrx_word' id='word_1_92' title='bbox 957 1281 1121 1342; x_wconf 87' lang='lat' dir='ltr'>atque</span> <span class='ocrx_word' id='word_1_93' title='bbox 1162 1271 1220 1323; x_wconf 85' lang='lat' dir='ltr'>id</span> <span class='ocrx_word' id='word_1_94' title='bbox 1262 1271 1488 1341; x_wconf 90' lang='lat' dir='ltr'>quidem</span> <span class='ocrx_word' id='word_1_95' title='bbox 1531 1272 1632 1322; x_wconf 89' lang='lat' dir='ltr'>etsi</span> <span class='ocrx_word' id='word_1_96' title='bbox 1675 1289 1772 1340; x_wconf 90' lang='lat' dir='ltr'>per</span> <span class='ocrx_word' id='word_1_97' title='bbox 1808 1289 2047 1322; x_wconf 90' lang='lat' dir='ltr'>errorem</span> <span class='ocrx_word' id='word_1_98' title='bbox 2076 1272 2186 1321; x_wconf 84' lang='lat' dir='ltr'>exi-</span> 
     </span>
     <span class='ocr_line' id='line_1_16' title="bbox 306 1363 2187 1432; baseline 0 -20"><span class='ocrx_word' id='word_1_99' title='bbox 306 1363 490 1414; x_wconf 86' lang='lat' dir='ltr'>stimet</span> <span class='ocrx_word' id='word_1_100' title='bbox 545 1381 600 1413; x_wconf 91' lang='lat' dir='ltr'>se</span> <span class='ocrx_word' id='word_1_101' title='bbox 651 1381 899 1432; x_wconf 88' lang='lat' dir='ltr'>peccare,</span> <span class='ocrx_word' id='word_1_102' title='bbox 954 1363 1084 1432; x_wconf 92' lang='lat' dir='ltr'>quia</span> <span class='ocrx_word' id='word_1_103' title='bbox 1137 1370 1310 1428; x_wconf 78' lang='lat' dir='ltr'>actUS,</span> <span class='ocrx_word' id='word_1_104' title='bbox 1369 1379 1533 1431; x_wconf 89' lang='lat' dir='ltr'>quem</span> <span class='ocrx_word' id='word_1_105' title='bbox 1587 1363 1759 1430; x_wconf 88' lang='lat' dir='ltr'>ponit,</span> <span class='ocrx_word' id='word_1_106' title='bbox 1814 1379 1927 1413; x_wconf 92' lang='lat' dir='ltr'>non</span> <span class='ocrx_word' id='word_1_107' title='bbox 1969 1368 2051 1412; x_wconf 90' lang='lat' dir='ltr'>est</span> <span class='ocrx_word' id='word_1_108' title='bbox 2091 1379 2187 1412; x_wconf 89' lang='lat' dir='ltr'>vo-</span> 
     </span>
     <span class='ocr_line' id='line_1_17' title="bbox 304 1451 592 1504; baseline 0.007 -2"><span class='ocrx_word' id='word_1_109' title='bbox 304 1451 592 1504; x_wconf 90' lang='lat' dir='ltr'>luntarius.</span> 
     </span>
    </p>
   </div>
   <div class='ocr_carea' id='block_1_8' title="bbox 456 1562 2191 1619">
    <p class='ocr_par' dir='ltr' id='par_1_8' title="bbox 456 1562 2191 1619">
     <span class='ocr_line' id='line_1_18' title="bbox 456 1562 2191 1619; baseline -0.002 -11"><span class='ocrx_word' id='word_1_110' title='bbox 456 1565 675 1619; x_wconf 79' lang='lat' dir='ltr'>Exemplo</span> <span class='ocrx_word' id='word_1_111' title='bbox 709 1564 771 1607; x_wconf 87' lang='lat' dir='ltr'>sit</span> <span class='ocrx_word' id='word_1_112' title='bbox 804 1565 952 1618; x_wconf 89' lang='lat' dir='ltr'>homo,</span> <span class='ocrx_word' id='word_1_113' title='bbox 986 1563 1062 1618; x_wconf 80' lang='lat' dir='ltr'>qui</span> <span class='ocrx_word' id='word_1_114' title='bbox 1098 1562 1171 1607; x_wconf 85' lang='lat' dir='ltr'>die</span> <span class='ocrx_word' id='word_1_115' title='bbox 1203 1565 1322 1606; x_wconf 74' lang='lat' dir='ltr'>festo</span> <span class='ocrx_word' id='word_1_116' title='bbox 1355 1563 1576 1606; x_wconf 84' lang='lat' dir='ltr'>assistens</span> <span class='ocrx_word' id='word_1_117' title='bbox 1622 1563 1806 1606; x_wconf 88' lang='lat' dir='ltr'>infirmo</span> <span class='ocrx_word' id='word_1_118' title='bbox 1856 1562 2096 1606; x_wconf 79' lang='lat' dir='ltr'>existimat</span> <span class='ocrx_word' id='word_1_119' title='bbox 2143 1574 2191 1605; x_wconf 91' lang='lat' dir='ltr'>se</span> 
     </span>
    </p>
   </div>
   <div class='ocr_carea' id='block_1_9' title="bbox 159 1627 2191 1994">
    <p class='ocr_par' dir='ltr' id='par_1_9' title="bbox 159 1627 2191 2000">
     <span class='ocr_line' id='line_1_19' title="bbox 244 1627 2191 1693; baseline -0.002 -11"><span class='ocrx_word' id='word_1_120' title='bbox 244 1627 246 1629; x_wconf 26' lang='lat'><strong><em>¹</em></strong></span> <span class='ocrx_word' id='word_1_121' title='bbox 306 1652 501 1693; x_wconf 84' lang='lat' dir='ltr'>peccare,</span> <span class='ocrx_word' id='word_1_122' title='bbox 544 1639 581 1682; x_wconf 89' lang='lat' dir='ltr'>si</span> <span class='ocrx_word' id='word_1_123' title='bbox 614 1646 863 1693; x_wconf 85' lang='lat' dir='ltr'>remaneat,</span> <span class='ocrx_word' id='word_1_124' title='bbox 897 1644 940 1682; x_wconf 88' lang='lat' dir='ltr'>et</span> <span class='ocrx_word' id='word_1_125' title='bbox 974 1638 1148 1693; x_wconf 85' lang='lat' dir='ltr'>pariter</span> <span class='ocrx_word' id='word_1_126' title='bbox 1182 1651 1227 1681; x_wconf 91' lang='lat' dir='ltr'>se</span> <span class='ocrx_word' id='word_1_127' title='bbox 1277 1651 1471 1692; x_wconf 82' lang='lat' dir='ltr'>peccare,</span> <span class='ocrx_word' id='word_1_128' title='bbox 1522 1637 1559 1680; x_wconf 89' lang='lat' dir='ltr'>si</span> <span class='ocrx_word' id='word_1_129' title='bbox 1609 1638 1794 1681; x_wconf 83' lang='lat' dir='ltr'>accedat</span> <span class='ocrx_word' id='word_1_130' title='bbox 1839 1637 1896 1680; x_wconf 82' lang='lat' dir='ltr'>ad</span> <span class='ocrx_word' id='word_1_131' title='bbox 1940 1636 2191 1691; x_wconf 83' lang='lat' dir='ltr'>eeclesiam,</span> 
     </span>
     <span class='ocr_line' id='line_1_20' title="bbox 236 1712 2190 1768; baseline -0.001 -13"><span class='ocrx_word' id='word_1_132' title='bbox 236 1766 239 1768; x_wconf 16' lang='lat'><em>⁴</em></span> <span class='ocrx_word' id='word_1_133' title='bbox 268 1737 270 1740; x_wconf 36' lang='lat' dir='ltr'><strong>f</strong></span> <span class='ocrx_word' id='word_1_134' title='bbox 306 1714 379 1756; x_wconf 77' lang='lat' dir='ltr'>vel</span> <span class='ocrx_word' id='word_1_135' title='bbox 413 1714 633 1768; x_wconf 83' lang='lat' dir='ltr'>sacerdos,</span> <span class='ocrx_word' id='word_1_136' title='bbox 667 1714 743 1768; x_wconf 87' lang='lat' dir='ltr'>qui</span> <span class='ocrx_word' id='word_1_137' title='bbox 779 1727 955 1757; x_wconf 86' lang='lat' dir='ltr'>sacrum</span> <span class='ocrx_word' id='word_1_138' title='bbox 990 1712 1162 1756; x_wconf 79' lang='lat' dir='ltr'>faciens</span> <span class='ocrx_word' id='word_1_139' title='bbox 1196 1717 1335 1768; x_wconf 86' lang='lat' dir='ltr'>putat</span> <span class='ocrx_word' id='word_1_140' title='bbox 1368 1726 1413 1756; x_wconf 88' lang='lat' dir='ltr'>se</span> <span class='ocrx_word' id='word_1_141' title='bbox 1446 1716 1754 1767; x_wconf 84' lang='lat' dir='ltr'>peccaturum,</span> <span class='ocrx_word' id='word_1_142' title='bbox 1799 1712 1836 1755; x_wconf 88' lang='lat' dir='ltr'>si</span> <span class='ocrx_word' id='word_1_143' title='bbox 1879 1717 2061 1767; x_wconf 86' lang='lat' dir='ltr'>repetat</span> <span class='ocrx_word' id='word_1_144' title='bbox 2100 1713 2190 1754; x_wconf 78' lang='lat' dir='ltr'>for-</span> 
     </span>
     <span class='ocr_line' id='line_1_21' title="bbox 306 1786 2186 1843; baseline -0.001 -11.209"><span class='ocrx_word' id='word_1_145' title='bbox 306 1803 426 1832; x_wconf 85' lang='lat' dir='ltr'>mam</span> <span class='ocrx_word' id='word_1_146' title='bbox 450 1788 817 1843; x_wconf 86' lang='lat' dir='ltr'>consecrationis,</span> <span class='ocrx_word' id='word_1_147' title='bbox 850 1793 895 1832; x_wconf 86' lang='lat' dir='ltr'>et</span> <span class='ocrx_word' id='word_1_148' title='bbox 929 1788 1103 1843; x_wconf 89' lang='lat' dir='ltr'>pariter</span> <span class='ocrx_word' id='word_1_149' title='bbox 1136 1801 1182 1831; x_wconf 89' lang='lat' dir='ltr'>se</span> <span class='ocrx_word' id='word_1_150' title='bbox 1215 1793 1523 1843; x_wconf 87' lang='lat' dir='ltr'>peccaturum,</span> <span class='ocrx_word' id='word_1_151' title='bbox 1558 1787 1595 1830; x_wconf 90' lang='lat' dir='ltr'>si</span> <span class='ocrx_word' id='word_1_152' title='bbox 1630 1801 1728 1831; x_wconf 86' lang='lat' dir='ltr'>eam</span> <span class='ocrx_word' id='word_1_153' title='bbox 1762 1801 1852 1830; x_wconf 88' lang='lat' dir='ltr'>non</span> <span class='ocrx_word' id='word_1_154' title='bbox 1884 1791 2081 1842; x_wconf 83' lang='lat' dir='ltr'>repetat,</span> <span class='ocrx_word' id='word_1_155' title='bbox 2114 1786 2186 1829; x_wconf 80' lang='lat' dir='ltr'>vel</span> 
     </span>
     <span class='ocr_line' id='line_1_22' title="bbox 159 1860 2190 1921; baseline -0.002 -14"><span class='ocrx_word' id='word_1_156' title='bbox 159 1870 162 1874; x_wconf 90' lang='grc'><strong><em>’</em></strong></span> <span class='ocrx_word' id='word_1_157' title='bbox 224 1887 226 1890; x_wconf 94' lang='grc'>-</span> <span class='ocrx_word' id='word_1_158' title='bbox 266 1899 273 1919; x_wconf 62' lang='lat'>4</span> <span class='ocrx_word' id='word_1_159' title='bbox 307 1863 623 1919; x_wconf 73' lang='lat' dir='ltr'>confessarius,</span> <span class='ocrx_word' id='word_1_160' title='bbox 657 1863 736 1921; x_wconf 89' lang='lat' dir='ltr'>qui</span> <span class='ocrx_word' id='word_1_161' title='bbox 769 1863 905 1906; x_wconf 87' lang='lat' dir='ltr'>timet</span> <span class='ocrx_word' id='word_1_162' title='bbox 950 1876 996 1906; x_wconf 90' lang='lat' dir='ltr'>se</span> <span class='ocrx_word' id='word_1_163' title='bbox 1039 1867 1331 1918; x_wconf 83' lang='lat' dir='ltr'>peccaturum</span> <span class='ocrx_word' id='word_1_164' title='bbox 1376 1861 1643 1917; x_wconf 82' lang='lat' dir='ltr'>denegando</span> <span class='ocrx_word' id='word_1_165' title='bbox 1688 1861 2037 1916; x_wconf 85' lang='lat' dir='ltr'>absolutionem,</span> <span class='ocrx_word' id='word_1_166' title='bbox 2082 1860 2190 1916; x_wconf 86' lang='lat' dir='ltr'>quia</span> 
     </span>
     <span class='ocr_line' id='line_1_23' title="bbox 306 1937 2190 1994; baseline -0.002 -12.135"><span class='ocrx_word' id='word_1_167' title='bbox 306 1939 616 1994; x_wconf 86' lang='lat' dir='ltr'>poenitentem</span> <span class='ocrx_word' id='word_1_168' title='bbox 651 1953 677 1981; x_wconf 90' lang='lat' dir='ltr'>a</span> <span class='ocrx_word' id='word_1_169' title='bbox 710 1937 1008 1982; x_wconf 85' lang='lat' dir='ltr'>sacramentis</span> <span class='ocrx_word' id='word_1_170' title='bbox 1041 1951 1224 1993; x_wconf 85' lang='lat' dir='ltr'>prorsus</span> <span class='ocrx_word' id='word_1_171' title='bbox 1257 1937 1497 1991; x_wconf 82' lang='lat' dir='ltr'>absterret,</span> <span class='ocrx_word' id='word_1_172' title='bbox 1553 1940 1599 1980; x_wconf 90' lang='lat' dir='ltr'>et</span> <span class='ocrx_word' id='word_1_173' title='bbox 1633 1949 1679 1980; x_wconf 92' lang='lat' dir='ltr'>se</span> <span class='ocrx_word' id='word_1_174' title='bbox 1714 1939 2006 1992; x_wconf 84' lang='lat' dir='ltr'>peccaturum</span> <span class='ocrx_word' id='word_1_175' title='bbox 2041 1948 2190 1980; x_wconf 87' lang='lat' dir='ltr'>conce-</span> 
     </span>
    </p>
   </div>
   <div class='ocr_carea' id='block_1_10' title="bbox 311 2009 2189 2068">
    <p class='ocr_par' dir='ltr' id='par_1_10' title="bbox 311 2009 2189 2068">
     <span class='ocr_line' id='line_1_24' title="bbox 311 2009 2189 2068; baseline -0.002 -11"><span class='ocrx_word' id='word_1_176' title='bbox 311 2015 456 2058; x_wconf 86' lang='lat' dir='ltr'>dendo</span> <span class='ocrx_word' id='word_1_177' title='bbox 490 2013 841 2066; x_wconf 80' lang='lat' dir='ltr'>absolutionem,</span> <span class='ocrx_word' id='word_1_178' title='bbox 875 2012 983 2068; x_wconf 83' lang='lat' dir='ltr'>quia</span> <span class='ocrx_word' id='word_1_179' title='bbox 1032 2016 1368 2056; x_wconf 88' lang='lat' dir='ltr'>sacramentum</span> <span class='ocrx_word' id='word_1_180' title='bbox 1416 2011 1609 2067; x_wconf 84' lang='lat' dir='ltr'>indigno</span> <span class='ocrx_word' id='word_1_181' title='bbox 1659 2010 1979 2062; x_wconf 86' lang='lat' dir='ltr'>administrat;</span> <span class='ocrx_word' id='word_1_182' title='bbox 2030 2009 2189 2065; x_wconf 84' lang='lat' dir='ltr'>faciat,</span> 
     </span>
    </p>
   </div>
   <div class='ocr_carea' id='block_1_11' title="bbox 238 2072 1736 2144">
    <p class='ocr_par' dir='ltr' id='par_1_11' title="bbox 238 2072 1736 2144">
     <span class='ocr_line' id='line_1_25' title="bbox 238 2072 1736 2144; baseline -0.003 -12"><span class='ocrx_word' id='word_1_183' title='bbox 238 2072 427 2144; x_wconf 59' lang='lat' dir='ltr'>rr·3q110d</span> <span class='ocrx_word' id='word_1_184' title='bbox 459 2088 680 2132; x_wconf 75' lang='lat' dir='ltr'>voluerit:</span> <span class='ocrx_word' id='word_1_185' title='bbox 714 2089 843 2131; x_wconf 87' lang='lat' dir='ltr'>nulla</span> <span class='ocrx_word' id='word_1_186' title='bbox 876 2087 995 2131; x_wconf 87' lang='lat' dir='ltr'>enim</span> <span class='ocrx_word' id='word_1_187' title='bbox 1030 2086 1191 2131; x_wconf 81' lang='lat' dir='ltr'>existit</span> <span class='ocrx_word' id='word_1_188' title='bbox 1222 2086 1472 2130; x_wconf 86' lang='lat' dir='ltr'>necessitas</span> <span class='ocrx_word' id='word_1_189' title='bbox 1505 2086 1736 2141; x_wconf 85' lang='lat' dir='ltr'>peccandi.</span> 
     </span>
    </p>
   </div>
   <div class='ocr_carea' id='block_1_12' title="bbox 619 2165 865 2200">
    <p class='ocr_par' dir='ltr' id='par_1_12' title="bbox 619 2165 865 2200">
     <span class='ocr_line' id='line_1_26' title="bbox 619 2165 823 2197; baseline -0.01 -11"><span class='ocrx_word' id='word_1_190' title='bbox 619 2166 629 2175; x_wconf 77' lang='lat'>,-</span> <span class='ocrx_word' id='word_1_191' title='bbox 636 2165 698 2197; x_wconf 45' lang='grc' dir='ltr'>χρ»</span> <span class='ocrx_word' id='word_1_192' title='bbox 752 2175 756 2184; x_wconf 65' lang='grc'>».</span> <span class='ocrx_word' id='word_1_193' title='bbox 774 2182 777 2183; x_wconf 21' lang='lat'><em>⁷</em></span> <span class='ocrx_word' id='word_1_194' title='bbox 820 2183 823 2185; x_wconf 71' lang='grc'><strong>,</strong></span> 
     </span>
     <span class='ocr_line' id='line_1_27' title="bbox 731 2186 865 2200; baseline 0.007 -5"><span class='ocrx_word' id='word_1_195' title='bbox 731 2186 762 2198; x_wconf 50' lang='lat'>2„</span> <span class='ocrx_word' id='word_1_196' title='bbox 800 2188 807 2196; x_wconf 90' lang='lat'><strong><em>.</em></strong></span> <span class='ocrx_word' id='word_1_197' title='bbox 852 2191 865 2200; x_wconf 75' lang='grc'><strong>.</strong></span> 
     </span>
    </p>
   </div>
   <div class='ocr_carea' id='block_1_13' title="bbox 966 2369 1530 2427">
    <p class='ocr_par' dir='ltr' id='par_1_13' title="bbox 966 2369 1530 2427">
     <span class='ocr_line' id='line_1_28' title="bbox 966 2369 1530 2427; baseline -0.002 0"><span class='ocrx_word' id='word_1_198' title='bbox 966 2369 1262 2427; x_wconf 79' lang='lat' dir='ltr'>Articulus</span> <span class='ocrx_word' id='word_1_199' title='bbox 1302 2369 1530 2426; x_wconf 61' lang='lat' dir='ltr'>tertius</span> 
     </span>
    </p>
   </div>
   <div class='ocr_carea' id='block_1_14' title="bbox 816 2502 1665 2555">
    <p class='ocr_par' dir='ltr' id='par_1_14' title="bbox 816 2502 1665 2555">
     <span class='ocr_line' id='line_1_29' title="bbox 816 2502 1665 2555; baseline -0.004 -7"><span class='ocrx_word' id='word_1_200' title='bbox 816 2510 895 2548; x_wconf 92' lang='lat' dir='ltr'>De</span> <span class='ocrx_word' id='word_1_201' title='bbox 929 2507 1257 2548; x_wconf 86' lang='lat' dir='ltr'>conscientia</span> <span class='ocrx_word' id='word_1_202' title='bbox 1291 2506 1606 2555; x_wconf 83' lang='lat' dir='ltr'>scrupulosa</span> <span class='ocrx_word' id='word_1_203' title='bbox 1619 2502 1665 2555; x_wconf 80' lang='lat'>¹).</span> 
     </span>
    </p>
   </div>
   <div class='ocr_carea' id='block_1_15' title="bbox 309 2668 2188 3009">
    <p class='ocr_par' dir='ltr' id='par_1_15' title="bbox 309 2668 2188 3009">
     <span class='ocr_line' id='line_1_30' title="bbox 456 2668 2186 2740; baseline -0.005 -13"><span class='ocrx_word' id='word_1_204' title='bbox 456 2672 588 2727; x_wconf 83' lang='lat'>189.</span> <span class='ocrx_word' id='word_1_205' title='bbox 654 2671 968 2726; x_wconf 72' lang='lat' dir='ltr'>Notiones.</span> <span class='ocrx_word' id='word_1_206' title='bbox 1053 2673 1098 2725; x_wconf 87' lang='lat'>1.</span> <span class='ocrx_word' id='word_1_207' title='bbox 1159 2668 1451 2740; x_wconf 74' lang='lat' dir='ltr'>Scrupulus</span> <span class='ocrx_word' id='word_1_208' title='bbox 1504 2676 1584 2720; x_wconf 85' lang='lat' dir='ltr'>est</span> <span class='ocrx_word' id='word_1_209' title='bbox 1639 2670 1804 2720; x_wconf 88' lang='lat' dir='ltr'>timor</span> <span class='ocrx_word' id='word_1_210' title='bbox 1858 2669 2073 2738; x_wconf 87' lang='lat' dir='ltr'>peccati</span> <span class='ocrx_word' id='word_1_211' title='bbox 2115 2686 2186 2719; x_wconf 80' lang='lat' dir='ltr'>ex</span> 
     </span>
     <span class='ocr_line' id='line_1_31' title="bbox 309 2757 2188 2831; baseline -0.003 -18"><span class='ocrx_word' id='word_1_212' title='bbox 309 2763 463 2814; x_wconf 89' lang='lat' dir='ltr'>inani</span> <span class='ocrx_word' id='word_1_213' title='bbox 505 2761 946 2831; x_wconf 88' lang='lat' dir='ltr'>apprehensione</span> <span class='ocrx_word' id='word_1_214' title='bbox 988 2758 1430 2829; x_wconf 76' lang='lat' dir='ltr'>ortus,1taque</span> <span class='ocrx_word' id='word_1_215' title='bbox 1488 2757 1779 2828; x_wconf 88' lang='lat' dir='ltr'>scrupulus</span> <span class='ocrx_word' id='word_1_216' title='bbox 1833 2765 2033 2809; x_wconf 89' lang='lat' dir='ltr'>natura</span> <span class='ocrx_word' id='word_1_217' title='bbox 2087 2775 2188 2808; x_wconf 87' lang='lat' dir='ltr'>sua</span> 
     </span>
     <span class='ocr_line' id='line_1_32' title="bbox 309 2846 2186 2929; baseline -0.004 -26"><span class='ocrx_word' id='word_1_218' title='bbox 309 2869 421 2904; x_wconf 91' lang='lat' dir='ltr'>non</span> <span class='ocrx_word' id='word_1_219' title='bbox 462 2859 543 2929; x_wconf 87' lang='lat' dir='ltr'>est</span> <span class='ocrx_word' id='word_1_220' title='bbox 583 2850 852 2902; x_wconf 87' lang='lat' dir='ltr'>iudicium</span> <span class='ocrx_word' id='word_1_221' title='bbox 895 2868 1061 2902; x_wconf 91' lang='lat' dir='ltr'>sanae</span> <span class='ocrx_word' id='word_1_222' title='bbox 1105 2850 1324 2915; x_wconf 88' lang='lat' dir='ltr'>mentis,</span> <span class='ocrx_word' id='word_1_223' title='bbox 1379 2849 1475 2901; x_wconf 88' lang='lat' dir='ltr'>sed</span> <span class='ocrx_word' id='word_1_224' title='bbox 1519 2857 1599 2900; x_wconf 93' lang='lat' dir='ltr'>est</span> <span class='ocrx_word' id='word_1_225' title='bbox 1639 2849 1804 2899; x_wconf 84' lang='lat' dir='ltr'>timor</span> <span class='ocrx_word' id='word_1_226' title='bbox 1845 2846 1912 2899; x_wconf 87' lang='lat' dir='ltr'>de</span> <span class='ocrx_word' id='word_1_227' title='bbox 1957 2854 2186 2916; x_wconf 86' lang='lat' dir='ltr'>peccato</span> 
     </span>
     <span class='ocr_line' id='line_1_33' title="bbox 311 2927 1900 3009; baseline -0.004 -16"><span class='ocrx_word' id='word_1_228' title='bbox 311 2927 467 2993; x_wconf 87' lang='lat' dir='ltr'>ortus</span> <span class='ocrx_word' id='word_1_229' title='bbox 503 2959 573 2992; x_wconf 82' lang='lat' dir='ltr'>ex</span> <span class='ocrx_word' id='word_1_230' title='bbox 613 2941 765 2991; x_wconf 90' lang='lat' dir='ltr'>inani</span> <span class='ocrx_word' id='word_1_231' title='bbox 807 2938 1247 3009; x_wconf 87' lang='lat' dir='ltr'>apprehensione</span> <span class='ocrx_word' id='word_1_232' title='bbox 1289 2939 1490 2989; x_wconf 90' lang='lat' dir='ltr'>mentis</span> <span class='ocrx_word' id='word_1_233' title='bbox 1530 2935 1900 3007; x_wconf 86' lang='lat' dir='ltr'>perturbatae.</span> 
     </span>
    </p>
   </div>
   <div class='ocr_carea' id='block_1_16' title="bbox 278 2928 436 2937">
    <p class='ocr_par' dir='ltr' id='par_1_16' title="bbox 278 2928 436 2937">
     <span class='ocr_line' id='line_1_34' title="bbox 278 2928 436 2937; baseline 0 961"><span class='ocrx_word' id='word_1_234' title='bbox 278 2928 436 2937; x_wconf 95' lang='lat' dir='ltr'> </span> 
     </span>
    </p>
   </div>
   <div class='ocr_carea' id='block_1_17' title="bbox 308 3158 2186 3443">
    <p class='ocr_par' dir='ltr' id='par_1_17' title="bbox 308 3158 2186 3443">
     <span class='ocr_line' id='line_1_35' title="bbox 469 3158 2185 3221; baseline -0.003 -14"><span class='ocrx_word' id='word_1_235' title='bbox 469 3164 500 3221; x_wconf 88' lang='lat' dir='ltr'>l)</span> <span class='ocrx_word' id='word_1_236' title='bbox 535 3163 580 3207; x_wconf 79' lang='lat' dir='ltr'>S.</span> <span class='ocrx_word' id='word_1_237' title='bbox 601 3163 860 3220; x_wconf 75' lang='lat' dir='ltr'>Alphonsus</span> <span class='ocrx_word' id='word_1_238' title='bbox 890 3165 919 3210; x_wconf 91' lang='grc'>1,</span> <span class='ocrx_word' id='word_1_239' title='bbox 958 3164 994 3206; x_wconf 94' lang='grc'>1.</span> <span class='ocrx_word' id='word_1_240' title='bbox 1028 3177 1072 3206; x_wconf 87' lang='lat' dir='ltr'>n.</span> <span class='ocrx_word' id='word_1_241' title='bbox 1098 3161 1285 3204; x_wconf 81' lang='lat'>11—18.</span> <span class='ocrx_word' id='word_1_242' title='bbox 1321 3158 1927 3213; x_wconf 74' lang='lat' dir='ltr'>Reuter,Neoconfessarius</span> <span class='ocrx_word' id='word_1_243' title='bbox 1948 3172 1992 3201; x_wconf 90' lang='lat'>11.</span> <span class='ocrx_word' id='word_1_244' title='bbox 2017 3158 2103 3201; x_wconf 81' lang='lat'>255</span> <span class='ocrx_word' id='word_1_245' title='bbox 2127 3171 2185 3203; x_wconf 91' lang='lat' dir='ltr'>ss.</span> 
     </span>
     <span class='ocr_line' id='line_1_36' title="bbox 311 3232 2185 3295; baseline -0.004 -12"><span class='ocrx_word' id='word_1_246' title='bbox 311 3240 435 3295; x_wconf 57' lang='lat' dir='ltr'>Stoa,</span> <span class='ocrx_word' id='word_1_247' title='bbox 467 3239 688 3283; x_wconf 87' lang='lat' dir='ltr'>Tribunal</span> <span class='ocrx_word' id='word_1_248' title='bbox 711 3238 880 3293; x_wconf 86' lang='lat' dir='ltr'>poenit.</span> <span class='ocrx_word' id='word_1_249' title='bbox 914 3238 944 3280; x_wconf 92' lang='lat' dir='ltr'>l.</span> <span class='ocrx_word' id='word_1_250' title='bbox 971 3239 1009 3280; x_wconf 88' lang='lat'>1.</span> <span class='ocrx_word' id='word_1_251' title='bbox 1043 3249 1109 3292; x_wconf 89' lang='lat' dir='ltr'>pr.</span> <span class='ocrx_word' id='word_1_252' title='bbox 1134 3237 1175 3280; x_wconf 79' lang='grc' dir='ltr'>ὗ.</span> <span class='ocrx_word' id='word_1_253' title='bbox 1198 3250 1241 3279; x_wconf 92' lang='lat' dir='ltr'>n.</span> <span class='ocrx_word' id='word_1_254' title='bbox 1269 3236 1351 3278; x_wconf 78' lang='lat'>171</span> <span class='ocrx_word' id='word_1_255' title='bbox 1378 3248 1435 3279; x_wconf 90' lang='lat' dir='ltr'>ss.</span> <span class='ocrx_word' id='word_1_256' title='bbox 1469 3235 1728 3291; x_wconf 71' lang='lat' dir='ltr'>Laymann,</span> <span class='ocrx_word' id='word_1_257' title='bbox 1753 3233 2006 3288; x_wconf 85' lang='lat' dir='ltr'>Theologia</span> <span class='ocrx_word' id='word_1_258' title='bbox 2028 3232 2185 3276; x_wconf 84' lang='lat' dir='ltr'>moral.</span> 
     </span>
     <span class='ocr_line' id='line_1_37' title="bbox 308 3306 2186 3367; baseline -0.004 -10"><span class='ocrx_word' id='word_1_259' title='bbox 308 3315 337 3358; x_wconf 93' lang='lat' dir='ltr'>l.</span> <span class='ocrx_word' id='word_1_260' title='bbox 373 3317 413 3361; x_wconf 87' lang='lat'>1.</span> <span class='ocrx_word' id='word_1_261' title='bbox 446 3318 581 3358; x_wconf 84' lang='lat' dir='ltr'>tract.</span> <span class='ocrx_word' id='word_1_262' title='bbox 618 3315 656 3356; x_wconf 87' lang='lat'>1.</span> <span class='ocrx_word' id='word_1_263' title='bbox 691 3327 726 3356; x_wconf 85' lang='lat' dir='ltr'>c.</span> <span class='ocrx_word' id='word_1_264' title='bbox 761 3313 802 3358; x_wconf 84' lang='lat'>6.</span> <span class='ocrx_word' id='word_1_265' title='bbox 851 3312 1071 3367; x_wconf 77' lang='lat' dir='ltr'>Lacroix,</span> <span class='ocrx_word' id='word_1_266' title='bbox 1105 3309 1356 3365; x_wconf 81' lang='lat' dir='ltr'>Theologia</span> <span class='ocrx_word' id='word_1_267' title='bbox 1388 3310 1547 3353; x_wconf 89' lang='lat' dir='ltr'>moral.</span> <span class='ocrx_word' id='word_1_268' title='bbox 1580 3309 1610 3352; x_wconf 92' lang='lat' dir='ltr'>l.</span> <span class='ocrx_word' id='word_1_269' title='bbox 1646 3309 1686 3352; x_wconf 85' lang='lat'>1.</span> <span class='ocrx_word' id='word_1_270' title='bbox 1719 3323 1763 3352; x_wconf 88' lang='lat' dir='ltr'>n.</span> <span class='ocrx_word' id='word_1_271' title='bbox 1798 3308 1885 3351; x_wconf 80' lang='lat'>519</span> <span class='ocrx_word' id='word_1_272' title='bbox 1920 3321 1976 3350; x_wconf 89' lang='lat' dir='ltr'>ss.</span> <span class='ocrx_word' id='word_1_273' title='bbox 2019 3306 2186 3350; x_wconf 80' lang='lat' dir='ltr'>Scara-</span> 
     </span>
     <span class='ocr_line' id='line_1_38' title="bbox 310 3380 2183 3443; baseline -0.005 -10"><span class='ocrx_word' id='word_1_274' title='bbox 310 3390 448 3443; x_wconf 79' lang='lat' dir='ltr'>melli,</span> <span class='ocrx_word' id='word_1_275' title='bbox 480 3389 702 3433; x_wconf 85' lang='lat' dir='ltr'>Director.</span> <span class='ocrx_word' id='word_1_276' title='bbox 736 3392 871 3432; x_wconf 87' lang='lat' dir='ltr'>ascet.</span> <span class='ocrx_word' id='word_1_277' title='bbox 906 3387 935 3430; x_wconf 93' lang='lat' dir='ltr'>l.</span> <span class='ocrx_word' id='word_1_278' title='bbox 971 3387 1011 3430; x_wconf 79' lang='lat'>2.</span> <span class='ocrx_word' id='word_1_279' title='bbox 1033 3400 1077 3430; x_wconf 92' lang='lat' dir='ltr'>n.</span> <span class='ocrx_word' id='word_1_280' title='bbox 1101 3386 1188 3428; x_wconf 78' lang='lat'>421</span> <span class='ocrx_word' id='word_1_281' title='bbox 1213 3399 1268 3429; x_wconf 88' lang='lat' dir='ltr'>ss.</span> <span class='ocrx_word' id='word_1_282' title='bbox 1304 3384 1351 3428; x_wconf 78' lang='lat' dir='ltr'>S.</span> <span class='ocrx_word' id='word_1_283' title='bbox 1375 3385 1600 3441; x_wconf 76' lang='lat' dir='ltr'>Ifflzatc&#39;ns,</span> <span class='ocrx_word' id='word_1_284' title='bbox 1634 3383 1868 3428; x_wconf 80' lang='lat' dir='ltr'>Exercitia</span> <span class='ocrx_word' id='word_1_285' title='bbox 1893 3380 2183 3438; x_wconf 85' lang='lat' dir='ltr'>spiritualia:</span> 
     </span>
    </p>
   </div>
   <div class='ocr_carea' id='block_1_18' title="bbox 311 3462 874 3520">
    <p class='ocr_par' dir='ltr' id='par_1_18' title="bbox 311 3462 874 3520">
     <span class='ocr_line' id='line_1_39' title="bbox 311 3462 874 3520; baseline -0.005 -12"><span class='ocrx_word' id='word_1_286' title='bbox 311 3465 515 3520; x_wconf 81' lang='lat' dir='ltr'>Regulae</span> <span class='ocrx_word' id='word_1_287' title='bbox 549 3465 602 3508; x_wconf 81' lang='lat' dir='ltr'>de</span> <span class='ocrx_word' id='word_1_288' title='bbox 635 3462 874 3519; x_wconf 79' lang='lat' dir='ltr'>scrupulis.</span> 
     </span>
    </p>
   </div>
   <div class='ocr_carea' id='block_1_19' title="bbox 1145 3615 1322 3627">
    <p class='ocr_par' dir='ltr' id='par_1_19' title="bbox 1145 3615 1322 3627">
     <span class='ocr_line' id='line_1_40' title="bbox 1145 3615 1322 3627; baseline 0 271"><span class='ocrx_word' id='word_1_289' title='bbox 1145 3615 1322 3627; x_wconf 95' lang='lat' dir='ltr'> </span> 
     </span>
    </p>
   </div>
   <div class='ocr_carea' id='block_1_20' title="bbox 1534 3622 1778 3663">
    <p class='ocr_par' dir='ltr' id='par_1_20' title="bbox 1534 3622 1778 3663">
     <span class='ocr_line' id='line_1_41' title="bbox 1534 3622 1778 3663; baseline -0.004 -5"><span class='ocrx_word' id='word_1_290' title='bbox 1534 3634 1561 3658; x_wconf 45' lang='lat' dir='ltr'>nl?</span> <span class='ocrx_word' id='word_1_291' title='bbox 1577 3622 1614 3656; x_wconf 42' lang='grc' dir='ltr'>(ιβ</span> <span class='ocrx_word' id='word_1_292' title='bbox 1713 3648 1718 3657; x_wconf 76' lang='lat' dir='ltr'><em>t</em></span> <span class='ocrx_word' id='word_1_293' title='bbox 1754 3650 1778 3663; x_wconf 47' lang='grc' dir='ltr'><strong><em>ί</em></strong></span> 
     </span>
    </p>
   </div>
   <div class='ocr_carea' id='block_1_21' title="bbox 1144 3660 1800 3790">
    <p class='ocr_par' dir='ltr' id='par_1_21' title="bbox 1144 3659 1800 3790">
     <span class='ocr_line' id='line_1_42' title="bbox 1144 3660 1749 3774; baseline 0.003 -66"><span class='ocrx_word' id='word_1_294' title='bbox 1144 3708 1156 3721; x_wconf 24' lang='lat'><em>5</em></span> <span class='ocrx_word' id='word_1_295' title='bbox 1220 3701 1235 3733; x_wconf 28' lang='grc' dir='ltr'>ὖ.</span> <span class='ocrx_word' id='word_1_296' title='bbox 1328 3700 1342 3709; x_wconf 26' lang='grc' dir='ltr'>ψ.</span> <span class='ocrx_word' id='word_1_297' title='bbox 1375 3672 1454 3714; x_wconf 44' lang='grc' dir='ltr'>σω</span> <span class='ocrx_word' id='word_1_298' title='bbox 1488 3668 1550 3710; x_wconf 98' lang='lat'><em>5</em></span> <span class='ocrx_word' id='word_1_299' title='bbox 1568 3660 1670 3711; x_wconf 46' lang='grc' dir='ltr'>(τί.</span> <span class='ocrx_word' id='word_1_300' title='bbox 1691 3660 1749 3774; x_wconf 54' lang='lat' dir='ltr'>ss</span> 
     </span>
     <span class='ocr_line' id='line_1_43' title="bbox 1790 3773 1800 3790; baseline 0 0"><span class='ocrx_word' id='word_1_301' title='bbox 1790 3773 1800 3790; x_wconf 70' lang='lat'>0</span> 
     </span>
    </p>
   </div>
  </div>
 </body>
</html>
