<?xml version="1.0" encoding="UTF-8"?>
<!DOCTYPE html PUBLIC "-//W3C//DTD XHTML 1.0 Transitional//EN"
    "http://www.w3.org/TR/xhtml1/DTD/xhtml1-transitional.dtd">
<html xmlns="http://www.w3.org/1999/xhtml" xml:lang="en" lang="en">
 <head>
  <title>
</title>
<meta http-equiv="Content-Type" content="text/html;charset=utf-8" />
  <meta name='ocr-system' content='tesseract 3.04.00' />
  <meta name='ocr-capabilities' content='ocr_page ocr_carea ocr_par ocr_line ocrx_word'/>
</head>
<body>
  <div class='ocr_page' id='page_1' title='image "./summatheologiaem00nold_0299.png"; bbox 0 0 2269 3898; ppageno 0'>
   <div class='ocr_carea' id='block_1_1' title="bbox 647 100 1935 155">
    <p class='ocr_par' dir='ltr' id='par_1_1' title="bbox 647 100 1935 155">
     <span class='ocr_line' id='line_1_1' title="bbox 647 100 1935 155; baseline 0.001 -13"><span class='ocrx_word' id='word_1_1' title='bbox 647 101 713 143; x_wconf 91' lang='lat' dir='ltr'>De</span> <span class='ocrx_word' id='word_1_2' title='bbox 747 100 1040 143; x_wconf 87' lang='lat' dir='ltr'>distinctione</span> <span class='ocrx_word' id='word_1_3' title='bbox 1071 106 1370 155; x_wconf 84' lang='lat' dir='ltr'>peccatorum.</span> <span class='ocrx_word' id='word_1_4' title='bbox 1849 101 1935 144; x_wconf 73' lang='lat'>289</span> 
     </span>
    </p>
   </div>
   <div class='ocr_carea' id='block_1_2' title="bbox 39 209 1937 1186">
    <p class='ocr_par' dir='ltr' id='par_1_2' title="bbox 64 209 1933 479">
     <span class='ocr_line' id='line_1_2' title="bbox 215 209 1933 301; baseline 0.001 -17"><span class='ocrx_word' id='word_1_5' title='bbox 215 235 262 285; x_wconf 88' lang='grc'>7.</span> <span class='ocrx_word' id='word_1_6' title='bbox 304 233 370 284; x_wconf 88' lang='lat' dir='ltr'>In</span> <span class='ocrx_word' id='word_1_7' title='bbox 412 209 649 296; x_wconf 47' lang='lat' dir='ltr'>mortale,</span> <span class='ocrx_word' id='word_1_8' title='bbox 693 232 837 301; x_wconf 88' lang='lat' dir='ltr'>quod</span> <span class='ocrx_word' id='word_1_9' title='bbox 879 234 1120 283; x_wconf 83' lang='lat' dir='ltr'>animam</span> <span class='ocrx_word' id='word_1_10' title='bbox 1159 234 1336 301; x_wconf 84' lang='lat' dir='ltr'>gratia</span> <span class='ocrx_word' id='word_1_11' title='bbox 1372 234 1748 284; x_wconf 89' lang='lat' dir='ltr'>sanctificante</span> <span class='ocrx_word' id='word_1_12' title='bbox 1792 234 1933 285; x_wconf 88' lang='lat' dir='ltr'>ideo-</span> 
     </span>
     <span class='ocr_line' id='line_1_3' title="bbox 65 320 1933 391; baseline 0.001 -19"><span class='ocrx_word' id='word_1_13' title='bbox 65 340 171 391; x_wconf 91' lang='lat' dir='ltr'>que</span> <span class='ocrx_word' id='word_1_14' title='bbox 227 323 343 373; x_wconf 88' lang='lat' dir='ltr'>vita</span> <span class='ocrx_word' id='word_1_15' title='bbox 400 320 801 390; x_wconf 73' lang='lat' dir='ltr'>supernaturali</span> <span class='ocrx_word' id='word_1_16' title='bbox 857 323 1056 390; x_wconf 84' lang='lat' dir='ltr'>privat,</span> <span class='ocrx_word' id='word_1_17' title='bbox 1116 330 1168 372; x_wconf 90' lang='lat' dir='ltr'>et</span> <span class='ocrx_word' id='word_1_18' title='bbox 1222 321 1442 388; x_wconf 66' lang='lat' dir='ltr'>reniale,</span> <span class='ocrx_word' id='word_1_19' title='bbox 1504 322 1650 391; x_wconf 91' lang='lat' dir='ltr'>quod</span> <span class='ocrx_word' id='word_1_20' title='bbox 1691 322 1933 373; x_wconf 88' lang='lat' dir='ltr'>animam</span> 
     </span>
     <span class='ocr_line' id='line_1_4' title="bbox 64 409 1744 479; baseline 0 -18"><span class='ocrx_word' id='word_1_21' title='bbox 64 411 242 479; x_wconf 83' lang='lat' dir='ltr'>gratia</span> <span class='ocrx_word' id='word_1_22' title='bbox 284 409 661 461; x_wconf 87' lang='lat' dir='ltr'>sanctificante</span> <span class='ocrx_word' id='word_1_23' title='bbox 704 418 756 459; x_wconf 89' lang='lat' dir='ltr'>et</span> <span class='ocrx_word' id='word_1_24' title='bbox 796 411 911 459; x_wconf 90' lang='lat' dir='ltr'>vita</span> <span class='ocrx_word' id='word_1_25' title='bbox 953 409 1354 477; x_wconf 80' lang='lat' dir='ltr'>supernaturali</span> <span class='ocrx_word' id='word_1_26' title='bbox 1398 428 1507 460; x_wconf 89' lang='lat' dir='ltr'>non</span> <span class='ocrx_word' id='word_1_27' title='bbox 1548 412 1744 479; x_wconf 85' lang='lat' dir='ltr'>privat.</span> 
     </span>
    </p>

    <p class='ocr_par' dir='ltr' id='par_1_3' title="bbox 65 497 1937 834">
     <span class='ocr_line' id='line_1_5' title="bbox 215 497 1935 567; baseline 0.001 -18"><span class='ocrx_word' id='word_1_28' title='bbox 215 498 263 550; x_wconf 80' lang='grc'>8.</span> <span class='ocrx_word' id='word_1_29' title='bbox 305 498 372 549; x_wconf 86' lang='lat' dir='ltr'>In</span> <span class='ocrx_word' id='word_1_30' title='bbox 413 497 701 564; x_wconf 68' lang='lat' dir='ltr'>materiale,</span> <span class='ocrx_word' id='word_1_31' title='bbox 757 497 903 566; x_wconf 89' lang='lat' dir='ltr'>quod</span> <span class='ocrx_word' id='word_1_32' title='bbox 953 505 1033 548; x_wconf 88' lang='lat' dir='ltr'>est</span> <span class='ocrx_word' id='word_1_33' title='bbox 1085 499 1443 564; x_wconf 81' lang='lat' dir='ltr'>transgressio</span> <span class='ocrx_word' id='word_1_34' title='bbox 1497 497 1631 567; x_wconf 82' lang='lat' dir='ltr'>legis</span> <span class='ocrx_word' id='word_1_35' title='bbox 1686 499 1935 551; x_wconf 85' lang='lat' dir='ltr'>involun-</span> 
     </span>
     <span class='ocr_line' id='line_1_6' title="bbox 65 586 1934 656; baseline -0.001 -16"><span class='ocrx_word' id='word_1_36' title='bbox 65 590 205 640; x_wconf 89' lang='lat' dir='ltr'>taria</span> <span class='ocrx_word' id='word_1_37' title='bbox 262 588 494 656; x_wconf 91' lang='lat' dir='ltr'>ideoque</span> <span class='ocrx_word' id='word_1_38' title='bbox 553 587 623 638; x_wconf 89' lang='lat' dir='ltr'>ad</span> <span class='ocrx_word' id='word_1_39' title='bbox 692 586 911 655; x_wconf 88' lang='lat' dir='ltr'>culpam</span> <span class='ocrx_word' id='word_1_40' title='bbox 976 604 1085 637; x_wconf 89' lang='lat' dir='ltr'>non</span> <span class='ocrx_word' id='word_1_41' title='bbox 1150 586 1508 655; x_wconf 81' lang='lat' dir='ltr'>imputabilis,</span> <span class='ocrx_word' id='word_1_42' title='bbox 1573 596 1625 638; x_wconf 90' lang='lat' dir='ltr'>et</span> <span class='ocrx_word' id='word_1_43' title='bbox 1679 588 1934 656; x_wconf 74' lang='lat' dir='ltr'>formale,</span> 
     </span>
     <span class='ocr_line' id='line_1_7' title="bbox 68 675 1937 747; baseline 0 -19"><span class='ocrx_word' id='word_1_44' title='bbox 68 677 214 747; x_wconf 88' lang='lat' dir='ltr'>quod</span> <span class='ocrx_word' id='word_1_45' title='bbox 256 685 335 728; x_wconf 89' lang='lat' dir='ltr'>est</span> <span class='ocrx_word' id='word_1_46' title='bbox 373 677 729 744; x_wconf 80' lang='lat' dir='ltr'>transgressio</span> <span class='ocrx_word' id='word_1_47' title='bbox 770 675 904 743; x_wconf 83' lang='lat' dir='ltr'>legis</span> <span class='ocrx_word' id='word_1_48' title='bbox 958 675 1267 726; x_wconf 89' lang='lat' dir='ltr'>voluntaria</span> <span class='ocrx_word' id='word_1_49' title='bbox 1322 675 1555 745; x_wconf 86' lang='lat' dir='ltr'>ideoque</span> <span class='ocrx_word' id='word_1_50' title='bbox 1598 676 1937 745; x_wconf 87' lang='lat' dir='ltr'>imputabilis</span> 
     </span>
     <span class='ocr_line' id='line_1_8' title="bbox 67 765 413 834; baseline -0.006 -16"><span class='ocrx_word' id='word_1_51' title='bbox 67 767 138 818; x_wconf 87' lang='lat' dir='ltr'>ad</span> <span class='ocrx_word' id='word_1_52' title='bbox 179 765 413 834; x_wconf 87' lang='lat' dir='ltr'>culpam.</span> 
     </span>
    </p>

    <p class='ocr_par' dir='ltr' id='par_1_4' title="bbox 39 853 1937 1186">
     <span class='ocr_line' id='line_1_9' title="bbox 217 853 1936 922; baseline 0 -16"><span class='ocrx_word' id='word_1_53' title='bbox 217 855 265 910; x_wconf 74' lang='grc'>9,.</span> <span class='ocrx_word' id='word_1_54' title='bbox 307 853 373 904; x_wconf 89' lang='lat' dir='ltr'>In</span> <span class='ocrx_word' id='word_1_55' title='bbox 415 853 646 921; x_wconf 74' lang='lat' dir='ltr'>carnale,</span> <span class='ocrx_word' id='word_1_56' title='bbox 690 853 835 922; x_wconf 87' lang='lat' dir='ltr'>quod</span> <span class='ocrx_word' id='word_1_57' title='bbox 866 855 1113 904; x_wconf 90' lang='lat' dir='ltr'>consistit</span> <span class='ocrx_word' id='word_1_58' title='bbox 1142 854 1199 904; x_wconf 87' lang='lat' dir='ltr'>in</span> <span class='ocrx_word' id='word_1_59' title='bbox 1228 853 1593 905; x_wconf 75' lang='lat' dir='ltr'>delectatione</span> <span class='ocrx_word' id='word_1_60' title='bbox 1623 854 1936 906; x_wconf 89' lang='lat' dir='ltr'>inordinata</span> 
     </span>
     <span class='ocr_line' id='line_1_10' title="bbox 39 942 1937 1014; baseline 0 -20"><span class='ocrx_word' id='word_1_61' title='bbox 39 944 249 1014; x_wconf 20' lang='lat' dir='ltr'>*carnis</span> <span class='ocrx_word' id='word_1_62' title='bbox 292 951 351 994; x_wconf 88' lang='lat' dir='ltr'>ut</span> <span class='ocrx_word' id='word_1_63' title='bbox 389 942 533 1010; x_wconf 82' lang='lat' dir='ltr'>gula,</span> <span class='ocrx_word' id='word_1_64' title='bbox 577 942 828 1009; x_wconf 79' lang='lat' dir='ltr'>ebrietaS,</span> <span class='ocrx_word' id='word_1_65' title='bbox 883 942 1120 1009; x_wconf 82' lang='lat' dir='ltr'>luxuria,</span> <span class='ocrx_word' id='word_1_66' title='bbox 1180 950 1232 993; x_wconf 85' lang='lat' dir='ltr'>et</span> <span class='ocrx_word' id='word_1_67' title='bbox 1271 942 1570 1012; x_wconf 70' lang='lat' dir='ltr'>spirituale,</span> <span class='ocrx_word' id='word_1_68' title='bbox 1629 943 1774 1011; x_wconf 90' lang='lat' dir='ltr'>quod</span> <span class='ocrx_word' id='word_1_69' title='bbox 1817 961 1937 994; x_wconf 91' lang='lat' dir='ltr'>con-</span> 
     </span>
     <span class='ocr_line' id='line_1_11' title="bbox 71 1031 1935 1101; baseline -0.001 -17"><span class='ocrx_word' id='word_1_70' title='bbox 71 1034 211 1085; x_wconf 85' lang='lat' dir='ltr'>sistit</span> <span class='ocrx_word' id='word_1_71' title='bbox 253 1033 308 1083; x_wconf 90' lang='lat' dir='ltr'>in</span> <span class='ocrx_word' id='word_1_72' title='bbox 351 1031 716 1084; x_wconf 81' lang='lat' dir='ltr'>delectatione</span> <span class='ocrx_word' id='word_1_73' title='bbox 758 1031 1073 1083; x_wconf 87' lang='lat' dir='ltr'>inordinata</span> <span class='ocrx_word' id='word_1_74' title='bbox 1103 1032 1300 1082; x_wconf 90' lang='lat' dir='ltr'>mentis</span> <span class='ocrx_word' id='word_1_75' title='bbox 1327 1039 1386 1082; x_wconf 92' lang='lat' dir='ltr'>ut</span> <span class='ocrx_word' id='word_1_76' title='bbox 1413 1031 1618 1097; x_wconf 79' lang='lat' dir='ltr'>odium,</span> <span class='ocrx_word' id='word_1_77' title='bbox 1663 1031 1935 1101; x_wconf 80' lang='lat' dir='ltr'>superbia7</span> 
     </span>
     <span class='ocr_line' id='line_1_12' title="bbox 71 1119 643 1186; baseline -0.002 -14"><span class='ocrx_word' id='word_1_78' title='bbox 71 1121 302 1184; x_wconf 81' lang='lat' dir='ltr'>invidia,</span> <span class='ocrx_word' id='word_1_79' title='bbox 344 1119 643 1186; x_wconf 70' lang='lat' dir='ltr'>avaritial).</span> 
     </span>
    </p>
   </div>
   <div class='ocr_carea' id='block_1_3' title="bbox 639 1652 1376 1744">
    <p class='ocr_par' dir='ltr' id='par_1_5' title="bbox 639 1652 1376 1744">
     <span class='ocr_line' id='line_1_13' title="bbox 639 1652 1376 1744; baseline 0 -26"><span class='ocrx_word' id='word_1_80' title='bbox 639 1652 983 1744; x_wconf 75' lang='lat' dir='ltr'>Quaestio</span> <span class='ocrx_word' id='word_1_81' title='bbox 1034 1653 1376 1718; x_wconf 81' lang='lat' dir='ltr'>secunda.</span> 
     </span>
    </p>
   </div>
   <div class='ocr_carea' id='block_1_4' title="bbox 456 1807 1585 1880">
    <p class='ocr_par' dir='ltr' id='par_1_6' title="bbox 456 1807 1585 1880">
     <span class='ocr_line' id='line_1_14' title="bbox 456 1807 1585 1880; baseline -0.002 -10"><span class='ocrx_word' id='word_1_82' title='bbox 456 1819 544 1870; x_wconf 84' lang='lat' dir='ltr'>De</span> <span class='ocrx_word' id='word_1_83' title='bbox 589 1817 1052 1871; x_wconf 74' lang='lat' dir='ltr'>distinctione</span> <span class='ocrx_word' id='word_1_84' title='bbox 1097 1807 1585 1880; x_wconf 63' lang='lat' dir='ltr'>peccatorufn.&gt;</span> 
     </span>
    </p>
   </div>
   <div class='ocr_carea' id='block_1_5' title="bbox 223 1962 1947 2058">
    <p class='ocr_par' dir='ltr' id='par_1_7' title="bbox 223 1962 1947 2058">
     <span class='ocr_line' id='line_1_15' title="bbox 223 1962 1947 2058; baseline 0.001 -45"><span class='ocrx_word' id='word_1_85' title='bbox 223 1962 449 2032; x_wconf 81' lang='lat' dir='ltr'>Triplex</span> <span class='ocrx_word' id='word_1_86' title='bbox 491 1962 758 2015; x_wconf 72' lang='lat' dir='ltr'>distinctio</span> <span class='ocrx_word' id='word_1_87' title='bbox 799 1971 1151 2032; x_wconf 88' lang='lat' dir='ltr'>peccatorum</span> <span class='ocrx_word' id='word_1_88' title='bbox 1183 1963 1425 2014; x_wconf 87' lang='lat' dir='ltr'>notanda</span> <span class='ocrx_word' id='word_1_89' title='bbox 1467 1972 1574 2014; x_wconf 87' lang='lat' dir='ltr'>est:</span> <span class='ocrx_word' id='word_1_90' title='bbox 1618 1963 1947 2058; x_wconf 46' lang='lat' dir='ltr'>theologica?</span> 
     </span>
    </p>
   </div>
   <div class='ocr_carea' id='block_1_6' title="bbox 76 2039 2198 2125">
    <p class='ocr_par' dir='ltr' id='par_1_8' title="bbox 76 2039 2198 2125">
     <span class='ocr_line' id='line_1_16' title="bbox 76 2039 2198 2125; baseline 0 -21"><span class='ocrx_word' id='word_1_91' title='bbox 76 2054 332 2122; x_wconf 89' lang='lat' dir='ltr'>specifica</span> <span class='ocrx_word' id='word_1_92' title='bbox 374 2061 426 2104; x_wconf 90' lang='lat' dir='ltr'>et</span> <span class='ocrx_word' id='word_1_93' title='bbox 467 2054 765 2105; x_wconf 83' lang='lat' dir='ltr'>numerica.</span> <span class='ocrx_word' id='word_1_94' title='bbox 805 2053 1042 2103; x_wconf 86' lang='lat' dir='ltr'>Peccata</span> <span class='ocrx_word' id='word_1_95' title='bbox 1086 2050 1361 2125; x_wconf 68' lang='lat' dir='ltr'>theoloyice</span> <span class='ocrx_word' id='word_1_96' title='bbox 1389 2051 1652 2103; x_wconf 87' lang='lat' dir='ltr'>differunt</span> <span class='ocrx_word' id='word_1_97' title='bbox 1693 2071 1762 2104; x_wconf 85' lang='lat' dir='ltr'>ex</span> <span class='ocrx_word' id='word_1_98' title='bbox 1790 2071 1941 2104; x_wconf 90' lang='lat' dir='ltr'>aver</span> <span class='ocrx_word' id='word_1_99' title='bbox 1948 2039 2090 2109; x_wconf 48' lang='lat' dir='ltr'>§LIT-</span> <span class='ocrx_word' id='word_1_100' title='bbox 2194 2092 2198 2104; x_wconf 75' lang='grc'><em>,</em></span> 
     </span>
    </p>
   </div>
   <div class='ocr_carea' id='block_1_7' title="bbox 1829 2106 1969 2130">
    <p class='ocr_par' dir='ltr' id='par_1_9' title="bbox 1829 2106 1969 2130">
     <span class='ocr_line' id='line_1_17' title="bbox 1829 2106 1969 2130; baseline 0 -13"><span class='ocrx_word' id='word_1_101' title='bbox 1829 2106 1969 2130; x_wconf 53' lang='lat' dir='ltr'><em>f</em></span> 
     </span>
    </p>
   </div>
   <div class='ocr_carea' id='block_1_8' title="bbox 75 2140 1991 2299">
    <p class='ocr_par' dir='ltr' id='par_1_10' title="bbox 75 2140 1991 2299">
     <span class='ocr_line' id='line_1_18' title="bbox 75 2140 1981 2214; baseline -0.001 -21"><span class='ocrx_word' id='word_1_102' title='bbox 75 2143 227 2193; x_wconf 89' lang='lat' dir='ltr'>sione</span> <span class='ocrx_word' id='word_1_103' title='bbox 268 2160 362 2192; x_wconf 90' lang='lat' dir='ltr'>seu</span> <span class='ocrx_word' id='word_1_104' title='bbox 395 2160 641 2214; x_wconf 83' lang='lat' dir='ltr'>recessu</span> <span class='ocrx_word' id='word_1_105' title='bbox 664 2160 694 2192; x_wconf 86' lang='lat' dir='ltr'>a</span> <span class='ocrx_word' id='word_1_106' title='bbox 735 2141 843 2212; x_wconf 89' lang='lat' dir='ltr'>fine</span> <span class='ocrx_word' id='word_1_107' title='bbox 870 2140 1078 2207; x_wconf 77' lang='lat' dir='ltr'>ultimo</span> <span class='ocrx_word' id='word_1_108' title='bbox 1121 2140 1352 2214; x_wconf 55' lang='lat' dir='ltr'>specifice</span> <span class='ocrx_word' id='word_1_109' title='bbox 1394 2160 1464 2192; x_wconf 82' lang='lat' dir='ltr'>ex</span> <span class='ocrx_word' id='word_1_110' title='bbox 1491 2140 1981 2206; x_wconf 70' lang='lat' dir='ltr'>obiectemorali‚‘</span> 
     </span>
     <span class='ocr_line' id='line_1_19' title="bbox 75 2207 1991 2299; baseline 0 -18"><span class='ocrx_word' id='word_1_111' title='bbox 75 2232 131 2281; x_wconf 91' lang='lat' dir='ltr'>in</span> <span class='ocrx_word' id='word_1_112' title='bbox 201 2230 348 2299; x_wconf 92' lang='lat' dir='ltr'>quod</span> <span class='ocrx_word' id='word_1_113' title='bbox 414 2207 658 2281; x_wconf 88' lang='lat' dir='ltr'>humana</span> <span class='ocrx_word' id='word_1_114' title='bbox 724 2230 979 2281; x_wconf 87' lang='lat' dir='ltr'>voluntas</span> <span class='ocrx_word' id='word_1_115' title='bbox 1041 2229 1226 2294; x_wconf 79' lang='lat' dir='ltr'>fertur,</span> <span class='ocrx_word' id='word_1_116' title='bbox 1293 2232 1552 2281; x_wconf 67' lang='lat' dir='ltr'>nztmeoice</span> <span class='ocrx_word' id='word_1_117' title='bbox 1617 2249 1686 2281; x_wconf 83' lang='lat' dir='ltr'>ex</span> <span class='ocrx_word' id='word_1_118' title='bbox 1750 2230 1973 2281; x_wconf 90' lang='lat' dir='ltr'>morali</span> <span class='ocrx_word' id='word_1_119' title='bbox 1985 2252 1991 2272; x_wconf 62' lang='lat' dir='ltr'>x</span> 
     </span>
    </p>
   </div>
   <div class='ocr_carea' id='block_1_9' title="bbox 74 2317 1936 2478">
    <p class='ocr_par' dir='ltr' id='par_1_11' title="bbox 74 2317 1936 2478">
     <span class='ocr_line' id='line_1_20' title="bbox 76 2317 1936 2388; baseline 0.001 -19"><span class='ocrx_word' id='word_1_120' title='bbox 76 2318 481 2388; x_wconf 86' lang='lat' dir='ltr'>multiplicitate</span> <span class='ocrx_word' id='word_1_121' title='bbox 522 2327 745 2370; x_wconf 87' lang='lat' dir='ltr'>actuum</span> <span class='ocrx_word' id='word_1_122' title='bbox 788 2328 840 2370; x_wconf 92' lang='lat' dir='ltr'>et</span> <span class='ocrx_word' id='word_1_123' title='bbox 881 2317 1236 2372; x_wconf 87' lang='lat' dir='ltr'>obiectorum.</span> <span class='ocrx_word' id='word_1_124' title='bbox 1318 2317 1428 2371; x_wconf 78' lang='lat' dir='ltr'>Sed</span> <span class='ocrx_word' id='word_1_125' title='bbox 1457 2319 1594 2371; x_wconf 85' lang='lat' dir='ltr'>haec</span> <span class='ocrx_word' id='word_1_126' title='bbox 1638 2321 1746 2371; x_wconf 90' lang='lat' dir='ltr'>iam</span> <span class='ocrx_word' id='word_1_127' title='bbox 1788 2338 1936 2371; x_wconf 85' lang='lat' dir='ltr'>accu-</span> 
     </span>
     <span class='ocr_line' id='line_1_21' title="bbox 74 2408 800 2478; baseline 0.003 -20"><span class='ocrx_word' id='word_1_128' title='bbox 74 2409 247 2471; x_wconf 87' lang='lat' dir='ltr'>ratius</span> <span class='ocrx_word' id='word_1_129' title='bbox 290 2408 617 2478; x_wconf 85' lang='lat' dir='ltr'>exponenda</span> <span class='ocrx_word' id='word_1_130' title='bbox 658 2418 800 2461; x_wconf 91' lang='lat' dir='ltr'>sunt.</span> 
     </span>
    </p>
   </div>
   <div class='ocr_carea' id='block_1_10' title="bbox 723 2659 1293 2732">
    <p class='ocr_par' dir='ltr' id='par_1_12' title="bbox 723 2659 1293 2732">
     <span class='ocr_line' id='line_1_22' title="bbox 723 2659 1293 2732; baseline -0.002 -15"><span class='ocrx_word' id='word_1_131' title='bbox 723 2659 1018 2717; x_wconf 83' lang='lat' dir='ltr'>Articulus</span> <span class='ocrx_word' id='word_1_132' title='bbox 1058 2659 1293 2732; x_wconf 82' lang='lat' dir='ltr'>primus.</span> 
     </span>
    </p>
   </div>
   <div class='ocr_carea' id='block_1_11' title="bbox 435 2780 1596 2829">
    <p class='ocr_par' dir='ltr' id='par_1_13' title="bbox 435 2780 1596 2829">
     <span class='ocr_line' id='line_1_23' title="bbox 435 2780 1596 2829; baseline -0.001 -9"><span class='ocrx_word' id='word_1_133' title='bbox 435 2782 512 2820; x_wconf 87' lang='lat' dir='ltr'>De</span> <span class='ocrx_word' id='word_1_134' title='bbox 545 2781 886 2821; x_wconf 81' lang='lat' dir='ltr'>distinctione</span> <span class='ocrx_word' id='word_1_135' title='bbox 917 2783 1255 2829; x_wconf 88' lang='lat' dir='ltr'>peccatorum</span> <span class='ocrx_word' id='word_1_136' title='bbox 1287 2780 1596 2829; x_wconf 81' lang='lat' dir='ltr'>theologica.</span> 
     </span>
    </p>
   </div>
   <div class='ocr_carea' id='block_1_12' title="bbox 80 2911 1945 3069">
    <p class='ocr_par' dir='ltr' id='par_1_14' title="bbox 80 2911 1945 3069">
     <span class='ocr_line' id='line_1_24' title="bbox 227 2911 1945 2983; baseline -0.001 -19"><span class='ocrx_word' id='word_1_137' title='bbox 227 2911 354 2965; x_wconf 73' lang='lat'>264.</span> <span class='ocrx_word' id='word_1_138' title='bbox 400 2912 714 2964; x_wconf 81' lang='lat' dir='ltr'>Peccatum</span> <span class='ocrx_word' id='word_1_139' title='bbox 754 2913 1006 2965; x_wconf 83' lang='lat' dir='ltr'>mortale</span> <span class='ocrx_word' id='word_1_140' title='bbox 1049 2914 1107 2965; x_wconf 89' lang='lat' dir='ltr'>et</span> <span class='ocrx_word' id='word_1_141' title='bbox 1147 2913 1396 2965; x_wconf 85' lang='lat' dir='ltr'>veniale.</span> <span class='ocrx_word' id='word_1_142' title='bbox 1478 2911 1774 2983; x_wconf 75' lang='lat' dir='ltr'>Distinctio</span> <span class='ocrx_word' id='word_1_143' title='bbox 1818 2913 1945 2963; x_wconf 72' lang='lat' dir='ltr'>theo-</span> 
     </span>
     <span class='ocr_line' id='line_1_25' title="bbox 80 2983 1943 3069; baseline 0 -18"><span class='ocrx_word' id='word_1_144' title='bbox 80 3001 250 3069; x_wconf 69' lang='lat' dir='ltr'>Zoqica</span> <span class='ocrx_word' id='word_1_145' title='bbox 277 3019 345 3051; x_wconf 83' lang='lat' dir='ltr'>ex</span> <span class='ocrx_word' id='word_1_146' title='bbox 375 3009 724 3069; x_wconf 89' lang='lat' dir='ltr'>peccatorum</span> <span class='ocrx_word' id='word_1_147' title='bbox 753 3010 948 3052; x_wconf 84' lang='lat' dir='ltr'>natura</span> <span class='ocrx_word' id='word_1_148' title='bbox 978 3001 1338 3052; x_wconf 84' lang='lat' dir='ltr'>essentialiter</span> <span class='ocrx_word' id='word_1_149' title='bbox 1368 2983 1943 3066; x_wconf 56' lang='lat' dir='ltr'>diverfflesumitum</span> 
     </span>
    </p>
   </div>
   <div class='ocr_carea' id='block_1_13' title="bbox 1488 2969 1763 2989">
    <p class='ocr_par' dir='ltr' id='par_1_15' title="bbox 1488 2969 1763 2989">
     <span class='ocr_line' id='line_1_26' title="bbox 1488 2969 1763 2989; baseline 0 909"><span class='ocrx_word' id='word_1_150' title='bbox 1488 2969 1763 2989; x_wconf 95' lang='lat' dir='ltr'> </span> 
     </span>
    </p>
   </div>
   <div class='ocr_carea' id='block_1_14' title="bbox 200 3107 325 3111">
    <p class='ocr_par' dir='ltr' id='par_1_16' title="bbox 200 3107 325 3111">
     <span class='ocr_line' id='line_1_27' title="bbox 200 3107 325 3111; baseline 0 0"><span class='ocrx_word' id='word_1_151' title='bbox 200 3107 325 3111; x_wconf 95' lang='lat' dir='ltr'> </span> 
     </span>
    </p>
   </div>
   <div class='ocr_carea' id='block_1_15' title="bbox 11 3147 1944 3498">
    <p class='ocr_par' dir='ltr' id='par_1_17' title="bbox 11 3147 1944 3498">
     <span class='ocr_line' id='line_1_28' title="bbox 233 3147 1944 3204; baseline 0.001 -14"><span class='ocrx_word' id='word_1_152' title='bbox 233 3147 269 3201; x_wconf 76' lang='lat' dir='ltr'>l)</span> <span class='ocrx_word' id='word_1_153' title='bbox 299 3147 398 3190; x_wconf 90' lang='lat' dir='ltr'>Non</span> <span class='ocrx_word' id='word_1_154' title='bbox 432 3148 584 3191; x_wconf 85' lang='lat' dir='ltr'>eodem</span> <span class='ocrx_word' id='word_1_155' title='bbox 621 3162 754 3191; x_wconf 89' lang='lat' dir='ltr'>sensu</span> <span class='ocrx_word' id='word_1_156' title='bbox 786 3161 922 3204; x_wconf 75' lang='lat' dir='ltr'>opera</span> <span class='ocrx_word' id='word_1_157' title='bbox 957 3149 1113 3191; x_wconf 71' lang='lat' dir='ltr'>carnis</span> <span class='ocrx_word' id='word_1_158' title='bbox 1144 3147 1370 3203; x_wconf 83' lang='lat' dir='ltr'>intelligit</span> <span class='ocrx_word' id='word_1_159' title='bbox 1404 3161 1437 3191; x_wconf 83' lang='lat' dir='ltr'>s.</span> <span class='ocrx_word' id='word_1_160' title='bbox 1461 3148 1646 3203; x_wconf 89' lang='lat' dir='ltr'>Paulus,</span> <span class='ocrx_word' id='word_1_161' title='bbox 1681 3149 1845 3203; x_wconf 84' lang='lat' dir='ltr'>quippe</span> <span class='ocrx_word' id='word_1_162' title='bbox 1870 3148 1944 3202; x_wconf 88' lang='lat' dir='ltr'>qui</span> 
     </span>
     <span class='ocr_line' id='line_1_29' title="bbox 11 3222 1944 3277; baseline -0.001 -12"><span class='ocrx_word' id='word_1_163' title='bbox 11 3228 15 3233; x_wconf 85' lang='lat'><em>&#39;</em></span> <span class='ocrx_word' id='word_1_164' title='bbox 79 3222 217 3265; x_wconf 86' lang='lat' dir='ltr'>etiam</span> <span class='ocrx_word' id='word_1_165' title='bbox 250 3222 574 3276; x_wconf 82' lang='lat' dir='ltr'>idololatriam,</span> <span class='ocrx_word' id='word_1_166' title='bbox 605 3222 735 3277; x_wconf 87' lang='lat' dir='ltr'>iram,</span> <span class='ocrx_word' id='word_1_167' title='bbox 768 3222 1059 3266; x_wconf 86' lang='lat' dir='ltr'>inimicitiam</span> <span class='ocrx_word' id='word_1_168' title='bbox 1095 3228 1178 3266; x_wconf 80' lang='lat' dir='ltr'>ete.</span> <span class='ocrx_word' id='word_1_169' title='bbox 1212 3223 1333 3266; x_wconf 87' lang='lat' dir='ltr'>inter</span> <span class='ocrx_word' id='word_1_170' title='bbox 1368 3236 1501 3277; x_wconf 87' lang='lat' dir='ltr'>opera</span> <span class='ocrx_word' id='word_1_171' title='bbox 1536 3223 1683 3266; x_wconf 82' lang='lat' dir='ltr'>carnis</span> <span class='ocrx_word' id='word_1_172' title='bbox 1716 3227 1944 3266; x_wconf 84' lang='lat' dir='ltr'>recenseat</span> 
     </span>
     <span class='ocr_line' id='line_1_30' title="bbox 81 3295 1943 3352; baseline 0.001 -14"><span class='ocrx_word' id='word_1_173' title='bbox 81 3296 201 3349; x_wconf 50' lang='lat' dir='ltr'>[Gal.</span> <span class='ocrx_word' id='word_1_174' title='bbox 235 3297 276 3350; x_wconf 78' lang='lat'>5,</span> <span class='ocrx_word' id='word_1_175' title='bbox 311 3297 365 3338; x_wconf 74' lang='lat'>19</span> <span class='ocrx_word' id='word_1_176' title='bbox 399 3295 492 3351; x_wconf 77' lang='lat' dir='ltr'>ss.).</span> <span class='ocrx_word' id='word_1_177' title='bbox 554 3297 658 3351; x_wconf 86' lang='lat' dir='ltr'>Ipse</span> <span class='ocrx_word' id='word_1_178' title='bbox 689 3297 870 3340; x_wconf 87' lang='lat' dir='ltr'>nomine</span> <span class='ocrx_word' id='word_1_179' title='bbox 903 3297 1057 3340; x_wconf 70' lang='lat' dir='ltr'>earnis</span> <span class='ocrx_word' id='word_1_180' title='bbox 1100 3297 1252 3352; x_wconf 88' lang='lat' dir='ltr'>potius</span> <span class='ocrx_word' id='word_1_181' title='bbox 1286 3297 1513 3352; x_wconf 81' lang='lat' dir='ltr'>intelligit</span> <span class='ocrx_word' id='word_1_182' title='bbox 1546 3302 1755 3340; x_wconf 84' lang='lat' dir='ltr'>naturam</span> <span class='ocrx_word' id='word_1_183' title='bbox 1792 3297 1943 3339; x_wconf 84' lang='lat' dir='ltr'>huma-</span> 
     </span>
     <span class='ocr_line' id='line_1_31' title="bbox 79 3370 1944 3426; baseline 0.001 -13"><span class='ocrx_word' id='word_1_184' title='bbox 79 3384 184 3413; x_wconf 86' lang='lat' dir='ltr'>nam</span> <span class='ocrx_word' id='word_1_185' title='bbox 229 3375 411 3425; x_wconf 83' lang='lat' dir='ltr'>peccato</span> <span class='ocrx_word' id='word_1_186' title='bbox 459 3370 673 3425; x_wconf 82' lang='lat' dir='ltr'>originali</span> <span class='ocrx_word' id='word_1_187' title='bbox 713 3375 971 3426; x_wconf 85' lang='lat' dir='ltr'>corruptam</span> <span class='ocrx_word' id='word_1_188' title='bbox 1013 3375 1057 3415; x_wconf 91' lang='lat' dir='ltr'>et</span> <span class='ocrx_word' id='word_1_189' title='bbox 1098 3371 1144 3414; x_wconf 89' lang='lat' dir='ltr'>in</span> <span class='ocrx_word' id='word_1_190' title='bbox 1178 3379 1363 3426; x_wconf 85' lang='lat' dir='ltr'>peccata</span> <span class='ocrx_word' id='word_1_191' title='bbox 1397 3384 1678 3426; x_wconf 81' lang='lat' dir='ltr'>propensam.</span> <span class='ocrx_word' id='word_1_192' title='bbox 1743 3371 1810 3414; x_wconf 75' lang='lat' dir='ltr'>Cf.</span> <span class='ocrx_word' id='word_1_193' title='bbox 1845 3371 1944 3415; x_wconf 82' lang='lat' dir='ltr'>Gal.</span> 
     </span>
     <span class='ocr_line' id='line_1_32' title="bbox 80 3444 693 3498; baseline 0 -12"><span class='ocrx_word' id='word_1_194' title='bbox 80 3444 121 3498; x_wconf 73' lang='grc' dir='ltr'>ἴ),</span> <span class='ocrx_word' id='word_1_195' title='bbox 162 3444 225 3487; x_wconf 77' lang='lat'>13.</span> <span class='ocrx_word' id='word_1_196' title='bbox 262 3445 339 3497; x_wconf 74' lang='lat'>163</span> <span class='ocrx_word' id='word_1_197' title='bbox 376 3446 415 3486; x_wconf 93' lang='grc'>1.</span> <span class='ocrx_word' id='word_1_198' title='bbox 449 3445 546 3488; x_wconf 84' lang='lat' dir='ltr'>Cor.</span> <span class='ocrx_word' id='word_1_199' title='bbox 580 3445 620 3498; x_wconf 83' lang='lat'>3,</span> <span class='ocrx_word' id='word_1_200' title='bbox 654 3445 693 3487; x_wconf 82' lang='lat'>3.</span> 
     </span>
    </p>
   </div>
   <div class='ocr_carea' id='block_1_16' title="bbox 171 3520 1766 3575">
    <p class='ocr_par' dir='ltr' id='par_1_18' title="bbox 171 3520 1766 3575">
     <span class='ocr_line' id='line_1_33' title="bbox 171 3520 1766 3575; baseline -0.003 -11"><span class='ocrx_word' id='word_1_201' title='bbox 171 3534 344 3565; x_wconf 77' lang='lat' dir='ltr'>Noldin</span> <span class='ocrx_word' id='word_1_202' title='bbox 363 3559 370 3575; x_wconf 89' lang='lat'>‚</span> <span class='ocrx_word' id='word_1_203' title='bbox 392 3535 450 3566; x_wconf 84' lang='lat' dir='ltr'>De</span> <span class='ocrx_word' id='word_1_204' title='bbox 474 3535 683 3575; x_wconf 83' lang='lat' dir='ltr'>principiis.</span> <span class='ocrx_word' id='word_1_205' title='bbox 1713 3520 1766 3561; x_wconf 73' lang='grc'>19</span> 
     </span>
    </p>
   </div>
  </div>
 </body>
</html>
