2269 3898
881 164 946 206 De
979 162 1275 218 sponsalibus.
1953 162 2010 204 59

292 318 338 350 α.
392 298 636 367 Uterque
693 315 925 365 sponsus
978 298 1061 347 izos
1113 295 1279 347 habet
1334 295 1701 363 cognoscendi
1744 293 2011 346 notabiles

140 385 363 438 alterius
403 387 574 455 partis
617 385 880 451 defectus,
934 394 992 435 ut
1046 385 1349 435 contractui
1405 383 1796 435 matrimoniali
1850 382 2011 452 plena

139 475 363 526 libertas
419 482 693 539 servetur,
759 473 881 524 ideo
945 474 1188 541 graviter
1242 480 1432 523 contra
1485 474 1748 524 iustitiam
1803 480 2008 541 peccat,

144 566 236 633 qui
280 564 549 616 eiusmodi
594 563 839 615 defectus
882 562 1136 629 occultat,
1182 563 1323 613 sicut
1364 570 1553 613 contra
1595 563 1859 613 iustitiam
1899 562 2014 629 agit

141 654 234 722 qui
276 671 483 704 merces
525 651 747 704 inutiles
790 651 981 703 vendit
1023 653 1090 717 ei,
1146 653 1239 721 qui
1289 652 1555 701 mercium
1601 651 1736 701 vitia
1779 651 2010 718 ignorat.

291 742 334 794 b.
378 743 502 793 Non
544 743 720 793 omnis
748 741 1010 805 defectus,
1055 742 1147 809 qui
1187 741 1439 808 cognitus
1466 741 1680 809 sponsis
1709 741 1792 790 ius
1821 738 2015 789 tribuit

140 831 435 882 recedendi
499 850 531 881 a
591 828 966 899 sponsalibuS,
1034 828 1135 880 sub
1195 830 1354 898 gravi
1416 829 1756 880 manifestari
1819 827 2009 879 debet:

140 919 473 989 quandoque
526 921 673 969 enim
733 918 978 970 defectus
1036 918 1305 970 eiusmodi
1361 927 1503 984 sunt,
1559 919 1652 987 qui
1706 919 1803 968 vix
1857 916 2012 968 alteri

139 1011 282 1078 parti
336 1009 749 1060 matrimonium
803 1007 1045 1059 reddunt
1098 1007 1407 1072 difficilius3
1468 1009 1578 1058 iam
1630 1026 1759 1059 vero
1811 1008 1867 1057 in
1909 1006 2012 1057 hoc

143 1116 273 1149 casu
329 1097 475 1148 illius
528 1099 612 1149 ius
663 1100 908 1166 graviter
965 1116 1075 1149 non
1128 1098 1388 1165 laeditur,
1452 1099 1494 1148 si
1549 1097 1795 1148 defectus
1852 1095 2012 1166 plane

142 1186 497 1238 occultentur.

291 1291 339 1342 2.
383 1292 448 1341 In
487 1293 656 1361 specie
697 1291 833 1342 haec
875 1291 1118 1342 notanda
1160 1303 1313 1342 sunt:

291 1401 340 1431 cc.
406 1381 688 1447 Defectus,
752 1383 845 1450 qui
907 1382 1323 1432 matrimonium
1383 1379 1625 1431 reddunt
1685 1378 2011 1443 invalidum,

143 1472 500 1540 quantumvis
541 1469 807 1539 probrosi,
853 1469 1243 1521 manifestandi
1286 1478 1413 1520 sunt
1454 1477 1549 1520 aut
1597 1489 1628 1520 a
1667 1469 2016 1520 matrimonio

142 1559 536 1612 abstinendum
580 1569 672 1613 est.

293 1648 527 1691 Eiusmodi
564 1649 768 1691 defectus
815 1648 1008 1703 duplicis
1043 1647 1221 1702 generis
1262 1654 1351 1690 est:
1396 1651 1477 1690 aut-
1518 1653 1585 1689 est
1631 1647 1848 1700 defectus,
1892 1645 2018 1688 cuius

140 1723 393 1766 absentiam
429 1736 619 1778 sponsus
652 1723 799 1778 exigit
831 1725 1058 1778 tamqnam
1093 1722 1391 1765 condicionem
1425 1722 1525 1764 sine
1558 1734 1643 1776 qna
1678 1734 1781 1772 non,
1814 1734 1849 1763 e.
1895 1734 1938 1775 g.
1980 1720 2017 1763 si

140 1798 270 1853 virgo
305 1811 364 1852 es,
398 1798 435 1840 si
467 1797 584 1840 illud
618 1797 786 1841 crimen
818 1811 907 1840 non
941 1796 1234 1840 commisisti:
1268 1802 1349 1839 aut
1382 1800 1452 1839 est
1472 1796 1689 1850 defectus,
1724 1795 1799 1850 qui
1834 1794 2014 1850 impedi-

140 1875 336 1914 mentum
371 1871 594 1914 dirimens
626 1871 844 1914 continet.

292 1946 334 1998 b.
391 1946 672 2012 Defectus,
728 1946 821 2014 qui
876 1944 1031 1996 alteri
1082 1947 1225 2014 parti
1279 1946 1693 1996 matrimonium
1751 1943 2019 1995 reddituri

142 2043 269 2087 sunt
329 2034 416 2086 vel
477 2035 806 2086 damnosum
869 2035 957 2086 vel
1019 2034 1339 2086 notabiliter
1396 2033 1706 2101 difficilius,
1766 2033 2020 2103 quamvis

145 2123 393 2194 probrosi
436 2126 561 2191 sint,
607 2125 707 2176 sub
751 2126 908 2193 gravi
952 2126 1292 2176 manifestari
1336 2124 1555 2191 debent,
1600 2132 1718 2175 tum
1749 2132 1876 2175 ante
1903 2131 2018 2174 tum

144 2222 266 2283 post
307 2213 599 2282 sponsalia,
645 2216 688 2265 si
729 2216 816 2266 his
858 2216 967 2265 iam
1011 2215 1161 2265 initis
1203 2215 1641 2283 supervenerint.

295 2302 531 2346 Eiusmodi
568 2304 772 2347 defectus
805 2309 935 2347 sunt:
987 2303 1168 2346 morbus
1202 2303 1468 2358 praesertim
1513 2302 1825 2357 contagiosus,
1867 2301 2020 2357 gravis

141 2377 335 2420 infamia
379 2391 594 2432 personae
639 2378 710 2422 vel
751 2378 971 2433 familiae,
1012 2379 1159 2433 proles
1200 2391 1255 2421 ex
1296 2378 1385 2421 alio
1429 2377 1526 2421 viro
1570 2378 1744 2431 relicta,
1785 2376 2021 2431 sterilitas,

144 2457 295 2495 status
331 2452 588 2507 viduitatis,
622 2452 713 2495 alia
745 2452 923 2508 religio,
957 2465 1118 2508 graves
1154 2453 1357 2496 defectus
1393 2453 1583 2495 morales
1617 2456 1701 2495 etc.

294 2526 450 2580 Quoad
475 2527 832 2583 fornicationem
866 2527 935 2570 ita
971 2521 1347 2582 distinguendum
1383 2534 1474 2569 est:
1512 2540 1552 2571 α.
1587 2525 1624 2569 si
1658 2538 1851 2579 sponsus
1883 2537 1937 2567 ex
1969 2537 2021 2567 ea

144 2601 315 2654 prolem
351 2601 527 2655 habuit,
560 2601 607 2644 id
643 2615 832 2656 sponsae
866 2601 1255 2645 manifestandum
1291 2607 1374 2656 est,
1406 2601 1495 2643 nisi
1529 2600 1645 2644 talia
1678 2600 1770 2643 sint
1790 2599 2021 2653 adiuncta,

144 2679 196 2716 ut
231 2687 396 2729 sponsa
427 2688 658 2729 nunquam
703 2675 751 2718 in
798 2675 863 2718 rei
912 2675 1218 2730 cognitionem
1271 2675 1496 2718 deveniat.
1563 2674 1607 2717 Si
1656 2687 1820 2730 sponsa
1871 2686 1924 2715 ex
1970 2686 2022 2716 ea

144 2749 270 2791 facta
302 2752 370 2791 est
404 2748 612 2803 gravida,
644 2762 736 2792 rem
783 2763 945 2804 sponso
991 2751 1190 2793 revelare
1236 2749 1390 2800 debet;
1444 2749 1480 2792 si
1525 2754 1679 2792 tamen
1721 2752 1827 2791 ante
1870 2745 2021 2790 matri-

144 2823 345 2865 monium
380 2836 536 2877 parere
570 2829 615 2866 et
648 2829 830 2878 partum
866 2825 964 2867 viro
997 2825 1131 2879 plane
1164 2824 1389 2867 occultare
1422 2823 1581 2879 possit,
1616 2823 1818 2866 defectus
1862 2821 2022 2864 diiudi-

144 2897 235 2940 cari
269 2902 435 2952 potest,
468 2911 519 2940 ac
552 2898 588 2940 si
623 2903 739 2941 esset
773 2898 967 2953 simplex
998 2898 1255 2942 fornicatio.

297 2972 335 3020 β.
370 2971 414 3014 si
450 2972 503 3014 (le
536 2971 732 3026 simplici
772 2972 1075 3016 fornicatione
1114 2973 1287 3027 agitur,
1331 2985 1521 3027 sponsus
1565 2971 1781 3015 delictum
1824 2971 2023 3013 revelare

144 3059 233 3089 non
268 3051 463 3100 tenetur,
498 3046 604 3100 quia
637 3047 841 3090 defectus
873 3047 963 3090 iste
985 3047 1032 3090 in
1056 3061 1218 3102 sponso
1241 3061 1329 3090 non
1355 3051 1563 3090 censetur
1583 3046 1823 3097 notabilis:
1860 3058 2023 3100 sponsa

145 3133 249 3163 vero
280 3120 628 3164 fornicationem
662 3121 861 3164 revelare
895 3121 1041 3176 debet,
1088 3121 1196 3174 quia
1237 3121 1285 3164 in
1327 3134 1491 3176 sponsa
1535 3121 1737 3164 defectus
1779 3120 1868 3162 iste
1899 3125 2023 3161 nota-

146 3194 250 3237 bilis
285 3200 506 3249 censetur,
539 3195 627 3237 nisi
660 3195 858 3238 artificio
901 3209 994 3239 rem
1044 3196 1178 3250 plane
1228 3196 1454 3238 occultare
1503 3195 1662 3251 possit,
1711 3195 1782 3237 vel
1830 3193 1920 3236 nisi
1968 3205 2021 3236 ex

146 3268 331 3323 cognita
364 3269 516 3323 sponsi
548 3269 701 3313 indole
733 3270 983 3325 prudenter
1021 3270 1215 3313 iudicari
1255 3269 1400 3325 possit
1439 3269 1589 3325 ipsum
1634 3270 1751 3312 hunc
1796 3269 2020 3312 defectum

146 3355 236 3385 non
269 3343 401 3386 valde
434 3343 688 3387 aestimare.

302 3437 342 3469 c,
384 3417 509 3469 Non
551 3427 633 3469 est
673 3418 936 3487 obligatio
979 3418 1191 3487 (saltem
1220 3420 1429 3488 gravis)
1471 3417 1863 3470 manifestandi
1906 3419 2022 3468 sive

150 3514 278 3558 ante
320 3507 437 3558 sive
477 3515 600 3576 post
649 3508 925 3577 sponsalia
979 3508 1243 3574 defectUS,
1298 3509 1392 3577 qui
1448 3507 1858 3559 matrimonium
1913 3523 2021 3556 non
