2269 3898
264 143 351 186 ⁶220
1030 139 1079 181 In
1090 139 1175 182 dex
1206 151 1370 181 rerum.

265 276 523 321 Matrimonii
557 275 743 317 mutas:
774 274 822 317 in
856 286 941 327 quo
981 271 1204 316 consistat
1231 271 1313 322 273
1348 270 1388 314 ei
1423 270 1668 326 opponitur
1706 272 1991 326 polyandria,
2024 273 2146 326 poly-

388 351 528 405 gynia
561 357 608 392 et
641 348 844 403 bigamia
878 348 948 389 ⁶27.

298 451 347 456 —
384 424 785 468 indissolnbz'litas:
831 423 1028 476 interna,
1076 425 1267 464 externa
1315 419 1392 473 283
1443 419 1559 463 solvi
1602 423 1756 474 potest
1796 419 2146 463 matrimonium

383 504 535 543 ratum
600 498 806 540 fidelium
859 497 915 539 29
960 509 1020 542 s.;
1076 493 1422 538 matrimonium
1472 498 1838 537 consummatum
1886 493 2146 537 infidelium

385 575 439 617 31
474 587 530 617 ss.

299 676 350 679 —
388 647 663 692 celebratio:
718 660 803 700 quo
852 645 947 688 ritu
995 650 1043 688 et
1089 644 1184 687 loco
1237 642 1338 686 fieri
1388 641 1549 685 debeat
1598 642 1699 697 157,
1748 642 1861 695 159;
1890 646 1894 647 ’
1927 643 2148 696 quomodo

384 721 651 767 celebranda
684 721 777 764 sint
800 718 1097 763 matrimonia
1121 717 1269 761 mixta
1293 717 1373 760 161
1394 733 1402 768 ;
1437 730 1547 759 num
1570 716 1707 760 liceat
1732 716 1858 760 adire
1881 715 2146 759 ministrum

387 796 665 840 haereticum
702 795 801 838 162.

303 898 354 903 -—
390 871 689 915 revalidatio:
723 869 832 924 quid
866 872 909 912 et
945 867 1196 922 quotuplex
1229 867 1292 910 sit
1320 867 1432 917 163;
1470 865 1579 920 quid
1610 864 1882 909 confessario
1905 865 2150 920 agendum,

386 946 462 1002 qui
507 943 808 1001 deprehendit
848 941 1194 985 matrimonium
1239 941 1498 984 invalidum
1541 940 1648 990 16&
1703 940 1927 994 quomodo
1977 939 2039 983 sit
2087 941 2149 982 fa-

387 1021 561 1075 cienda,
606 1019 644 1062 si
687 1016 1033 1061 matrimonium
1074 1015 1252 1059 nullum
1297 1015 1360 1058 sit
1400 1014 1454 1058 ob
1497 1014 1726 1058 defectum
1760 1027 2003 1057 consensus
2039 1013 2147 1063 164;

388 1096 425 1138 si
458 1095 638 1138 nullum
672 1093 735 1136 sit
769 1091 824 1135 ob
859 1092 1088 1134 defectum
1121 1092 1296 1133 formae
1329 1089 1440 1140 165;
1477 1088 1516 1132 si
1550 1089 1729 1132 nullum
1754 1088 1816 1132 sit
1841 1088 1896 1132 ob
1921 1089 2149 1132 defectum

386 1169 647 1214 habilitatis
681 1168 787 1221 1663
835 1181 944 1210 num
992 1178 1235 1209 consensus
1275 1164 1565 1208 renovandus
1609 1163 1670 1207 sit
1712 1162 1761 1206 in
1802 1165 1948 1206 forma
1982 1163 2150 1206 triden-

387 1245 488 1288 tina
522 1244 627 1296 1683
665 1257 705 1286 v.
741 1241 927 1286 Sanatio
963 1241 1000 1284 in
1036 1240 1201 1284 radice.

296 1346 349 1350 —
385 1319 547 1363 solutio
580 1332 622 1361 v.
659 1316 914 1361 Divortium.

301 1420 353 1425 ——
377 1393 713 1451 proclamatio:
750 1391 846 1434 eius
880 1390 988 1433 finis
1022 1390 1129 1443 1483
1176 1388 1258 1432 sub
1291 1387 1424 1444 gravi
1458 1387 1669 1431 facienda
1702 1391 1772 1431 est
1805 1387 1916 1440 1483
1959 1386 2151 1442 quoties,

388 1468 582 1524 quande,
615 1467 709 1521 ubi,
743 1481 769 1509 a
812 1479 899 1521 quo
940 1465 1152 1508 facienda
1200 1464 1262 1507 sit
1304 1463 1389 1506 149
1425 1477 1483 1514 s.;
1535 1463 1636 1517 quis
1683 1461 1739 1506 ab
1787 1475 1840 1505 ea
1889 1461 2152 1517 dispensare

389 1543 534 1598 possit
568 1542 680 1593 151‚·
717 1554 831 1596 quae
864 1541 925 1584 sit
959 1540 1084 1583 iusta
1119 1538 1414 1594 dispensandi
1450 1552 1586 1582 causa
1620 1538 1723 1583 151.

299 1643 350 1648 —
387 1617 683 1661 assistentia:
724 1616 892 1670 activa,
937 1615 1121 1670 passiva
1155 1615 1261 1667 1583
1306 1613 1407 1668 quis
1448 1613 1663 1656 assistere
1697 1611 1859 1656 debeat
1893 1611 2003 1661 1533
2052 1611 2153 1666 quis

387 1691 623 1748 parochus,
665 1691 765 1745 quis
808 1691 1031 1745 parochus
1073 1689 1284 1745 proprius
1328 1688 1436 1741 153;
1484 1701 1594 1731 num
1636 1687 1850 1730 assistere
1893 1686 2040 1742 possit
2080 1700 2152 1742 pa-

386 1767 548 1810 rochus
571 1765 828 1821 putativus,
855 1765 1078 1820 parochus
1112 1764 1319 1807 intrusus
1339 1763 1449 1815 1533
1476 1763 1577 1817 quis
1600 1761 1909 1805 matrimoniis
1928 1775 2151 1817 vagorum

386 1842 600 1886 assistere
644 1840 806 1884 debeat
850 1840 962 1891 154;
1008 1854 1054 1884 v.
1097 1840 1338 1895 Delegatio.
1413 1837 1537 1892 Quae
1579 1836 1848 1881 assistentia
1892 1836 2154 1891 requiratur

388 1918 497 1968 156;
553 1930 666 1971 quae
709 1916 963 1959 exhibenda
1005 1914 1200 1970 publicis
1242 1913 1556 1970 peccatoribus
1590 1912 1695 1956 158:
1749 1912 1798 1955 in
1847 1910 2154 1955 matrimoniis

386 1992 546 2036 mixtis
581 1993 681 2035 161.

1173 2156 1254 2197 Ρ.

268 2247 494 2293 Par-ochus
527 2248 753 2291 assistens
786 2247 829 2289 in
865 2245 1154 2289 matrimonio
1192 2259 1233 2288 v.
1271 2244 1526 2289 Matrimonii
1561 2242 1794 2288 assistent.

269 2323 553 2378 polyandria:
587 2327 817 2378 repugnat
848 2321 931 2364 fini
965 2320 1182 2376 primario
1216 2318 1500 2363 matrimonii
1534 2319 1604 2362 27.

269 2397 543 2454 Poiyqamia:
579 2397 855 2440 simultanea
888 2400 935 2439 et
968 2395 1222 2439 successiva
1255 2394 1327 2436 Ξῖ.

275 2473 533 2528 Poiyqynia:
568 2476 800 2526 repugnat
831 2471 915 2513 fini
949 2469 1216 2514 secundario
1250 2468 1535 2512 matrimonii
1569 2468 1639 2510 ⁶27.

269 2547 541 2602 privilegium
565 2546 826 2602 paulinum:
875 2545 984 2601 quid
1023 2545 1085 2588 sit
1118 2545 1199 2592 31:
1245 2544 1424 2599 quando
1468 2556 1547 2598 per
1588 2542 1706 2585 illud
1750 2542 1957 2585 solvatur
2000 2539 2154 2583 matri-

388 2622 591 2665 monium
625 2622 709 2673 31;
747 2621 1030 2664 condiciones
1063 2621 1121 2664 ad
1155 2620 1429 2663 solutionem
1461 2617 1709 2673 requisitae
1745 2616 1802 2659 32
1826 2629 1884 2667 s.;
1919 2628 2028 2658 num
2051 2626 2156 2669 pars

390 2697 540 2741 fidelis
573 2696 714 2740 etiam
748 2696 1016 2752 religionem
1050 2694 1230 2750 ingredi
1264 2693 1411 2749 possit
1443 2692 1514 2736 34.

1177 2906 1247 2947 S.

270 2995 455 3041 Sanatio
490 2996 528 3039 in
563 2995 738 3040 radice:
773 2994 883 3049 quid
915 2994 978 3037 sit
1012 2994 1124 3044 169;
1159 2993 1269 3048 quid
1303 2991 1477 3036 efficiat
1505 2991 1609 3043 1693
1646 2990 1931 3034 condiciones
1963 2989 2023 3032 ad
2056 3001 2155 3032 eam

389 3070 683 3114 obtinendam
717 3069 965 3123 requisitae
1008 3069 1115 3117 170;
1167 3067 1389 3122 quomodo
1423 3065 1621 3121 petenda
1653 3065 1716 3108 sit
1749 3065 1850 3108 171.

269 3145 531 3201 sponsalia:
579 3144 689 3199 quid
737 3144 831 3187 sint
870 3143 952 3193 36;
999 3142 1283 3186 condiciones
1316 3141 1573 3184 validorum
1608 3139 1888 3195 sponsalium
1922 3138 2006 3191 37;
2046 3151 2155 3181 num

389 3220 574 3263 valeant
605 3218 726 3262 inita
758 3231 812 3261 ex
852 3221 978 3261 metu
1010 3218 1090 3269 393
1150 3231 1177 3260 a
1226 3214 1492 3271 parentibus
1525 3214 1602 3266 4-2;
1645 3215 1767 3257 inter
1815 3226 2029 3268 personas
2077 3211 2155 3254 im—

390 3294 652 3348 pedimento
684 3293 944 3336 laborantes
992 3293 1065 3347 43,
1098 3293 1179 3344 493
1229 3291 1449 3346 privatim
1491 3291 1573 3343 44:
1623 3290 1745 3333 inter
1784 3288 2041 3344 impuberes
2074 3288 2156 3331 46:

391 3381 470 3422 per
506 3370 842 3421 procuratorem
888 3367 968 3418 47;
1018 3366 1181 3409 invitis
1220 3364 1487 3420 parentibus
1535 3364 1617 3409 48:
1675 3363 1758 3406 sub
1800 3362 2060 3406 condicione
2117 3361 2151 3403 si

392 3454 511 3496 papa
560 3440 893 3495 dispensaverit
941 3441 1021 3492 49;
1086 3455 1188 3484 cum
1236 3453 1427 3495 persona
1476 3438 1730 3482 acatholica
1776 3437 1855 3489 49;
1910 3450 2020 3480 num
2062 3435 2157 3479 sint

392 3514 643 3558 necessaria
691 3515 770 3565 50;
819 3515 873 3558 de
917 3529 1062 3570 poena
1102 3514 1388 3570 sponsalibus
1432 3513 1595 3557 addita
1634 3513 1714 3556 44:
1764 3525 1919 3556 eorum
1967 3512 2157 3554 effectus
