2269 3898
676 163 743 205 De
775 160 1026 204 virtutibus
1059 157 1376 202 cardinalibus.
1869 155 1954 197 269

95 315 228 362 sam,
289 301 371 349 ius
428 298 495 348 ad
555 295 878 347 solutionem
933 291 1119 345 debiti.
1196 292 1312 342 Hoc
1355 293 1438 340 ius
1476 288 1794 340 immediate
1848 305 1955 337 non

93 389 268 440 afficit
308 405 422 438 rem
466 388 659 454 ipsam,
715 383 808 434 sed
854 399 1160 450 personam,
1206 390 1264 430 ut
1316 379 1498 429 tradat
1536 396 1649 428 rem
1695 376 1954 439 debitam,

97 487 150 527 et
190 476 312 527 ideo
357 484 586 525 vocatur
626 474 707 522 ius
740 468 1042 540 personale.

247 563 331 617 Qui
365 575 470 616 ergo
502 561 639 603 habet
671 560 742 602 ius
775 559 832 601 ad
868 571 976 611 rem,
1021 570 1110 599 non
1143 569 1235 598 rem
1267 555 1428 609 ipsam,
1474 555 1550 597 sed
1594 567 1827 608 personam
1871 551 1956 594 sibi

96 638 354 681 devinctam
388 642 433 679 et
466 635 716 689 obligatam
750 632 887 674 habet·
919 631 976 674 ad
1008 643 1100 673 rem
1135 629 1219 672 sibi
1253 629 1545 677 tradendam3
1590 640 1724 681 quare
1764 627 1845 669 hoc
1886 625 1956 667 ius

95 712 261 755 tribuit
293 715 474 753 tantum
509 708 731 751 actionem
766 706 1044 761 personalem
1078 703 1126 745 in
1160 702 1422 756 debitorem,
1455 715 1544 744 non
1578 707 1730 744 autem
1778 700 1826 742 in
1873 707 1958 741 ter-

94 787 208 829 tiam
242 797 493 840 personam,
527 795 639 836 qnae
670 794 763 824 rem
798 780 998 822 debitam
1030 779 1149 821 forte
1182 776 1398 831 possidet.

245 932 370 987 242.
392 928 947 1011 Nt-[ti-E—isustififlel).
991 927 1204 978 Iustitia
1233 933 1313 975 est
1337 925 1512 974 Virtus
1543 921 1776 986 moralis,
1821 939 1959 990 quae
1988 902 2269 1003 ygmssssl

96 1023 377 1075 hominem
419 1020 649 1071 inclinat
689 1019 757 1069 ad
799 1017 1145 1068 reddendum
1186 1014 1486 1081 unicuique
1532 1013 1615 1062 ius
1665 1028 1821 1062 suum
1866 1027 1988 1078 seu,

99 1112 247 1182 quod
289 1112 338 1161 ei
381 1109 612 1160 debetur
652 1108 722 1158 ad
764 1106 1171 1175 aequalitatem.

247 1214 287 1242 a.
319 1198 511 1244 Nomen
542 1197 744 1240 institiae
777 1195 1049 1254 tripliciter
1082 1192 1343 1250 accipitur:

247 1289 288 1316 α.
321 1273 513 1315 Latz'ore
546 1275 590 1314 et
620 1271 866 1326 improprio
899 1283 1035 1312 sensu
1071 1268 1276 1313 denotat
1300 1275 1402 1310 tum
1428 1263 1730 1321 complexum
1753 1261 1960 1306 omnium

99 1349 241 1395 simul
286 1347 523 1393 virtutum
566 1353 668 1390 tum
713 1344 984 1401 quamlibet
1028 1341 1277 1396 Virtutem,
1323 1339 1497 1397 quippe
1540 1350 1662 1394 quae
1699 1342 1763 1380 s’1t
1798 1335 1960 1392 aliqua

98 1423 232 1469 illius
269 1420 546 1478 complexus
580 1433 710 1476 pars,
748 1418 915 1474 aliqua
938 1416 1146 1462 iustitia.
1195 1413 1372 1458 Priore
1402 1426 1546 1458 sensu
1567 1411 1772 1456 dicitur:
1808 1408 1960 1460 Beati,

100 1498 178 1554 qni
202 1496 409 1540 esuriunt
442 1497 486 1536 et
515 1493 675 1536 sitiunt
707 1491 982 1545 iustificam).
1032 1490 1108 1533 Sic
1140 1489 1266 1532 decet
1297 1501 1380 1530 ποθ
1413 1486 1601 1541 implere
1633 1497 1801 1526 omnem
1837 1482 1961 1524 insli-

99 1571 283 1625 tiamss),·
325 1568 621 1628 posteriore:
668 1566 912 1620 Attendite,
959 1579 1014 1608 ne
1055 1563 1276 1607 iustitiam
1321 1564 1516 1604 cestram
1560 1554 1961 1614 (miserieorcliam)

89 1646 286 1704 faciatis
317 1656 466 1688 coram
500 1639 807 1693 hominibus&

250 1721 288 1769 β.
323 1717 563 1760 Strictiore
595 1717 639 1756 et
670 1714 916 1769 improprio
957 1726 1092 1755 sensu
1141 1709 1389 1769 significat
1432 1721 1584 1764 genus
1631 1704 1821 1762 aliquod
1867 1703 1963 1749 vir-

98 1792 270 1843 tutum,
306 1801 388 1832 eas
423 1786 617 1834 scilicet
648 1788 861 1833 virtutes
904 1787 1128 1842 morales,
1175 1798 1297 1843 quae
1340 1782 1580 1828 bominem
1625 1780 1857 1826 ordinant
1902 1777 1963 1822 ad

102 1862 312 1906 alterum
359 1861 461 1907 sive
502 1861 664 1908 Deum
709 1862 811 1907 sive
855 1861 1110 1916 hominem,
1157 1871 1375 1916 quaeque
1423 1856 1484 1901 ad
1526 1855 1759 1901 virtutem
1807 1852 1963 1898 cardi-

101 1937 267 1982 nalem
310 1935 533 1981 iustitiae
578 1942 828 1993 tamquam
868 1940 1039 1992 partes
1084 1932 1356 1990 integrales
1405 1936 1454 1975 et
1494 1928 1795 1987 potentiales
1828 1940 1963 1971 revo-

103 2019 294 2056 cantur.

251 2100 292 2137 γ.
323 2084 491 2128 Stricte
514 2089 558 2128 et
565 2085 758 2140 proprie
782 2082 1032 2141 significat
1054 2082 1289 2128 Virtutem
1312 2079 1547 2125 moralem
1573 2084 1620 2124 et
1647 2075 1964 2127 cardinalem,

104 2173 244 2217 quam
281 2158 483 2204 exhibet
515 2159 767 2217 proposita
803 2158 1038 2203 definitio.

253 2234 289 2275 b.
324 2232 445 2278 Tria
480 2238 592 2278 sunt
625 2233 683 2278 de
718 2232 912 2278 ratione
947 2230 1193 2276 iustitiae:

253 2322 292 2350 α.
337 2308 393 2349 [Ἰ
430 2308 493 2350 sit
532 2307 593 2349 ad
633 2308 855 2350 alterum:
901 2319 1037 2351 nemo
1083 2305 1211 2350 enim
1257 2316 1375 2360 erga
1421 2301 1736 2358 semetipsum
1768 2296 1964 2356 proprie

105 2383 264 2428 iustus
297 2382 378 2428 vel
410 2382 620 2427 iniustus
645 2395 751 2427 esse
776 2386 951 2438 potest.
994 2378 1268 2424 Distinctio
1294 2391 1409 2433 ergo
1435 2389 1673 2434 personae
1698 2372 1967 2430 requiritur

103 2457 236 2502 inter
277 2469 400 2512 eum,
450 2455 530 2513 qui
573 2455 741 2501 reddit
785 2455 1017 2509 debitum,
1068 2458 1117 2498 et
1166 2466 1287 2506 eum,
1338 2450 1413 2496 cui
1462 2449 1585 2495 illud
1627 2447 1866 2497 redditur,
1913 2450 1967 2489 ut

105 2532 262 2576 locum
295 2530 480 2575 habere
514 2529 669 2587 possit
702 2528 908 2583 iustitia,
933 2528 1034 2573 sive
1060 2539 1270 2585 persona
1293 2524 1499 2583 physica.
1524 2523 1627 2568 sive
1655 2520 1852 2566 moralis
1879 2526 1966 2563 est.

260 2693 290 2747 ¹)
323 2693 584 2736 Sententiae
616 2699 851 2736 auctorum
887 2692 940 2733 de
971 2690 1155 2733 iustitia
1187 2689 1370 2743 eiusque
1403 2687 1632 2743 speciebus
1665 2684 1817 2727 variae
1847 2689 1965 2725 sunt.

107 2767 369 2821 Complures
402 2767 625 2810 rationem
657 2766 869 2809 iustitiae
892 2765 1071 2820 proprie
1106 2764 1253 2806 dictae
1277 2764 1359 2806 soli
1384 2762 1593 2806 institiae
1616 2756 1969 2803 commutativae

106 2841 332 2891 tribuunt,
375 2854 508 2895 quam
550 2855 576 2883 a
615 2840 800 2883 iustitia
833 2839 1132 2882 distributiva
1164 2829 1207 2881 et
1241 2837 1379 2892 legali
1412 2835 1593 2879 nomine
1624 2833 1832 2877 iustitiae
1866 2830 1969 2872 sim-

106 2914 288 2970 pliciter
320 2916 549 2969 perfectae
580 2914 652 2972 vel
675 2913 1034 2968 perfectissimae
1059 2912 1367 2966 distinguunt.
1430 2910 1524 2952 Alii
1548 2915 1729 2952 econtra
1746 2906 1968 2948 rationem

107 2990 316 3032 iustitiae
363 2988 541 3043 proprie
590 2988 739 3031 dictae
788 2992 885 3030 tum
933 2987 1143 3030 iustitiae
1191 2985 1569 3037 commutativae,
1616 2987 1715 3024 tum
1762 2977 1971 3022 iustitiae

110 3063 432 3106 distributivae
461 3068 507 3105 et
538 3062 677 3116 legali
711 3061 920 3105 tribuunt
953 3074 1115 3115 easque
1157 3064 1391 3114 tamquam
1424 3071 1553 3108 veras
1587 3056 1754 3112 species
1796 3054 1853 3096 ad
1885 3053 1970 3094 ius-

110 3137 263 3180 titiam
298 3137 504 3191 generice
536 3140 766 3191 acceptam
799 3138 1016 3178 referunt.
1080 3135 1209 3178 Hanc
1243 3133 1533 3186 sententiam,
1574 3145 1707 3186 qnam
1751 3130 1870 3172 inter
1901 3140 1969 3170 ve-

107 3216 226 3255 teres
261 3211 511 3254 defendunt
548 3211 741 3259 Tamzer,
774 3210 1048 3261 Hoffmann,
1082 3209 1302 3265 Metegyer,
1339 3208 1452 3252 Coel.
1477 3207 1615 3261 ΛΜΨ·
1638 3204 1819 3257 aliique,
1851 3202 1970 3244 inter

107 3290 307 3330 recentes
341 3285 469 3327 docte
500 3288 762 3339 propugnat
794 3285 849 3326 P.
886 3283 1174 3327 Vermeersclz
1205 3284 1249 3336 (l.
1285 3297 1319 3325 c.
1352 3295 1396 3324 n.
1436 3281 1609 3332 1—76).

261 3358 294 3409 2)
324 3359 490 3401 Matth.
525 3358 569 3411 ὃ,
601 3357 640 3400 6.

260 3431 293 3486 ³)
322 3432 489 3475 Matth.
523 3432 564 3485 3,
599 3431 665 3474 15.
701 3431 767 3474 Cf.
802 3431 966 3474 Matth.
1003 3432 1042 3485 1,
1078 3430 1146 3473 19.
1179 3430 1287 3472 Luc.
1323 3431 1362 3484 1,
1396 3430 1436 3471 6.

259 3505 300 3559 ⁴)
333 3506 499 3548 Matth.
535 3506 576 3560 6,
611 3506 650 3550 1.
