2269 3898
286 145 340 187 72
811 138 869 181 II.
903 138 971 180 De
1002 135 1179 180 actibus
1211 135 1270 178 ad
1301 135 1438 177 finem
1473 131 1610 188 aptis.

1017 329 1049 384 ,ξ
1081 330 1132 373 3.
1179 330 1264 372 De
1284 329 1418 380 flue.

431 454 522 505 (32.
585 450 782 504 Notio.
867 450 914 500 1.
956 448 1110 498 Finis
1151 454 1306 497 actus
1348 444 1575 495 humani
1618 450 1698 493 est
1736 441 1889 507 illud,
1931 448 2152 510 propter

283 540 429 611 quod
470 558 639 607 agens
681 545 964 607 operatur;
1011 535 1370 602 distinguitur
1402 532 1530 599 fi'm's
1572 532 1745 600 operis
1785 539 1838 581 et
1862 530 1994 598 finis
2038 548 2150 599 ope-

281 630 452 681 rantis
493 646 587 679 seu
628 627 768 690 finis*
796 629 1042 677 internus
1084 632 1136 675 et
1177 631 1450 674 externus.

430 745 470 773 a.
503 731 630 774 Finis
663 731 870 773 internus
902 742 979 772 seu
1012 727 1158 783 operis
1193 726 1361 769 dicitur
1392 725 1485 780 ille,
1518 724 1566 767 in
1590 737 1721 778 quem
1755 726 1884 766 actus
1925 734 2004 777 per
2028 734 2074 765 se
2106 726 2151 765 et

281 811 447 850 natura
471 819 549 849 sua
575 805 812 848 ordinatur
843 807 897 846 ut
923 804 1205 855 eleemosyna
1228 801 1285 844 ad
1310 799 1638 843 sublevandam
1663 797 1894 840 miseriam
1917 795 2153 851 pauperis;

282 881 388 923 finis
422 879 566 934 operis
601 892 677 922 seu
709 878 917 921 internus
950 877 1005 920 ab
1037 876 1135 931 ipso
1169 888 1299 930 opere
1333 889 1410 918 seu
1433 874 1488 917 ab
1512 873 1685 916 obiecto
1716 886 1805 915 non
1832 869 2153 925 distinguitur,

282 968 418 1009 quare
449 953 572 997 actui
605 967 694 996 non
728 952 891 995 tribuit
926 950 1233 994 moralitatem
1260 948 1526 991 distinctam
1561 947 1616 991 ab
1639 961 1704 1002 ea,
1739 960 1874 1001 quam
1898 959 1953 988 ex
1977 944 2152 988 obiecto

282 1029 430 1072 habet.
495 1027 621 1070 Finis
645 1029 863 1069 externus
886 1039 963 1069 seu
987 1024 1216 1080 operantis
1239 1024 1318 1066 ille
1341 1027 1424 1078 est,
1458 1023 1515 1065 ad
1540 1035 1671 1076 quem
1696 1024 1826 1065 actus
1847 1020 1915 1068 ‚ab
1939 1023 2154 1074 operante

283 1103 520 1146 ordinatur
566 1106 618 1144 ut
664 1102 944 1153 eleemosyna
991 1099 1048 1142 ad
1092 1097 1467 1141 satisfaciendum
1517 1110 1596 1151 pro
1641 1095 1853 1151 peccatis.
1917 1094 2011 1137 Iam
2053 1093 2154 1136 fieri

281 1181 445 1232 potest,
480 1180 530 1218 ut
565 1176 684 1218 solus
718 1174 823 1216 finis
856 1174 1076 1225 internus,
1110 1173 1181 1215 vel
1222 1172 1430 1214 internus
1464 1175 1511 1214 et
1543 1171 1679 1213 simul
1718 1168 1884 1224 aliquis
1924 1172 2152 1222 externus,

282 1252 352 1294 vel
376 1250 581 1305 neglecto
614 1249 792 1292 interno
826 1248 969 1290 solum
994 1246 1163 1303 aliquis
1187 1246 1295 1288 finis
1319 1250 1533 1288 externus
1557 1244 1613 1287 ab
1637 1247 1853 1298 operante
1869 1243 2154 1297 intendatur,

281 1330 334 1368 ut
357 1325 393 1368 si
418 1325 516 1379 quis
539 1324 738 1378 largitur
760 1324 1087 1376 eleemosynam
1113 1321 1256 1364 solum
1281 1320 1337 1363 ad
1362 1319 1688 1362 sublevandam
1712 1318 1902 1362 alterius
1926 1316 2154 1361 miseriam

284 1401 354 1443 vel
389 1399 526 1442 etiam
563 1399 620 1442 ad
656 1397 980 1442 retrahendum
1014 1395 1156 1439 alium
1190 1409 1217 1439 a
1249 1401 1432 1450 peccato
1455 1394 1528 1436 vel
1562 1393 1707 1436 solum
1740 1393 1799 1436 ad
1831 1392 1971 1436 alium
2006 1406 2032 1435 a
2064 1404 2157 1447 pec-

282 1478 381 1517 cato
413 1473 749 1517 retrahendum.

432 1548 468 1590 b.
518 1548 584 1591 De
617 1548 710 1590 solo
747 1548 841 1604 fine
884 1545 1115 1601 operantis
1161 1543 1234 1586 hie
1278 1556 1423 1586 sermo
1459 1545 1542 1590 est,
1593 1541 1700 1596 quia
1743 1542 1887 1584 solum
1927 1541 2017 1584 iste
2049 1540 2156 1583 finis

283 1622 589 1666 moralitatem
623 1622 678 1665 ab
702 1621 874 1664 obiecto
909 1619 1176 1662 distinctam
1209 1618 1258 1660 in
1281 1621 1435 1661 actum
1459 1618 1710 1660 humanum
1744 1616 1957 1659 inducere
1988 1619 2154 1671 potest.

434 1713 480 1766 2.
548 1711 895 1762 Admittendi
970 1718 1097 1760 sunt
1171 1708 1306 1758 fines
1372 1709 1429 1758 in
1493 1725 1544 1758 se
1606 1705 1984 1776 indifferenteS,
2063 1705 2155 1774 qui

283 1803 490 1856 nullam
518 1801 735 1853 actibus
767 1799 1131 1851 moralitatem
1159 1797 1427 1859 tribuunt,
1474 1797 1605 1866 quia
1644 1806 1874 1846 naturae
1902 1793 2156 1845 rationali

280 1912 381 1945 nec
435 1891 740 1944 conformes
793 1908 895 1940 nec
950 1889 1231 1939 difformes
1286 1896 1412 1937 sunt
1466 1894 1524 1937 ut
1577 1904 1774 1937 canere
1828 1884 1899 1936 ad
1939 1883 2152 1936 lucrum

282 1981 616 2046 faciendum,
662 1982 739 2031 ire
782 1981 837 2030 in
880 1996 1073 2046 agrum
1116 1978 1288 2028 animi
1332 1995 1512 2028 causa.

431 2159 522 2213 63.
564 2159 816 2212 Divisio.
898 2157 1055 2208 Finis
1097 2156 1375 2224 operantis
1433 2153 1812 2223 multipliciter
1855 2154 2151 2205 dividitur:

433 2269 478 2300 α.
519 2248 585 2299 In
626 2248 792 2298 finem
835 2248 1149 2316 proximum
1194 2252 1246 2295 et
1287 2251 1586 2295 remotum:
1622 2245 1905 2313 promimus
1939 2242 2028 2294 ille
2057 2250 2151 2304 est,

285 2341 378 2409 qui
420 2338 568 2390 nullo
618 2337 723 2389 alio
766 2337 1086 2405 interposito
1129 2334 1462 2400 intenditur3
1505 2342 1731 2384 remotus
1774 2332 1879 2400 ille,
1922 2334 2016 2402 qui
2048 2350 2153 2382 me-

287 2429 473 2480 diante
514 2427 618 2479 alio
662 2428 768 2478 fine
810 2425 1141 2484 intenditur;
1186 2426 1265 2475 sic
1307 2424 1350 2474 si
1396 2425 1517 2492 quis
1547 2430 1746 2487 cantat,
1791 2429 1850 2472 ut
1879 2421 2154 2490 stipendio

287 2525 511 2586 accepto
554 2516 1007 2567 sustentationem
1058 2513 1162 2565 sibi
1205 2520 1475 2581 procuret,
1532 2511 1868 2580 stipendium
1911 2519 1992 2562 est
2031 2512 2155 2562 finis

285 2607 583 2676 proximus7
627 2605 946 2656 sustentatio
989 2610 1245 2654 remotus,

435 2696 476 2747 b.
522 2697 585 2746 In
626 2694 793 2745 finem
835 2692 1088 2744 ultimum
1128 2699 1180 2742 et
1215 2690 1634 2742 intermedium:
1677 2690 1893 2741 ultimus
1921 2699 2017 2755 est,
2060 2692 2154 2759 qui

287 2785 590 2835 intenditur
631 2791 851 2852 propter
892 2801 964 2845 se,
1018 2783 1075 2832 in
1129 2799 1233 2850 quo
1291 2797 1417 2847 ergo
1461 2781 1602 2831 sistit
1655 2798 1839 2848 agens,
1898 2781 2031 2849 quin
2068 2775 2151 2830 'ad

287 2873 598 2925 ulteriorem
639 2873 806 2924 finem
847 2871 1300 2948 actumlreferatg
1342 2870 1683 2921 intermedius
1721 2877 1816 2935 est⁷
1860 2869 1953 2938 qui
1980 2869 2152 2919 inten-

289 2962 435 3013 ditur
475 2972 695 3031 propter
734 2961 1046 3012 ulteriorem
1089 2960 1283 3021 finem;
1328 2961 1406 3010 sic
1453 2961 1496 3010 si
1525 2960 1646 3028 quis
1675 2957 1844 3009 libros
1873 2957 2154 3026 componit

288 3050 358 3102 ad
401 3051 831 3118 comparandam
875 3050 979 3101 sibi
1021 3050 1316 3120 pecuniam
1360 3051 1412 3100 in
1459 3048 1690 3100 salutem
1722 3048 1962 3118 proximi
2005 3054 2058 3098 et
2097 3047 2153 3097 in

288 3139 518 3208 gloriam
561 3139 666 3189 Dei
708 3140 1154 3208 impendendam,
1211 3138 1386 3208 gloria
1440 3139 1547 3190 Dei
1603 3147 1682 3189 est
1733 3138 1858 3189 finis
1911 3136 2154 3200 ultimus,

291 3231 528 3298 pecunia
569 3238 621 3280 et
661 3230 804 3280 salus
847 3231 1084 3298 proximi
1127 3239 1254 3281 sunt
1294 3229 1430 3280 fines
1472 3227 1803 3280 intermedii.

438 3339 476 3371 c.
532 3319 688 3369 Finis
743 3318 966 3370 ultimus
1018 3326 1196 3387 potest
1250 3337 1366 3370 esse
1419 3316 1728 3387 simpliciter
1769 3334 1865 3367 seu
1905 3312 2155 3366 absolute

292 3406 531 3473 ultimus,
574 3417 789 3476 praeter
830 3426 990 3476 quem
1034 3407 1173 3458 alius
1215 3425 1324 3458 non
1367 3415 1462 3469 est,
1519 3407 1589 3458 ad
1639 3424 1802 3477 quem
1844 3422 1981 3474 opus
2020 3403 2154 3455 refe·

290 3503 455 3560 ratur,
500 3504 551 3546 et
590 3497 869 3548 secundum
910 3497 1036 3564 quid
1078 3496 1317 3562 ultimus,
1361 3497 1454 3566 qui
1497 3495 1674 3548 solum
1715 3493 1940 3545 ultimus
1982 3499 2063 3543 est
2097 3493 2154 3543 in
