2269 3898
273 165 358 208 130
1006 159 1073 201 De
1106 156 1413 200 matrimonio.

271 308 388 350 tum
439 295 878 349 contrahendum
926 300 1044 343 tum
1098 299 1444 342 contractum
1496 309 1561 340 ea:
1602 291 1999 360 praesumtione
2054 311 2155 361 pro

271 388 451 440 valido
492 384 749 438 habetur:
794 391 847 433 et
889 381 1066 433 solum
1111 382 1155 432 si
1207 387 1353 431 certo
1406 388 1620 431 constat
1669 378 2010 449 baptismum
2061 388 2158 431 aut

271 495 381 529 non
424 474 684 526 collatum
726 482 821 524 aut
862 470 1109 523 invalide
1152 469 1412 521 collatum
1464 469 1663 535 fuisse,
1716 469 1872 521 adest
1926 469 2155 539 impedi-

273 573 516 617 mentum
560 563 898 632 disparitatis
941 560 1135 612 cultus.

422 654 466 706 b.
527 653 584 703 Si
649 652 959 721 baptismus
1029 649 1248 715 dubius,
1318 651 1412 718 qui
1481 648 1702 700 validus
1766 651 2156 718 praesumitur,

268 746 449 815 reipsa
488 742 667 794 nullus
709 750 799 805 est,
843 741 1090 810 plerique
1133 750 1361 790 censent
1402 740 1819 790 matrimonium
1863 758 1979 792 esse
2022 739 2156 791 vali·

272 835 432 900 dum,
502 833 632 903 quia
693 831 927 883 ecclesia
988 831 1044 881 in
1110 827 1509 898 impedimento
1574 829 1915 898 disparitatis
1975 829 2156 882 cultus

270 923 564 993 dispensat.

418 1033 455 1066 c.
523 1012 580 1064 Si
643 1012 952 1080 baptismus
1021 1007 1240 1073 dubius,
1312 1010 1406 1077 qui
1475 1009 1848 1077 praesumitur
1914 1008 2153 1072 validus,

269 1111 457 1172 postea
499 1110 635 1153 certo
679 1101 950 1171 deteqatur
993 1098 1186 1165 nullas,
1229 1099 1629 1150 recurrendum
1673 1106 1754 1149 est
1777 1098 1847 1150 ad
1877 1116 1917 1150 S.
1946 1098 2154 1165 sedem,

269 1211 407 1262 quae
449 1190 800 1261 praescribet.
845 1189 980 1260 quid
1022 1188 1345 1240 faciendum
1387 1190 1471 1240 sit.

415 1281 479 1324 Ut
513 1281 696 1334 sciatur,
733 1280 910 1333 quando
934 1279 1062 1322 valor
1085 1277 1304 1333 baptismi
1328 1277 1417 1321 rite
1441 1278 1669 1333 praesumi
1693 1278 1854 1333 possit,
1879 1292 1916 1322 s.
1946 1278 2156 1335 Officium

266 1358 374 1400 haec
406 1356 598 1400 statuit:

423 1446 464 1474 α.
509 1430 664 1484 Quoad
713 1429 978 1484 haereticos,
1027 1443 1216 1484 quorum
1262 1429 1453 1472 ritualia
1501 1428 1818 1484 praescribunt
1865 1429 2154 1472 collationem

269 1506 484 1562 baptismi
519 1506 686 1561 absque
718 1505 968 1549 necessario
1002 1518 1088 1548 usu
1122 1504 1343 1548 materiae
1387 1509 1432 1547 et
1473 1505 1647 1547 formae
1690 1503 1977 1554 essentialis,
2022 1504 2156 1548 debet-

266 1582 516 1626 examinari
551 1595 678 1625 casus
714 1581 1018 1636 particularis.

417 1658 455 1707 β.
491 1656 648 1710 Quoad
680 1656 809 1711 alios,
843 1656 919 1711 qui
952 1656 1085 1698 iuxta
1117 1655 1308 1698 ritualia
1341 1668 1421 1698 sua
1456 1655 1609 1698 valide
1643 1655 1900 1710 baptizant,
1946 1655 2151 1699 validum

265 1733 536 1776 censendum
570 1736 638 1775 est
672 1732 917 1787 baptisma,
966 1744 1045 1774 nec
1095 1729 1346 1784 requiritur
1394 1730 1590 1773 ulterius
1639 1743 1827 1773 examen
1877 1730 1925 1772 in
1974 1729 2152 1773 casibus

264 1807 629 1863 particularibus.

414 1897 453 1933 γ.
490 1881 657 1935 Quodsi
693 1881 880 1924 dubium
916 1881 1148 1936 persistat,
1183 1880 1323 1923 etiam
1357 1880 1407 1924 in
1440 1880 1588 1936 primo
1621 1893 1742 1934 casu,
1777 1879 2049 1923 censendum
2084 1885 2155 1922 est

263 1957 467 2000 validum
502 1957 730 2012 baptisma
762 1956 809 1999 in
853 1956 1010 1999 ordine
1053 1956 1112 1999 ad
1154 1955 1449 1999 validitatem
1490 1954 1788 1998 matrimonii.
1861 1954 1994 1997 Unde
2034 1953 2155 1997 colli-

263 2032 392 2087 gitur
424 2032 696 2087 principium
731 2032 956 2087 generale,
990 2032 1108 2087 quod
1153 2044 1186 2074 s.
1221 2032 1348 2075 sedes
1391 2032 1439 2075 in
1484 2031 1568 2074 hac
1610 2043 1657 2074 re
1703 2034 1854 2074 tenet:
1905 2029 2157 2086 baptismus

263 2106 425 2150 dubins
457 2108 500 2150 in
537 2107 696 2150 ordine
740 2107 801 2150 ad
841 2108 1180 2150 matrimonium
1223 2105 1579 2150 contrahendum
1623 2106 1691 2148 rel
1733 2105 1823 2148 iam
1874 2107 2152 2149 contractum

263 2181 427 2225 haberi
457 2182 586 2225 dehet
616 2185 665 2225 nt
696 2182 887 2227 validus.

865 2708 1207 2792 Quaestio
1259 2706 1542 2790 quinta.

416 2858 503 2912 De
548 2857 1214 2922 dispensationibus
1257 2855 1994 2925 matrimonialibus1).

916 3005 1213 3063 Articulus
1254 3006 1490 3080 primus

822 3129 902 3168 De
933 3131 1197 3178 potestate
1231 3129 1598 3178 dispensandi.

413 3243 733 3295 Dicendum
777 3255 883 3298 est:
945 3267 991 3299 α.
1051 3247 1140 3299 ἀε,
1176 3256 1445 3317 potestate
1503 3249 1750 3317 episcopi
1804 3249 1861 3298 in
1916 3245 2147 3316 impedi-

263 3335 461 3385 mentis
502 3334 958 3403 impedientibus3
1020 3337 1063 3391 b.
1110 3337 1176 3389 de
1220 3345 1487 3407 potestate
1530 3336 1997 3408 quasi-ordinaria
2039 3335 2148 3404 epi-

421 3467 449 3521 ¹s
484 3468 650 3520 Zz'telli,
700 3469 765 3512 De
814 3470 1230 3525 dispensationibus
1279 3472 1698 3516 matrimonialibus
1744 3472 1945 3526 (Romae.
1997 3469 2150 3524 1887),

264 3541 749 3585 Ballerini-Palmieri
778 3543 855 3586 VI.
890 3545 956 3588 De
991 3545 1407 3600 dispensationibus
1442 3561 1484 3602 p.
1521 3547 1606 3590 734
1639 3560 1696 3590 ss.
