<?xml version="1.0" encoding="UTF-8"?>
<!DOCTYPE html PUBLIC "-//W3C//DTD XHTML 1.0 Transitional//EN"
    "http://www.w3.org/TR/xhtml1/DTD/xhtml1-transitional.dtd">
<html xmlns="http://www.w3.org/1999/xhtml" xml:lang="en" lang="en">
 <head>
  <title>
</title>
<meta http-equiv="Content-Type" content="text/html;charset=utf-8" />
  <meta name='ocr-system' content='tesseract 3.04.00' />
  <meta name='ocr-capabilities' content='ocr_page ocr_carea ocr_par ocr_line ocrx_word'/>
</head>
<body>
  <div class='ocr_page' id='page_1' title='image "./summatheologiaem00nold_0435.png"; bbox 0 0 2269 3898; ppageno 0'>
   <div class='ocr_carea' id='block_1_1' title="bbox 682 151 2007 208">
    <p class='ocr_par' dir='ltr' id='par_1_1' title="bbox 682 151 2007 208">
     <span class='ocr_line' id='line_1_1' title="bbox 682 151 2007 208; baseline -0.005 -11"><span class='ocrx_word' id='word_1_1' title='bbox 682 155 748 197; x_wconf 87' lang='lat' dir='ltr'>De</span> <span class='ocrx_word' id='word_1_2' title='bbox 780 153 1121 208; x_wconf 74' lang='lat' dir='ltr'>impedimentis</span> <span class='ocrx_word' id='word_1_3' title='bbox 1155 151 1450 195; x_wconf 73' lang='lat' dir='ltr'><strong>matrimonii.</strong></span> <span class='ocrx_word' id='word_1_4' title='bbox 1951 151 2007 191; x_wconf 60' lang='lat' dir='ltr'>e?</span> 
     </span>
    </p>
   </div>
   <div class='ocr_carea' id='block_1_2' title="bbox 757 415 1384 475">
    <p class='ocr_par' dir='ltr' id='par_1_2' title="bbox 757 415 1384 475">
     <span class='ocr_line' id='line_1_2' title="bbox 757 415 1384 475; baseline -0.002 -2"><span class='ocrx_word' id='word_1_5' title='bbox 757 416 1049 475; x_wconf 81' lang='lat' dir='ltr'>Articulus</span> <span class='ocrx_word' id='word_1_6' title='bbox 1088 415 1384 472; x_wconf 63' lang='lat' dir='ltr'>secundus</span> 
     </span>
    </p>
   </div>
   <div class='ocr_carea' id='block_1_3' title="bbox 434 551 1713 603">
    <p class='ocr_par' dir='ltr' id='par_1_3' title="bbox 434 551 1713 603">
     <span class='ocr_line' id='line_1_3' title="bbox 434 551 1713 603; baseline -0.003 -9"><span class='ocrx_word' id='word_1_7' title='bbox 434 557 513 595; x_wconf 88' lang='lat' dir='ltr'>De</span> <span class='ocrx_word' id='word_1_8' title='bbox 546 554 944 603; x_wconf 75' lang='lat' dir='ltr'>impedimentis</span> <span class='ocrx_word' id='word_1_9' title='bbox 978 551 1397 601; x_wconf 78' lang='lat' dir='ltr'>impedientibus</span> <span class='ocrx_word' id='word_1_10' title='bbox 1431 552 1488 590; x_wconf 87' lang='lat' dir='ltr'>in</span> <span class='ocrx_word' id='word_1_11' title='bbox 1523 553 1713 600; x_wconf 83' lang='lat' dir='ltr'>speeie.</span> 
     </span>
    </p>
   </div>
   <div class='ocr_carea' id='block_1_4' title="bbox 721 716 1440 769">
    <p class='ocr_par' dir='ltr' id='par_1_4' title="bbox 721 716 1440 769">
     <span class='ocr_line' id='line_1_4' title="bbox 721 716 1440 769; baseline -0.007 -9"><span class='ocrx_word' id='word_1_12' title='bbox 721 716 752 769; x_wconf 54' lang='grc' dir='ltr'>,ξ’</span> <span class='ocrx_word' id='word_1_13' title='bbox 787 719 835 758; x_wconf 90' lang='grc'>1.</span> <span class='ocrx_word' id='word_1_14' title='bbox 882 716 1160 758; x_wconf 76' lang='lat' dir='ltr'>Ecclesiae</span> <span class='ocrx_word' id='word_1_15' title='bbox 1191 716 1440 757; x_wconf 71' lang='lat' dir='ltr'>vetitum.</span> 
     </span>
    </p>
   </div>
   <div class='ocr_carea' id='block_1_5' title="bbox 137 862 2019 1027">
    <p class='ocr_par' dir='ltr' id='par_1_5' title="bbox 137 862 2019 1027">
     <span class='ocr_line' id='line_1_5' title="bbox 288 862 2019 930; baseline -0.004 -11"><span class='ocrx_word' id='word_1_16' title='bbox 288 867 383 920; x_wconf 70' lang='lat'>67.</span> <span class='ocrx_word' id='word_1_17' title='bbox 441 865 802 919; x_wconf 77' lang='lat' dir='ltr'>Declal&#39;atio.</span> <span class='ocrx_word' id='word_1_18' title='bbox 889 866 934 916; x_wconf 87' lang='lat'>1.</span> <span class='ocrx_word' id='word_1_19' title='bbox 978 862 1244 913; x_wconf 75' lang='lat' dir='ltr'>Ecclesiae</span> <span class='ocrx_word' id='word_1_20' title='bbox 1286 863 1497 912; x_wconf 71' lang='lat' dir='ltr'>vetitum</span> <span class='ocrx_word' id='word_1_21' title='bbox 1553 869 1632 911; x_wconf 89' lang='lat' dir='ltr'>est</span> <span class='ocrx_word' id='word_1_22' title='bbox 1674 862 2019 930; x_wconf 78' lang='lat' dir='ltr'>particularis</span> 
     </span>
     <span class='ocr_line' id='line_1_6' title="bbox 137 950 2018 1027; baseline -0.004 -19"><span class='ocrx_word' id='word_1_23' title='bbox 137 957 439 1027; x_wconf 83' lang='lat' dir='ltr'>prohibitio</span> <span class='ocrx_word' id='word_1_24' title='bbox 509 954 578 1005; x_wconf 87' lang='lat' dir='ltr'>ab</span> <span class='ocrx_word' id='word_1_25' title='bbox 641 953 874 1005; x_wconf 83' lang='lat' dir='ltr'>eeclesia</span> <span class='ocrx_word' id='word_1_26' title='bbox 937 951 1024 1002; x_wconf 82' lang='lat' dir='ltr'>vel</span> <span class='ocrx_word' id='word_1_27' title='bbox 1089 970 1119 1002; x_wconf 92' lang='lat' dir='ltr'>a</span> <span class='ocrx_word' id='word_1_28' title='bbox 1180 953 1457 1020; x_wconf 79' lang='lat' dir='ltr'>superiore</span> <span class='ocrx_word' id='word_1_29' title='bbox 1519 950 1888 1002; x_wconf 82' lang='lat' dir='ltr'>eeclesiastico</span> <span class='ocrx_word' id='word_1_30' title='bbox 1950 950 2018 1001; x_wconf 89' lang='lat' dir='ltr'>ob</span> 
     </span>
    </p>
   </div>
   <div class='ocr_carea' id='block_1_6' title="bbox 133 1039 2019 1187">
    <p class='ocr_par' dir='ltr' id='par_1_6' title="bbox 133 1039 2019 1187">
     <span class='ocr_line' id='line_1_7' title="bbox 133 1039 2019 1116; baseline -0.004 -19"><span class='ocrx_word' id='word_1_31' title='bbox 133 1064 365 1116; x_wconf 78' lang='lat' dir='ltr'>gravem</span> <span class='ocrx_word' id='word_1_32' title='bbox 429 1062 651 1095; x_wconf 85' lang='lat' dir='ltr'>eausam</span> <span class='ocrx_word' id='word_1_33' title='bbox 713 1044 876 1107; x_wconf 78' lang='lat' dir='ltr'>faeta,</span> <span class='ocrx_word' id='word_1_34' title='bbox 940 1060 1008 1093; x_wconf 91' lang='lat' dir='ltr'>ne</span> <span class='ocrx_word' id='word_1_35' title='bbox 1071 1042 1495 1093; x_wconf 87' lang='lat' dir='ltr'>determinatum</span> <span class='ocrx_word' id='word_1_36' title='bbox 1556 1039 1781 1109; x_wconf 79' lang='lat' dir='ltr'>aliquod</span> <span class='ocrx_word' id='word_1_37' title='bbox 1837 1041 2019 1090; x_wconf 89' lang='lat' dir='ltr'>matri-</span> 
     </span>
     <span class='ocr_line' id='line_1_8' title="bbox 146 1133 755 1187; baseline -0.01 1"><span class='ocrx_word' id='word_1_38' title='bbox 146 1137 388 1187; x_wconf 87' lang='lat' dir='ltr'>monium</span> <span class='ocrx_word' id='word_1_39' title='bbox 435 1133 755 1184; x_wconf 81' lang='lat' dir='ltr'>celebretur.</span> 
     </span>
    </p>
   </div>
   <div class='ocr_carea' id='block_1_7' title="bbox 136 1239 2026 1749">
    <p class='ocr_par' dir='ltr' id='par_1_7' title="bbox 136 1239 2026 1749">
     <span class='ocr_line' id='line_1_9' title="bbox 292 1239 2021 1299; baseline -0.005 -10"><span class='ocrx_word' id='word_1_40' title='bbox 292 1245 546 1289; x_wconf 85' lang='lat' dir='ltr'>Prohibitio</span> <span class='ocrx_word' id='word_1_41' title='bbox 580 1248 732 1299; x_wconf 77' lang='lat' dir='ltr'>potest</span> <span class='ocrx_word' id='word_1_42' title='bbox 765 1257 860 1287; x_wconf 87' lang='lat' dir='ltr'>esse</span> <span class='ocrx_word' id='word_1_43' title='bbox 890 1243 1126 1298; x_wconf 67' lang='lat' dir='ltr'>(seueralt&#39;s</span> <span class='ocrx_word' id='word_1_44' title='bbox 1158 1246 1238 1284; x_wconf 88' lang='lat' dir='ltr'>aut</span> <span class='ocrx_word' id='word_1_45' title='bbox 1262 1241 1585 1297; x_wconf 59' lang='lat' dir='ltr'>particularis,</span> <span class='ocrx_word' id='word_1_46' title='bbox 1620 1247 1753 1295; x_wconf 85' lang='lat' dir='ltr'>prout</span> <span class='ocrx_word' id='word_1_47' title='bbox 1788 1240 1845 1282; x_wconf 82' lang='lat' dir='ltr'>ad</span> <span class='ocrx_word' id='word_1_48' title='bbox 1871 1239 2021 1282; x_wconf 85' lang='lat' dir='ltr'>onmia</span> 
     </span>
     <span class='ocr_line' id='line_1_10' title="bbox 136 1314 2021 1376; baseline -0.005 -11"><span class='ocrx_word' id='word_1_49' title='bbox 136 1328 188 1365; x_wconf 82' lang='lat' dir='ltr'>et</span> <span class='ocrx_word' id='word_1_50' title='bbox 233 1322 414 1376; x_wconf 79' lang='lat' dir='ltr'>singula</span> <span class='ocrx_word' id='word_1_51' title='bbox 464 1320 759 1363; x_wconf 85' lang='lat' dir='ltr'>matrimonia</span> <span class='ocrx_word' id='word_1_52' title='bbox 808 1319 878 1362; x_wconf 68' lang='lat' dir='ltr'>vel</span> <span class='ocrx_word' id='word_1_53' title='bbox 930 1319 986 1361; x_wconf 88' lang='lat' dir='ltr'>ad</span> <span class='ocrx_word' id='word_1_54' title='bbox 1038 1317 1394 1360; x_wconf 84' lang='lat' dir='ltr'>determinatum</span> <span class='ocrx_word' id='word_1_55' title='bbox 1445 1316 1627 1369; x_wconf 80' lang='lat' dir='ltr'>aliquod</span> <span class='ocrx_word' id='word_1_56' title='bbox 1677 1314 2021 1357; x_wconf 78' lang='lat' dir='ltr'>matrimonium</span> 
     </span>
     <span class='ocr_line' id='line_1_11' title="bbox 141 1389 2023 1447; baseline -0.005 -7"><span class='ocrx_word' id='word_1_57' title='bbox 141 1399 352 1440; x_wconf 76' lang='lat' dir='ltr'>refertur.</span> <span class='ocrx_word' id='word_1_58' title='bbox 432 1394 789 1438; x_wconf 84' lang='lat' dir='ltr'>Prohibitionem</span> <span class='ocrx_word' id='word_1_59' title='bbox 840 1393 1097 1447; x_wconf 80' lang='lat' dir='ltr'>generalem</span> <span class='ocrx_word' id='word_1_60' title='bbox 1149 1391 1437 1434; x_wconf 85' lang='lat' dir='ltr'>constituunt</span> <span class='ocrx_word' id='word_1_61' title='bbox 1488 1390 1640 1433; x_wconf 85' lang='lat' dir='ltr'>onmia</span> <span class='ocrx_word' id='word_1_62' title='bbox 1694 1389 2023 1444; x_wconf 83' lang='lat' dir='ltr'>impedimenta</span> 
     </span>
     <span class='ocr_line' id='line_1_12' title="bbox 142 1463 2024 1522; baseline -0.005 -8"><span class='ocrx_word' id='word_1_63' title='bbox 142 1476 242 1514; x_wconf 81' lang='lat' dir='ltr'>tum</span> <span class='ocrx_word' id='word_1_64' title='bbox 279 1470 542 1513; x_wconf 83' lang='lat' dir='ltr'>dirimentia</span> <span class='ocrx_word' id='word_1_65' title='bbox 576 1474 674 1511; x_wconf 87' lang='lat' dir='ltr'>tum</span> <span class='ocrx_word' id='word_1_66' title='bbox 724 1467 1041 1522; x_wconf 80' lang='lat' dir='ltr'>impedientia,</span> <span class='ocrx_word' id='word_1_67' title='bbox 1090 1467 1196 1521; x_wconf 84' lang='lat' dir='ltr'>quia</span> <span class='ocrx_word' id='word_1_68' title='bbox 1245 1466 1430 1509; x_wconf 78' lang='lat' dir='ltr'>eeclesia</span> <span class='ocrx_word' id='word_1_69' title='bbox 1478 1465 1700 1517; x_wconf 86' lang='lat' dir='ltr'>omnibus,</span> <span class='ocrx_word' id='word_1_70' title='bbox 1750 1464 1825 1518; x_wconf 84' lang='lat' dir='ltr'>qui</span> <span class='ocrx_word' id='word_1_71' title='bbox 1874 1463 2024 1517; x_wconf 83' lang='lat' dir='ltr'>aliquo</span> 
     </span>
     <span class='ocr_line' id='line_1_13' title="bbox 144 1538 2025 1601; baseline -0.005 -12"><span class='ocrx_word' id='word_1_72' title='bbox 144 1546 474 1601; x_wconf 84' lang='lat' dir='ltr'>impedimento</span> <span class='ocrx_word' id='word_1_73' title='bbox 507 1543 678 1587; x_wconf 84' lang='lat' dir='ltr'>irretiti</span> <span class='ocrx_word' id='word_1_74' title='bbox 713 1548 834 1597; x_wconf 88' lang='lat' dir='ltr'>sunt,</span> <span class='ocrx_word' id='word_1_75' title='bbox 870 1556 918 1585; x_wconf 91' lang='lat' dir='ltr'>eo</span> <span class='ocrx_word' id='word_1_76' title='bbox 952 1541 1050 1596; x_wconf 88' lang='lat' dir='ltr'>ipso</span> <span class='ocrx_word' id='word_1_77' title='bbox 1095 1541 1438 1584; x_wconf 80' lang='lat' dir='ltr'>matrimonium</span> <span class='ocrx_word' id='word_1_78' title='bbox 1484 1539 1735 1583; x_wconf 76' lang='lat' dir='ltr'>interdicit.</span> <span class='ocrx_word' id='word_1_79' title='bbox 1799 1538 2025 1581; x_wconf 83' lang='lat' dir='ltr'>Ecclesiae</span> 
     </span>
     <span class='ocr_line' id='line_1_14' title="bbox 142 1613 2026 1675; baseline -0.005 -11"><span class='ocrx_word' id='word_1_80' title='bbox 142 1622 358 1674; x_wconf 67' lang='lat' dir='ltr'>vetitum,</span> <span class='ocrx_word' id='word_1_81' title='bbox 404 1627 537 1675; x_wconf 84' lang='lat' dir='ltr'>prout</span> <span class='ocrx_word' id='word_1_82' title='bbox 572 1618 627 1661; x_wconf 89' lang='lat' dir='ltr'>ab</span> <span class='ocrx_word' id='word_1_83' title='bbox 661 1618 763 1661; x_wconf 90' lang='lat' dir='ltr'>aliis</span> <span class='ocrx_word' id='word_1_84' title='bbox 808 1617 1151 1672; x_wconf 73' lang='lat' dir='ltr'>impedimentis</span> <span class='ocrx_word' id='word_1_85' title='bbox 1186 1615 1506 1670; x_wconf 78' lang='lat' dir='ltr'>distinguitur.</span> <span class='ocrx_word' id='word_1_86' title='bbox 1552 1615 1786 1669; x_wconf 77' lang='lat' dir='ltr'>significat</span> <span class='ocrx_word' id='word_1_87' title='bbox 1825 1613 2026 1669; x_wconf 73' lang='lat' dir='ltr'>prohihi-</span> 
     </span>
     <span class='ocr_line' id='line_1_15' title="bbox 138 1693 683 1749; baseline -0.006 -12"><span class='ocrx_word' id='word_1_88' title='bbox 138 1696 308 1738; x_wconf 74' lang='lat' dir='ltr'>tionem</span> <span class='ocrx_word' id='word_1_89' title='bbox 330 1693 683 1749; x_wconf 72' lang='lat' dir='ltr'>particularem.</span> 
     </span>
    </p>
   </div>
   <div class='ocr_carea' id='block_1_8' title="bbox 144 1795 2040 3300">
    <p class='ocr_par' dir='ltr' id='par_1_8' title="bbox 144 1795 2034 2674">
     <span class='ocr_line' id='line_1_16' title="bbox 297 1795 2026 1865; baseline -0.003 -15"><span class='ocrx_word' id='word_1_90' title='bbox 297 1801 346 1852; x_wconf 76' lang='lat'>2.</span> <span class='ocrx_word' id='word_1_91' title='bbox 402 1799 817 1850; x_wconf 81' lang='lat' dir='ltr'>Matrimonium</span> <span class='ocrx_word' id='word_1_92' title='bbox 876 1799 930 1848; x_wconf 89' lang='lat' dir='ltr'>in</span> <span class='ocrx_word' id='word_1_93' title='bbox 994 1795 1313 1865; x_wconf 78' lang='lat' dir='ltr'>particulari</span> <span class='ocrx_word' id='word_1_94' title='bbox 1370 1814 1500 1846; x_wconf 80' lang='lat' dir='ltr'>casu</span> <span class='ocrx_word' id='word_1_95' title='bbox 1556 1814 1623 1846; x_wconf 79' lang='lat' dir='ltr'>ex</span> <span class='ocrx_word' id='word_1_96' title='bbox 1678 1795 1819 1844; x_wconf 87' lang='lat' dir='ltr'>iusta</span> <span class='ocrx_word' id='word_1_97' title='bbox 1862 1812 2026 1844; x_wconf 81' lang='lat' dir='ltr'>eausa</span> 
     </span>
     <span class='ocr_line' id='line_1_17' title="bbox 146 1883 2029 1960; baseline -0.004 -19"><span class='ocrx_word' id='word_1_98' title='bbox 146 1889 441 1960; x_wconf 89' lang='lat' dir='ltr'>prohibere</span> <span class='ocrx_word' id='word_1_99' title='bbox 483 1896 688 1958; x_wconf 87' lang='lat' dir='ltr'>potest:</span> <span class='ocrx_word' id='word_1_100' title='bbox 747 1908 794 1940; x_wconf 76' lang='grc' dir='ltr'>(ι.</span> <span class='ocrx_word' id='word_1_101' title='bbox 851 1905 1079 1937; x_wconf 71' lang='lat' dir='ltr'>summus·</span> <span class='ocrx_word' id='word_1_102' title='bbox 1125 1883 1395 1954; x_wconf 62' lang='lat' dir='ltr'>pontifex,</span> <span class='ocrx_word' id='word_1_103' title='bbox 1453 1885 1544 1953; x_wconf 89' lang='lat' dir='ltr'>qui</span> <span class='ocrx_word' id='word_1_104' title='bbox 1595 1883 1731 1934; x_wconf 87' lang='lat' dir='ltr'>illud</span> <span class='ocrx_word' id='word_1_105' title='bbox 1782 1901 1878 1952; x_wconf 85' lang='lat' dir='ltr'>pro</span> <span class='ocrx_word' id='word_1_106' title='bbox 1931 1902 2029 1934; x_wconf 90' lang='lat' dir='ltr'>sua</span> 
     </span>
     <span class='ocr_line' id='line_1_18' title="bbox 147 1973 2022 2048; baseline -0.004 -18"><span class='ocrx_word' id='word_1_107' title='bbox 147 1987 417 2048; x_wconf 86' lang='lat' dir='ltr'>potestate</span> <span class='ocrx_word' id='word_1_108' title='bbox 475 1996 586 2028; x_wconf 90' lang='lat' dir='ltr'>non</span> <span class='ocrx_word' id='word_1_109' title='bbox 640 1977 814 2028; x_wconf 88' lang='lat' dir='ltr'>solum</span> <span class='ocrx_word' id='word_1_110' title='bbox 857 1974 1166 2045; x_wconf 79' lang='lat' dir='ltr'>prohibere,</span> <span class='ocrx_word' id='word_1_111' title='bbox 1213 1974 1307 2024; x_wconf 84' lang='lat' dir='ltr'>sed</span> <span class='ocrx_word' id='word_1_112' title='bbox 1352 1974 1517 2023; x_wconf 86' lang='lat' dir='ltr'>etiam</span> <span class='ocrx_word' id='word_1_113' title='bbox 1562 1973 1774 2024; x_wconf 87' lang='lat' dir='ltr'>irritare</span> <span class='ocrx_word' id='word_1_114' title='bbox 1817 1980 2022 2041; x_wconf 74' lang='lat' dir='ltr'>potest3</span> 
     </span>
     <span class='ocr_line' id='line_1_19' title="bbox 144 2061 2031 2138; baseline -0.004 -19"><span class='ocrx_word' id='word_1_115' title='bbox 144 2069 194 2124; x_wconf 68' lang='lat' dir='ltr'>h.</span> <span class='ocrx_word' id='word_1_116' title='bbox 242 2070 529 2138; x_wconf 69' lang='lat' dir='ltr'>episcopus,</span> <span class='ocrx_word' id='word_1_117' title='bbox 575 2068 667 2136; x_wconf 88' lang='lat' dir='ltr'>qui</span> <span class='ocrx_word' id='word_1_118' title='bbox 712 2066 1128 2117; x_wconf 86' lang='lat' dir='ltr'>matrimonium</span> <span class='ocrx_word' id='word_1_119' title='bbox 1171 2061 1488 2132; x_wconf 78' lang='lat' dir='ltr'>prohibere,</span> <span class='ocrx_word' id='word_1_120' title='bbox 1528 2062 1623 2112; x_wconf 86' lang='lat' dir='ltr'>sed</span> <span class='ocrx_word' id='word_1_121' title='bbox 1665 2080 1774 2113; x_wconf 91' lang='lat' dir='ltr'>non</span> <span class='ocrx_word' id='word_1_122' title='bbox 1817 2063 2031 2112; x_wconf 85' lang='lat' dir='ltr'>irritare</span> 
     </span>
     <span class='ocr_line' id='line_1_20' title="bbox 150 2153 2033 2229; baseline -0.005 -19"><span class='ocrx_word' id='word_1_123' title='bbox 150 2168 353 2229; x_wconf 76' lang='lat' dir='ltr'>potest;</span> <span class='ocrx_word' id='word_1_124' title='bbox 396 2178 436 2210; x_wconf 88' lang='lat' dir='ltr'>c.</span> <span class='ocrx_word' id='word_1_125' title='bbox 468 2158 754 2228; x_wconf 59' lang='lat' dir='ltr'>parociam,</span> <span class='ocrx_word' id='word_1_126' title='bbox 798 2157 890 2225; x_wconf 91' lang='lat' dir='ltr'>qui</span> <span class='ocrx_word' id='word_1_127' title='bbox 935 2153 1319 2205; x_wconf 83' lang='lat' dir='ltr'>iurisdictione</span> <span class='ocrx_word' id='word_1_128' title='bbox 1362 2154 1417 2203; x_wconf 92' lang='lat' dir='ltr'>in</span> <span class='ocrx_word' id='word_1_129' title='bbox 1461 2153 1575 2203; x_wconf 86' lang='lat' dir='ltr'>foro</span> <span class='ocrx_word' id='word_1_130' title='bbox 1620 2160 1844 2202; x_wconf 81' lang='lat' dir='ltr'>externo</span> <span class='ocrx_word' id='word_1_131' title='bbox 1885 2159 2033 2201; x_wconf 79' lang='lat' dir='ltr'>earet</span> 
     </span>
     <span class='ocr_line' id='line_1_21' title="bbox 151 2244 2032 2316; baseline -0.005 -17"><span class='ocrx_word' id='word_1_132' title='bbox 151 2260 204 2299; x_wconf 90' lang='lat' dir='ltr'>et</span> <span class='ocrx_word' id='word_1_133' title='bbox 256 2248 378 2299; x_wconf 91' lang='lat' dir='ltr'>ideo</span> <span class='ocrx_word' id='word_1_134' title='bbox 434 2255 729 2316; x_wconf 80' lang='lat' dir='ltr'>praecepta</span> <span class='ocrx_word' id='word_1_135' title='bbox 784 2255 1021 2296; x_wconf 83' lang='lat' dir='ltr'>statuere</span> <span class='ocrx_word' id='word_1_136' title='bbox 1077 2244 1283 2313; x_wconf 78' lang='lat' dir='ltr'>nequit,</span> <span class='ocrx_word' id='word_1_137' title='bbox 1340 2244 1755 2293; x_wconf 86' lang='lat' dir='ltr'>matrimonium</span> <span class='ocrx_word' id='word_1_138' title='bbox 1806 2249 2032 2292; x_wconf 87' lang='lat' dir='ltr'>eatenus</span> 
     </span>
     <span class='ocr_line' id='line_1_22' title="bbox 152 2332 2032 2406; baseline -0.005 -17"><span class='ocrx_word' id='word_1_139' title='bbox 152 2346 365 2389; x_wconf 87' lang='lat' dir='ltr'>tantum</span> <span class='ocrx_word' id='word_1_140' title='bbox 395 2336 688 2406; x_wconf 87' lang='lat' dir='ltr'>prohibere</span> <span class='ocrx_word' id='word_1_141' title='bbox 718 2344 911 2404; x_wconf 84' lang='lat' dir='ltr'>potest,</span> <span class='ocrx_word' id='word_1_142' title='bbox 958 2342 1231 2403; x_wconf 87' lang='lat' dir='ltr'>quatenus</span> <span class='ocrx_word' id='word_1_143' title='bbox 1265 2340 1430 2402; x_wconf 80' lang='lat' dir='ltr'>negat</span> <span class='ocrx_word' id='word_1_144' title='bbox 1459 2332 1829 2382; x_wconf 86' lang='lat' dir='ltr'>assistentiam</span> <span class='ocrx_word' id='word_1_145' title='bbox 1859 2349 2032 2395; x_wconf 80' lang='lat' dir='ltr'>suam,</span> 
     </span>
     <span class='ocr_line' id='line_1_23' title="bbox 152 2420 2034 2496; baseline -0.005 -18"><span class='ocrx_word' id='word_1_146' title='bbox 152 2429 198 2478; x_wconf 87' lang='lat' dir='ltr'>si</span> <span class='ocrx_word' id='word_1_147' title='bbox 255 2426 480 2496; x_wconf 84' lang='lat' dir='ltr'>aliquod</span> <span class='ocrx_word' id='word_1_148' title='bbox 539 2426 954 2477; x_wconf 87' lang='lat' dir='ltr'>matrimonium</span> <span class='ocrx_word' id='word_1_149' title='bbox 1006 2423 1125 2492; x_wconf 81' lang='lat' dir='ltr'>lege</span> <span class='ocrx_word' id='word_1_150' title='bbox 1176 2422 1420 2489; x_wconf 73' lang='lat' dir='ltr'>generali</span> <span class='ocrx_word' id='word_1_151' title='bbox 1462 2420 1802 2490; x_wconf 83' lang='lat' dir='ltr'>prohibitum</span> <span class='ocrx_word' id='word_1_152' title='bbox 1847 2420 2034 2488; x_wconf 84' lang='lat' dir='ltr'>depre-</span> 
     </span>
     <span class='ocr_line' id='line_1_24' title="bbox 153 2512 2032 2585; baseline -0.005 -17"><span class='ocrx_word' id='word_1_153' title='bbox 153 2516 377 2584; x_wconf 79' lang='lat' dir='ltr'>hendat,</span> <span class='ocrx_word' id='word_1_154' title='bbox 442 2517 656 2585; x_wconf 84' lang='lat' dir='ltr'>sponsis</span> <span class='ocrx_word' id='word_1_155' title='bbox 719 2514 1007 2566; x_wconf 79' lang='lat' dir='ltr'>declarans</span> <span class='ocrx_word' id='word_1_156' title='bbox 1070 2513 1482 2564; x_wconf 87' lang='lat' dir='ltr'>matrimonium</span> <span class='ocrx_word' id='word_1_157' title='bbox 1546 2512 1681 2561; x_wconf 82' lang='lat' dir='ltr'>eitra</span> <span class='ocrx_word' id='word_1_158' title='bbox 1743 2518 2032 2579; x_wconf 80' lang='lat' dir='ltr'>peecatum</span> 
     </span>
     <span class='ocr_line' id='line_1_25' title="bbox 156 2607 650 2674; baseline 0 -17"><span class='ocrx_word' id='word_1_159' title='bbox 156 2607 285 2657; x_wconf 90' lang='lat' dir='ltr'>iniri</span> <span class='ocrx_word' id='word_1_160' title='bbox 327 2624 435 2657; x_wconf 93' lang='lat' dir='ltr'>non</span> <span class='ocrx_word' id='word_1_161' title='bbox 479 2623 650 2674; x_wconf 85' lang='lat' dir='ltr'>posse.</span> 
     </span>
    </p>

    <p class='ocr_par' dir='ltr' id='par_1_9' title="bbox 152 2702 2040 3300">
     <span class='ocr_line' id='line_1_26' title="bbox 307 2702 2037 2778; baseline -0.005 -16"><span class='ocrx_word' id='word_1_162' title='bbox 307 2711 355 2762; x_wconf 85' lang='lat'>3.</span> <span class='ocrx_word' id='word_1_163' title='bbox 403 2709 631 2775; x_wconf 77' lang='lat' dir='ltr'>Causae,</span> <span class='ocrx_word' id='word_1_164' title='bbox 676 2718 899 2778; x_wconf 89' lang='lat' dir='ltr'>propter</span> <span class='ocrx_word' id='word_1_165' title='bbox 936 2727 1072 2777; x_wconf 86' lang='lat' dir='ltr'>quas</span> <span class='ocrx_word' id='word_1_166' title='bbox 1116 2707 1526 2758; x_wconf 85' lang='lat' dir='ltr'>matrimonium</span> <span class='ocrx_word' id='word_1_167' title='bbox 1570 2706 1712 2756; x_wconf 89' lang='lat' dir='ltr'>iuste</span> <span class='ocrx_word' id='word_1_168' title='bbox 1756 2702 2037 2773; x_wconf 86' lang='lat' dir='ltr'>prohiberi</span> 
     </span>
     <span class='ocr_line' id='line_1_27' title="bbox 152 2793 2036 2870; baseline -0.005 -18"><span class='ocrx_word' id='word_1_169' title='bbox 152 2809 350 2870; x_wconf 71' lang='lat' dir='ltr'>potest,</span> <span class='ocrx_word' id='word_1_170' title='bbox 395 2808 502 2851; x_wconf 86' lang='lat' dir='ltr'>tres</span> <span class='ocrx_word' id='word_1_171' title='bbox 538 2800 885 2868; x_wconf 88' lang='lat' dir='ltr'>potissimum</span> <span class='ocrx_word' id='word_1_172' title='bbox 917 2807 1310 2849; x_wconf 86' lang='lat' dir='ltr'>numerantur:</span> <span class='ocrx_word' id='word_1_173' title='bbox 1354 2816 1402 2850; x_wconf 84' lang='grc' dir='ltr'>α.</span> <span class='ocrx_word' id='word_1_174' title='bbox 1435 2795 1752 2848; x_wconf 78' lang='lat' dir='ltr'>reclamatio</span> <span class='ocrx_word' id='word_1_175' title='bbox 1783 2793 1849 2844; x_wconf 87' lang='lat' dir='ltr'>de</span> <span class='ocrx_word' id='word_1_176' title='bbox 1880 2811 2036 2862; x_wconf 87' lang='lat' dir='ltr'>spon-</span> 
     </span>
     <span class='ocr_line' id='line_1_28' title="bbox 159 2883 2039 2958; baseline -0.005 -17"><span class='ocrx_word' id='word_1_177' title='bbox 159 2890 383 2955; x_wconf 84' lang='lat' dir='ltr'>salilous7</span> <span class='ocrx_word' id='word_1_178' title='bbox 436 2907 575 2958; x_wconf 87' lang='lat' dir='ltr'>quae</span> <span class='ocrx_word' id='word_1_179' title='bbox 621 2888 882 2939; x_wconf 87' lang='lat' dir='ltr'>alteruter</span> <span class='ocrx_word' id='word_1_180' title='bbox 924 2904 1248 2956; x_wconf 86' lang='lat' dir='ltr'>sponsorum</span> <span class='ocrx_word' id='word_1_181' title='bbox 1290 2887 1444 2955; x_wconf 89' lang='lat' dir='ltr'>prius</span> <span class='ocrx_word' id='word_1_182' title='bbox 1486 2902 1610 2936; x_wconf 83' lang='lat' dir='ltr'>eum</span> <span class='ocrx_word' id='word_1_183' title='bbox 1654 2883 1762 2935; x_wconf 88' lang='lat' dir='ltr'>alia</span> <span class='ocrx_word' id='word_1_184' title='bbox 1805 2901 2039 2952; x_wconf 88' lang='lat' dir='ltr'>persona</span> 
     </span>
     <span class='ocr_line' id='line_1_29' title="bbox 159 2972 2038 3047; baseline -0.005 -16"><span class='ocrx_word' id='word_1_185' title='bbox 159 2987 542 3043; x_wconf 62' lang='lat' dir='ltr'>contraxeratg</span> <span class='ocrx_word' id='word_1_186' title='bbox 588 2979 630 3031; x_wconf 76' lang='lat' dir='ltr'>b.</span> <span class='ocrx_word' id='word_1_187' title='bbox 675 2979 914 3047; x_wconf 79' lang='lat' dir='ltr'>suspicio</span> <span class='ocrx_word' id='word_1_188' title='bbox 958 2976 1263 3046; x_wconf 88' lang='lat' dir='ltr'>probabilis</span> <span class='ocrx_word' id='word_1_189' title='bbox 1305 2974 1707 3044; x_wconf 82' lang='lat' dir='ltr'>impedimenti,</span> <span class='ocrx_word' id='word_1_190' title='bbox 1752 2972 1898 3042; x_wconf 88' lang='lat' dir='ltr'>quod</span> <span class='ocrx_word' id='word_1_191' title='bbox 1935 2990 2038 3022; x_wconf 87' lang='lat' dir='ltr'>ma-</span> 
     </span>
     <span class='ocr_line' id='line_1_30' title="bbox 153 3061 2040 3135; baseline -0.005 -14"><span class='ocrx_word' id='word_1_192' title='bbox 153 3070 486 3121; x_wconf 76' lang='lat' dir='ltr'>trimonium</span> <span class='ocrx_word' id='word_1_193' title='bbox 532 3077 627 3118; x_wconf 87' lang='lat' dir='ltr'>aut</span> <span class='ocrx_word' id='word_1_194' title='bbox 669 3067 894 3118; x_wconf 86' lang='lat' dir='ltr'>dirimat</span> <span class='ocrx_word' id='word_1_195' title='bbox 936 3076 1031 3118; x_wconf 89' lang='lat' dir='ltr'>aut</span> <span class='ocrx_word' id='word_1_196' title='bbox 1073 3065 1366 3135; x_wconf 77' lang='lat' dir='ltr'>impediat3</span> <span class='ocrx_word' id='word_1_197' title='bbox 1423 3084 1460 3116; x_wconf 92' lang='lat' dir='ltr'>c.</span> <span class='ocrx_word' id='word_1_198' title='bbox 1517 3065 1681 3115; x_wconf 89' lang='lat' dir='ltr'>timor</span> <span class='ocrx_word' id='word_1_199' title='bbox 1721 3061 2040 3132; x_wconf 77' lang='lat' dir='ltr'>probabilis,</span> 
     </span>
     <span class='ocr_line' id='line_1_31' title="bbox 166 3151 2040 3226; baseline -0.006 -16"><span class='ocrx_word' id='word_1_200' title='bbox 166 3178 235 3212; x_wconf 91' lang='lat' dir='ltr'>ne</span> <span class='ocrx_word' id='word_1_201' title='bbox 279 3178 347 3210; x_wconf 82' lang='lat' dir='ltr'>ex</span> <span class='ocrx_word' id='word_1_202' title='bbox 390 3159 739 3209; x_wconf 87' lang='lat' dir='ltr'>matrimonio</span> <span class='ocrx_word' id='word_1_203' title='bbox 781 3159 976 3226; x_wconf 83' lang='lat' dir='ltr'>gravia</span> <span class='ocrx_word' id='word_1_204' title='bbox 1018 3154 1370 3207; x_wconf 84' lang='lat' dir='ltr'>incommoda</span> <span class='ocrx_word' id='word_1_205' title='bbox 1413 3162 1471 3204; x_wconf 89' lang='lat' dir='ltr'>ut</span> <span class='ocrx_word' id='word_1_206' title='bbox 1513 3152 1774 3205; x_wconf 82' lang='lat' dir='ltr'>seandala</span> <span class='ocrx_word' id='word_1_207' title='bbox 1815 3152 1901 3202; x_wconf 81' lang='lat' dir='ltr'>vel</span> <span class='ocrx_word' id='word_1_208' title='bbox 1942 3151 2040 3201; x_wconf 90' lang='lat' dir='ltr'>ini-</span> 
     </span>
     <span class='ocr_line' id='line_1_32' title="bbox 165 3249 712 3300; baseline 0.002 -1"><span class='ocrx_word' id='word_1_209' title='bbox 165 3250 407 3299; x_wconf 81' lang='lat' dir='ltr'>micitiae</span> <span class='ocrx_word' id='word_1_210' title='bbox 450 3249 712 3300; x_wconf 89' lang='lat' dir='ltr'>oriantur.</span> 
     </span>
    </p>
   </div>
   <div class='ocr_carea' id='block_1_9' title="bbox 159 3351 2044 3563">
    <p class='ocr_par' dir='ltr' id='par_1_10' title="bbox 159 3351 2044 3563">
     <span class='ocr_line' id='line_1_33' title="bbox 314 3351 2043 3413; baseline -0.005 -11"><span class='ocrx_word' id='word_1_211' title='bbox 314 3359 359 3402; x_wconf 86' lang='lat' dir='ltr'>Si</span> <span class='ocrx_word' id='word_1_212' title='bbox 394 3359 573 3413; x_wconf 85' lang='lat' dir='ltr'>quando</span> <span class='ocrx_word' id='word_1_213' title='bbox 607 3357 952 3401; x_wconf 83' lang='lat' dir='ltr'>matrimonium</span> <span class='ocrx_word' id='word_1_214' title='bbox 986 3371 1076 3400; x_wconf 91' lang='lat' dir='ltr'>non</span> <span class='ocrx_word' id='word_1_215' title='bbox 1103 3359 1466 3399; x_wconf 84' lang='lat' dir='ltr'>consummatum</span> <span class='ocrx_word' id='word_1_216' title='bbox 1492 3359 1676 3410; x_wconf 83' lang='lat' dir='ltr'>propter</span> <span class='ocrx_word' id='word_1_217' title='bbox 1701 3353 1883 3396; x_wconf 83' lang='lat' dir='ltr'>dubiam</span> <span class='ocrx_word' id='word_1_218' title='bbox 1908 3351 2043 3394; x_wconf 86' lang='lat' dir='ltr'>unius</span> 
     </span>
     <span class='ocr_line' id='line_1_34' title="bbox 164 3425 2044 3488; baseline -0.005 -11"><span class='ocrx_word' id='word_1_219' title='bbox 164 3433 313 3488; x_wconf 84' lang='lat' dir='ltr'>partis</span> <span class='ocrx_word' id='word_1_220' title='bbox 345 3433 668 3488; x_wconf 84' lang='lat' dir='ltr'>impotentiam</span> <span class='ocrx_word' id='word_1_221' title='bbox 703 3446 730 3475; x_wconf 87' lang='lat' dir='ltr'>a</span> <span class='ocrx_word' id='word_1_222' title='bbox 764 3445 939 3475; x_wconf 91' lang='lat' dir='ltr'>summo</span> <span class='ocrx_word' id='word_1_223' title='bbox 974 3431 1192 3486; x_wconf 83' lang='lat' dir='ltr'>pontifice</span> <span class='ocrx_word' id='word_1_224' title='bbox 1224 3431 1434 3484; x_wconf 80' lang='lat' dir='ltr'>solvitur,</span> <span class='ocrx_word' id='word_1_225' title='bbox 1476 3429 1597 3485; x_wconf 86' lang='lat' dir='ltr'>parti</span> <span class='ocrx_word' id='word_1_226' title='bbox 1639 3430 1757 3471; x_wconf 76' lang='lat' dir='ltr'>forte</span> <span class='ocrx_word' id='word_1_227' title='bbox 1800 3425 2044 3481; x_wconf 82' lang='lat' dir='ltr'>impotenti</span> 
     </span>
     <span class='ocr_line' id='line_1_35' title="bbox 159 3501 1939 3563; baseline -0.005 -13"><span class='ocrx_word' id='word_1_228' title='bbox 159 3507 393 3563; x_wconf 75' lang='lat' dir='ltr'>prohiberi</span> <span class='ocrx_word' id='word_1_229' title='bbox 427 3508 554 3559; x_wconf 85' lang='lat' dir='ltr'>solet,</span> <span class='ocrx_word' id='word_1_230' title='bbox 587 3520 642 3549; x_wconf 91' lang='lat' dir='ltr'>ne</span> <span class='ocrx_word' id='word_1_231' title='bbox 677 3506 804 3549; x_wconf 80' lang='lat' dir='ltr'>aliud</span> <span class='ocrx_word' id='word_1_232' title='bbox 838 3505 1183 3549; x_wconf 84' lang='lat' dir='ltr'>matrimonium</span> <span class='ocrx_word' id='word_1_233' title='bbox 1217 3504 1384 3559; x_wconf 84' lang='lat' dir='ltr'>absque</span> <span class='ocrx_word' id='word_1_234' title='bbox 1417 3503 1549 3547; x_wconf 75' lang='lat' dir='ltr'>venia</span> <span class='ocrx_word' id='word_1_235' title='bbox 1583 3516 1615 3545; x_wconf 88' lang='lat' dir='ltr'>s.</span> <span class='ocrx_word' id='word_1_236' title='bbox 1651 3502 1769 3544; x_wconf 86' lang='lat' dir='ltr'>sedis</span> <span class='ocrx_word' id='word_1_237' title='bbox 1801 3501 1939 3543; x_wconf 86' lang='lat' dir='ltr'>ineat.</span> 
     </span>
    </p>
   </div>
   <div class='ocr_carea' id='block_1_10' title="bbox 1811 3574 1864 3614">
    <p class='ocr_par' dir='ltr' id='par_1_11' title="bbox 1811 3574 1864 3614">
     <span class='ocr_line' id='line_1_36' title="bbox 1811 3574 1864 3614; baseline 0.019 -1"><span class='ocrx_word' id='word_1_238' title='bbox 1811 3574 1864 3614; x_wconf 67' lang='grc' dir='ltr'>ὃ*</span> 
     </span>
    </p>
   </div>
  </div>
 </body>
</html>
