2269 3898
291 144 374 186 146
1030 140 1096 183 De
1128 139 1435 205 matrimonio.

290 277 443 321 valida
474 284 556 332 est,
591 276 676 320 etsi
711 274 894 318 reticita
925 273 1066 316 fuerit
1100 273 1261 327 copula
1304 273 1562 316 incestuosa
1601 273 1722 318 inter
1764 288 1950 330 sponsos
1992 276 2167 320 habita.

292 351 410 405 Quin
457 352 594 395 etiam
629 352 711 393 1100
742 349 896 392 eodem
933 348 1125 402 decreto,
1179 361 1265 402 quo
1318 347 1568 402 abrogat-ur
1610 348 1831 404 obligatio
1883 350 2167 405 exprimendi

289 427 511 469 incestum
535 425 838 477 commissum,
862 422 1112 477 abrogatur
1135 422 1272 465 etiam
1299 421 1522 476 obligatio
1546 423 1829 478 exprimendi
1846 423 2167 481 intentionem,

295 500 331 542 si
367 499 582 553 adfuerit,
617 512 695 553 per
727 498 856 540 illum
891 497 1075 540 facilius
1109 495 1345 539 obtinendi
1381 495 1821 552 dispensationem¹).
1886 498 1988 541 Ideo
2013 499 2166 554 sponsi

290 573 613 628 consanguinei
647 572 695 615 in
729 571 936 615 examine
970 584 1235 625 sponsorum
1272 570 1325 613 de
1357 569 1535 613 incestu
1567 571 1690 614 inter
1733 584 1779 614 se
1821 571 1979 615 habito
2023 580 2068 615 et
2115 574 2168 617 de

289 648 543 691 intentione
576 661 654 702 per
686 660 787 690 eum
820 645 1004 688 facilius
1038 643 1273 687 obtinendi
1309 643 1695 698 dispensationem
1729 645 2046 700 interrogandi
2078 661 2168 690 non

291 728 417 774 sunt;
454 723 611 778 quodsi
647 722 849 765 incestus
882 721 1004 763 inter
1037 720 1158 775 ipsos
1192 719 1379 761 habitus
1402 719 1598 762 evaserit
1623 720 1831 775 publicus
1849 721 1921 764 vel
1944 721 1983 764 si
2008 728 2169 776 sponte

289 797 344 840 ab
377 798 439 841 eis
472 797 718 853 aperiatur,
767 797 875 838 haec
921 793 1268 838 circumstantia
1315 793 1363 836 in
1410 793 1564 837 libello
1613 795 1808 849 supplici
1855 796 2049 839 indicari
2097 797 2169 839 vel

291 872 429 915 etiam
464 871 617 913 omitti
652 876 817 925 potest.
882 871 951 912 Ex
969 869 1072 912 aliis
1097 875 1254 911 tamen
1276 868 1531 911 rationibus
1553 869 1857 912 necessarium
1882 883 1977 913 esse
1999 874 2167 925 potest,

288 952 342 989 ut
374 946 607 989 inlibello
641 945 834 1000 supplici
870 945 1124 987 declaretur
1156 943 1357 985 incestus
1390 957 1417 986 a
1450 943 1627 998 sponsis
1661 943 1926 988 commissus
1960 958 1994 991 e.
2030 959 2074 1000 g.
2109 946 2166 989 ad

288 1021 641 1075 legitimandam
677 1020 845 1074 prolem
882 1032 937 1061 ex
968 1018 1146 1061 incestu
1178 1024 1450 1072 susceptam.

439 1140 568 1183 Nota
606 1139 649 1183 2.
715 1139 904 1181 Schema
945 1137 1283 1193 yenenloffleum
1327 1136 1678 1190 (Stammbaum)
1722 1150 1776 1179 ex
1818 1142 1948 1192 parte
1991 1152 2171 1194 congre·

291 1214 527 1270 gationum
562 1228 651 1257 non
684 1212 945 1268 requiritur,
979 1212 1026 1255 in
1061 1211 1220 1255 multis
1254 1217 1410 1254 tamen
1444 1211 1718 1254 dioecesibus
1743 1216 1973 1255 statutum
2000 1217 2084 1268 est,
2117 1217 2170 1256 ut

293 1288 613 1344 supplicationi
645 1288 693 1330 in
727 1290 935 1342 separato
967 1286 1078 1329 folio
1112 1286 1324 1329 addatur.

438 1378 486 1431 3.
537 1376 742 1430 Causae
781 1377 1221 1447 dispensationis.
1303 1375 1638 1445 Supremum
1681 1376 1786 1427 hac
1830 1379 1885 1427 in
1927 1396 1984 1428 re
2027 1380 2170 1446 prin-

293 1468 499 1536 cipium
531 1467 634 1518 hoc
677 1474 787 1518 est:
830 1468 1149 1536 „expressio
1194 1474 1247 1517 et
1276 1466 1581 1517 verificatio
1613 1462 1905 1517 causarum
1936 1468 2173 1535 pertinet

291 1556 360 1608 ad
404 1555 767 1608 substantiam
813 1556 1302 1624 dispensationiS.“

439 1675 479 1703 a.
513 1661 702 1704 Necesse
733 1674 823 1704 non
856 1666 941 1714 est,
973 1665 1027 1703 ut
1071 1673 1224 1703 omnes
1269 1673 1429 1703 causae
1475 1659 1851 1714 dispensationis,
1896 1673 2009 1714 quae
2052 1662 2173 1704 forte

291 1736 510 1790 existunt,
543 1737 819 1778 afferantur:
869 1735 945 1778 sed
979 1734 1185 1789 pluribus
1234 1734 1539 1778 existentibus
1587 1735 1846 1778 afferendae
1894 1748 1974 1789 pro
2021 1734 2173 1778 lubitu

291 1810 400 1866 eligi
454 1816 660 1865 possunt,
713 1810 844 1852 modo
899 1809 1097 1852 veritate
1149 1809 1374 1852 nitantur.
1439 1809 1652 1852 Praestat
1695 1815 1875 1863 tamen,
1932 1809 1969 1852 si
2002 1810 2175 1864 adsint,

294 1886 443 1940 plures
476 1887 653 1939 afferre,
686 1891 739 1927 ut
773 1884 936 1927 certior
968 1883 1028 1926 sit
1063 1883 1414 1938 supplicationis
1448 1885 1653 1927 effectus.

439 1960 476 2002 b.
510 1959 635 2003 Nihil
668 1958 878 2014 impedit,
928 1958 1169 2013 quominus
1222 1959 1269 2000 111
1323 1958 1476 2001 libello
1532 1958 1727 2014 supplici
1783 1965 1963 2014 praeter
2015 1972 2173 2002 causas

291 2034 526 2078 canonicas
560 2035 699 2077 etiam
733 2033 851 2077 aliae
882 2033 1230 2076 non-canonicae
1272 2035 1541 2088 afferantur,
1591 2033 1754 2088 quibus
1795 2033 2034 2077 canonicae
2078 2047 2175 2077 con-
2216 2076 2218 2079 .

292 2111 544 2153 firmentur.

440 2198 472 2227 c.
509 2183 785 2238 Quandoque
821 2183 1101 2238 dispensatio
1136 2183 1317 2226 concedi
1353 2182 1523 2225 dicitur
1554 2183 1654 2226 sine
1687 2196 1842 2230 cansa,
1876 2183 1994 2237 quod
2037 2183 2175 2238 signi-

292 2260 403 2301 ficat
437 2257 819 2313 dispensationem
854 2257 1036 2300 concedi
1061 2258 1157 2301 sine
1180 2271 1315 2301 causa
1338 2257 1553 2301 canonica
1577 2263 1660 2300 aut
1682 2257 1778 2300 sine
1802 2270 1936 2300 causa
1967 2270 2175 2312 expresse

292 2334 506 2388 allegata.
571 2333 625 2376 In
658 2334 740 2376 1100
772 2346 878 2376 03511
911 2333 1166 2376 oratoribus
1200 2332 1327 2387 pium
1362 2346 1473 2388 opus
1507 2340 1589 2376 aut
1621 2333 1793 2388 largior
1825 2333 2109 2386 eleemosyna
2126 2332 2175 2375 in

294 2408 705 2462 compensationem
738 2407 1006 2462 imponitur,
1039 2407 1149 2450 adeo
1182 2413 1234 2450 ut
1280 2407 1445 2450 bonum
1489 2407 1715 2462 ecclesiae,
1760 2407 1876 2462 quod
1916 2407 1996 2450 1110
2044 2420 2176 2462 opere

293 2487 597 2538 promovetur,
630 2483 691 2525 sit
724 2496 860 2526 causa
894 2482 1201 2537 dispensandi.

440 2574 489 2626 4.
535 2572 716 2624 Status
745 2573 1007 2643 fortunae
1049 2582 1336 2636 oratorum,
1395 2581 1453 2623 ut
1495 2581 1625 2623 taxa
1683 2571 1949 2624 solvenda
1999 2571 2169 2623 deter-

293 2664 491 2713 minari
551 2664 736 2732 possit,
804 2662 891 2713 vel
952 2672 1011 2713 ut
1072 2663 1431 2732 dispensatio,
1494 2663 1539 2713 si
1601 2669 1842 2713 oratores
1903 2681 2174 2731 pauperes

295 2753 419 2819 sint7
461 2754 632 2820 gratis
674 2752 1024 2805 concedatur.
1107 2752 1254 2804 Usus
1296 2759 1480 2803 tamen
1540 2751 1827 2803 indicandi
1881 2751 2031 2803 hunc
2073 2760 2174 2803 sta-

294 2850 410 2892 tum
453 2843 508 2892 in
567 2841 801 2893 diversis
853 2840 1175 2911 regionibus
1218 2841 1471 2893 diversus
1525 2849 1620 2894 est.
1705 2840 1919 2906 Quodsi
1961 2841 2175 2910 dispen—

295 2933 430 2982 satio
473 2933 676 2999 petitur
717 2931 786 2983 ab
830 2931 1229 3000 impedimento
1273 2931 1505 2999 occulto,
1549 2949 1660 2983 non
1697 2931 1976 2983 indicatur
2002 2938 2175 2982 status

296 3019 564 3084 fortunae,
608 3023 737 3089 quia
780 3023 837 3072 in
878 3021 984 3072 hoc
1027 3040 1156 3072 casu
1197 3030 1330 3072 taxa
1371 3040 1483 3073 non
1526 3023 1842 3091 imponitur.

444 3138 485 3167 a.
519 3124 651 3167 quta
686 3125 861 3179 praxim
897 3125 1196 3169 tribunalium
1247 3139 1536 3168 romanorum
1587 3139 1690 3168 sere
1733 3138 1963 3181 pauperes
2009 3137 2099 3167 non
2140 3123 2175 3166 ii

298 3204 529 3253 vocantur,
564 3199 639 3252 qui
672 3199 822 3243 labore
856 3213 1072 3243 manuum
1106 3201 1178 3243 vel
1211 3200 1441 3243 industria
1474 3200 1660 3243 vivunt:
1696 3200 1743 3243 hi
1777 3199 1959 3255 proprio
1991 3198 2174 3242 nomine

295 3273 583 3316 miserabiles
616 3273 843 3328 dicuntur,
877 3275 954 3317 sed
987 3275 1072 3329 illi,
1117 3288 1304 3330 quorum
1348 3275 1463 3318 bona
1508 3274 1726 3318 detractis
1769 3273 1935 3318 debitis
1978 3273 2173 3328 aliisque

295 3348 504 3391 oneribus
536 3361 626 3391 non
658 3349 855 3391 multum
889 3349 1111 3392 excedunt
1147 3350 1237 3392 tria
1270 3349 1416 3392 millia
1463 3349 1613 3403 (300οἿ
1651 3351 1933 3401 francorum;
1983 3351 2028 3391 et
2064 3349 2177 3404 fere

450 3512 479 3564 1>
513 3512 556 3554 5.
596 3513 803 3569 Officimn
839 3515 908 3555 18.
943 3522 1075 3556 mart.
1113 3513 1241 3557 1891.
