2269 3898
634 123 701 165 De
732 121 1074 177 impedimentis
1105 120 1400 164 matrimonii.
1905 123 1960 165 65

233 257 282 308 3.
327 256 384 309 Si
437 255 898 324 impedimentum
953 254 1310 323 dispensabile
1365 262 1459 320 est,
1516 262 1568 305 et
1609 256 1755 306 adiri
1790 264 1961 325 potest

84 347 373 416 episcopua,
429 343 719 396 adeundus
760 352 855 409 est,
916 352 976 393 ut
1015 344 1130 411 ipse
1188 343 1499 412 dispenset:
1557 362 1626 394 ex
1680 345 1959 395 communi

85 436 230 486 enim
282 435 550 485 sententia
609 435 664 484 in
722 434 827 483 hoc
887 450 1016 482 casu
1074 433 1364 501 episcopus
1422 432 1490 484 ab
1549 433 1961 502 impedimentis

88 525 222 574 iuris
263 522 619 574 ecclesiastici
665 521 983 590 dispensare
1026 528 1218 590 potest.

232 628 282 679 4.
327 625 381 677 Si
426 626 571 677 adiri
614 626 789 693 nequit
831 626 1105 693 episcopus
1158 631 1209 674 et
1262 624 1424 675 ambo
1476 625 1862 676 contrahentes
1904 628 1962 676 in

85 716 348 784 bonafide
390 724 514 766 sunt
555 716 672 783 (qui
715 715 934 783 proprie
977 723 1057 764 est
1099 732 1257 764 casus
1287 713 1638 783 perplexus):
1685 734 1730 767 α.
1773 733 1956 766 secun-

84 805 215 856 dum
258 804 392 855 alios
447 802 721 872 parochus
778 802 866 853 vel
909 803 1273 853 confessarius
1326 802 1606 853 declarare
1649 811 1825 870 potest
1867 806 1959 854 im-

84 894 463 963 pedimentum
520 894 575 943 in
617 891 721 943 hoc
764 909 894 942 casu
945 909 1174 957 cessare,
1232 891 1573 961 proindeque
1615 892 1962 944 admittenda

84 990 161 1034 est
205 983 541 1034 matrimonii
586 980 962 1047 celebratio¹)3
1023 981 1065 1034 b.
1112 981 1417 1032 seeundum
1460 981 1595 1032 alios
1636 999 1766 1032 vero
1811 1000 1960 1050 paro-

86 1071 221 1123 chus
281 1072 368 1123 vel
424 1071 788 1122 confessarius
851 1089 1018 1121 unam
1077 1070 1164 1121 vel
1220 1079 1511 1140 utramque
1573 1079 1784 1138 partem
1843 1075 1961 1139 (pro

84 1162 396 1230 cognitione
454 1160 862 1229 impedimenti)
923 1177 1142 1211 monere
1203 1159 1380 1226 debet,
1437 1169 1497 1210 ut
1549 1159 1674 1210 ficte
1729 1159 1818 1210 vel
1860 1160 1960 1211 sub

84 1250 409 1302 condicione
434 1249 768 1301 obtinendae
813 1248 1241 1318 dispensationis
1286 1249 1650 1314 consentiant,
1695 1250 1825 1318 quia
1867 1250 1959 1300 im-

82 1339 462 1409 pedimentum
506 1358 614 1389 non
659 1346 864 1403 cessat3
929 1339 1147 1389 interim
1190 1356 1322 1389 vero
1366 1358 1396 1389 a
1441 1338 1675 1406 petendo
1719 1338 1806 1389 vel
1846 1339 1959 1390 red-

87 1428 267 1480 dendo
311 1428 495 1479 debito
538 1428 868 1479 abstineant.

236 1548 274 1575 α.
309 1533 362 1574 In
399 1532 510 1575 bona
538 1532 634 1589 fide
668 1537 908 1575 censentur
941 1544 1035 1574 esse
1067 1545 1156 1573 non
1200 1532 1343 1573 solum
1387 1531 1616 1585 coniuges,
1655 1531 1730 1585 qui
1778 1531 1963 1586 impedi-

83 1613 287 1650 mentum
321 1607 554 1662 ignorant,
599 1607 675 1649 sed
719 1606 857 1649 etiam
900 1605 1127 1660 coniuges,
1169 1605 1245 1660 qui
1289 1605 1405 1647 illud
1447 1609 1722 1659 cognoscunt
1767 1604 1963 1659 quidem,

83 1682 159 1725 sed
192 1695 280 1724 non
313 1681 413 1724 ideo
447 1681 665 1735 celarunt,
698 1690 752 1723 nt
786 1694 938 1723 casum
983 1679 1246 1734 perplexum
1291 1679 1557 1722 inducerent
1599 1684 1644 1722 et
1687 1679 1749 1722 sic
1792 1680 1964 1734 dispen-

85 1756 307 1800 sationem
343 1755 470 1810 quasi
505 1759 839 1810 extorquerent.
907 1754 1034 1807 Quod
1079 1754 1293 1809 coniuges
1335 1753 1429 1796 sint
1470 1754 1518 1796 in
1561 1755 1682 1797 mala
1723 1754 1813 1797 fide
1852 1754 1880 1797 i.
1928 1768 1962 1797 e.

84 1831 141 1874 ad
177 1830 532 1885 extorquendam
567 1830 713 1873 veluti
749 1829 1133 1884 dispensationem
1168 1828 1547 1883 impedimentum
1582 1828 1843 1882 celaverint,
1878 1828 1966 1872 erit

86 1919 214 1948 casus
247 1905 522 1959 rarissimus,
566 1905 601 1947 si
649 1911 803 1947 tamen
849 1904 1058 1958 occurrit,
1107 1903 1487 1957 impedimentum
1527 1916 1617 1945 non
1658 1906 1817 1956 cessat,
1861 1903 1968 1956 quia

86 1980 257 2023 nemini
289 1982 416 2023 fraus
451 1992 531 2022 sua
567 1977 845 2034 patrocinari
881 1977 1027 2031 debet,
1061 1976 1338 2032 proindeque
1369 1990 1459 2019 non
1482 1980 1642 2031 restat,
1673 1977 1762 2020 nisi
1785 1981 1836 2019 ut
1860 1978 1968 2019 ficte

85 2055 155 2097 vel
191 2054 502 2098 condicionate
537 2054 823 2096 contrahant.

238 2138 275 2185 A3.
312 2136 355 2179 Si
391 2135 521 2178 ambo
556 2136 879 2179 contrahentes
920 2134 1298 2189 impedimentum
1342 2133 1573 2188 ignorant,
1618 2133 1830 2188 dispiciat
1872 2146 1967 2175 con-

84 2211 316 2261 fessarius,
364 2224 472 2253 num
523 2215 727 2265 praestet
778 2209 945 2253 omissa
993 2208 1243 2252 monitione
1292 2208 1572 2251 matrimonii
1621 2207 1966 2250 celebrationem

84 2285 343 2329 admittere.
407 2286 461 2328 In
513 2285 742 2328 sententia
791 2298 958 2338 eorum,
1008 2283 1083 2338 qui
1132 2283 1512 2337 impedimentum
1563 2295 1732 2325 cessare
1780 2287 1968 2337 negant,

84 2360 278 2404 habetur
310 2359 654 2402 matrimonium
689 2358 973 2414 putativum,
1008 2371 1144 2412 quare
1177 2357 1344 2412 sponsi,
1379 2356 1454 2410 qui
1488 2369 1537 2399 eo
1560 2360 1770 2409 utuntur,
1805 2356 1966 2398 saltem

82 2434 339 2478 formaliter
370 2448 459 2477 non
493 2440 694 2489 peccant.

234 2529 274 2566 γ.
307 2515 361 2557 In
393 2521 585 2569 utroque
619 2528 725 2557 casu
757 2514 869 2567 (sive
901 2513 1280 2568 impedimentum
1317 2525 1488 2555 cessare
1521 2511 1617 2555 sive
1663 2526 1752 2554 non
1797 2524 1969 2554 cessare

86 2589 272 2638 dicitur)
303 2593 460 2645 postea
493 2590 690 2644 petenda
726 2595 796 2632 est
830 2588 1133 2643 dispensati0;
1169 2587 1217 2629 in
1251 2587 1398 2641 priore
1421 2586 1603 2641 quidem
1636 2587 1694 2629 ad
1729 2586 1968 2640 cautelam,

86 2665 134 2708 in
169 2664 415 2719 posteriore
447 2677 567 2719 vero,
611 2663 718 2718 quia
766 2663 1109 2706 matrimonium
1158 2662 1360 2705 nondum
1409 2661 1548 2715 valet,
1597 2674 1734 2715 quare
1782 2660 1970 2703 obtenta

87 2738 425 2794 dispensatione
456 2739 663 2781 renovari
700 2738 833 2781 debet
866 2735 1159 2791 consensus'2).

236 2873 385 2917 Nota.
449 2871 596 2915 Hodie
629 2871 776 2915 minor
809 2876 878 2915 est
911 2871 1046 2915 huius
1078 2870 1142 2914 rei
1163 2870 1432 2924 difficultas,
1467 2869 1574 2924 quia
1592 2868 1814 2923 episcopis
1831 2868 1970 2922 (inter

86 2947 444 3002 quinquennales
491 2961 534 2989 n.
580 2947 649 2988 11.
696 2947 768 3000 12)
808 2945 1070 2989 conceditur
1110 2945 1309 2987 facultas
1355 2943 1647 2999 dispensandi
1691 2943 1740 2986 in
1782 2942 1968 2997 impedi-

86 3029 240 3065 mento
273 3021 524 3064 affinitatis
558 3034 611 3064 ex
646 3021 806 3075 copula
838 3020 1005 3063 illicita
1039 3019 1422 3074 dispensandique
1453 3019 1725 3061 facultatem
1771 3017 1968 3060 subdele-

86 3097 228 3152 gandi
262 3096 401 3140 etiam
436 3095 738 3138 habitualiter
771 3094 978 3150 parochis
1002 3094 1211 3149 propriae
1245 3094 1476 3136 dioecesis.
1542 3093 1652 3136 Cum
1676 3091 1969 3147 impedimen-

89 3179 186 3214 tum
220 3171 437 3214 inducens
471 3184 623 3213 casum
658 3171 923 3225 perplexum
961 3170 1227 3225 plerumque
1260 3168 1323 3211 sit
1356 3167 1565 3211 affinitas
1598 3180 1652 3209 ex
1686 3166 1845 3221 copula
1886 3165 1969 3207 illi-

241 3335 272 3389 1)
303 3335 351 3380 S.
389 3335 647 3390 Alplzonsus
678 3335 706 3376 1.
742 3335 782 3377 6.
815 3348 859 3378 n.
895 3334 995 3377 613.

245 3407 275 3462 ²)
307 3410 374 3453 Cf.
426 3407 910 3452 Ballem'ni-Palmieri
940 3407 1018 3450 VI.
1068 3421 1110 3449 n.
1161 3406 1261 3449 976.
1327 3405 1558 3461 Gasparri
1601 3405 1636 3446 Ι.
1685 3418 1727 3446 n.
1779 3403 1862 3445 767
1913 3416 1969 3445 ss.

92 3483 408 3539 Sclneiteerp.
446 3484 544 3525 127.
609 3482 801 3525 Lez'z‘ner
833 3496 876 3538 p.
911 3481 997 3525 506
1031 3495 1087 3525 ss.

183 3574 377 3614 Noldin‚
404 3575 461 3604 De
486 3574 742 3604 matrimonio.
1763 3566 1788 3591 s)
