<?xml version="1.0" encoding="UTF-8"?>
<!DOCTYPE html PUBLIC "-//W3C//DTD XHTML 1.0 Transitional//EN"
    "http://www.w3.org/TR/xhtml1/DTD/xhtml1-transitional.dtd">
<html xmlns="http://www.w3.org/1999/xhtml" xml:lang="en" lang="en">
 <head>
  <title>
</title>
<meta http-equiv="Content-Type" content="text/html;charset=utf-8" />
  <meta name='ocr-system' content='tesseract 3.04.00' />
  <meta name='ocr-capabilities' content='ocr_page ocr_carea ocr_par ocr_line ocrx_word'/>
</head>
<body>
  <div class='ocr_page' id='page_1' title='image "./summatheologiaem00nold_0019.png"; bbox 0 0 2301 3962; ppageno 0'>
   <div class='ocr_carea' id='block_1_1' title="bbox 610 245 1955 301">
    <p class='ocr_par' dir='ltr' id='par_1_1' title="bbox 610 245 1955 301">
     <span class='ocr_line' id='line_1_1' title="bbox 610 245 1955 301; baseline 0.001 -12"><span class='ocrx_word' id='word_1_1' title='bbox 610 248 676 290; x_wconf 91' lang='lat' dir='ltr'>De</span> <span class='ocrx_word' id='word_1_2' title='bbox 708 245 913 289; x_wconf 78' lang='lat' dir='ltr'>fontibus</span> <span class='ocrx_word' id='word_1_3' title='bbox 945 247 1201 301; x_wconf 77' lang='lat' dir='ltr'>theologiae</span> <span class='ocrx_word' id='word_1_4' title='bbox 1233 248 1429 290; x_wconf 90' lang='lat' dir='ltr'>moralis.</span> <span class='ocrx_word' id='word_1_5' title='bbox 1473 270 1478 274; x_wconf 94' lang='lat'><em>-</em></span> <span class='ocrx_word' id='word_1_6' title='bbox 1929 249 1955 291; x_wconf 77' lang='lat'>9</span> 
     </span>
    </p>
   </div>
   <div class='ocr_carea' id='block_1_2' title="bbox 88 379 1954 1069">
    <p class='ocr_par' dir='ltr' id='par_1_2' title="bbox 91 379 1954 536">
     <span class='ocr_line' id='line_1_2' title="bbox 91 379 1954 449; baseline 0.002 -19"><span class='ocrx_word' id='word_1_7' title='bbox 91 387 482 449; x_wconf 65' lang='lat' dir='ltr'>aut‘expresse</span> <span class='ocrx_word' id='word_1_8' title='bbox 523 381 794 445; x_wconf 79' lang='lat' dir='ltr'>statuitur,</span> <span class='ocrx_word' id='word_1_9' title='bbox 847 379 977 447; x_wconf 94' lang='lat' dir='ltr'>quid</span> <span class='ocrx_word' id='word_1_10' title='bbox 1029 381 1084 430; x_wconf 92' lang='lat' dir='ltr'>in</span> <span class='ocrx_word' id='word_1_11' title='bbox 1127 380 1502 431; x_wconf 81' lang='lat' dir='ltr'>determinatis</span> <span class='ocrx_word' id='word_1_12' title='bbox 1555 379 1718 432; x_wconf 91' lang='lat' dir='ltr'>rebus</span> <span class='ocrx_word' id='word_1_13' title='bbox 1771 389 1954 433; x_wconf 91' lang='lat' dir='ltr'>tenen-</span> 
     </span>
     <span class='ocr_line' id='line_1_3' title="bbox 93 466 913 536; baseline 0.002 -18"><span class='ocrx_word' id='word_1_14' title='bbox 93 467 242 534; x_wconf 79' lang='lat' dir='ltr'>dum,</span> <span class='ocrx_word' id='word_1_15' title='bbox 287 467 419 536; x_wconf 89' lang='lat' dir='ltr'>quid</span> <span class='ocrx_word' id='word_1_16' title='bbox 460 467 735 535; x_wconf 87' lang='lat' dir='ltr'>agendum</span> <span class='ocrx_word' id='word_1_17' title='bbox 779 466 913 533; x_wconf 71' lang='lat' dir='ltr'>sitl).</span> 
     </span>
    </p>

    <p class='ocr_par' dir='ltr' id='par_1_3' title="bbox 88 569 1954 1069">
     <span class='ocr_line' id='line_1_4' title="bbox 237 569 1954 625; baseline 0.001 -12"><span class='ocrx_word' id='word_1_18' title='bbox 237 571 306 613; x_wconf 83' lang='lat' dir='ltr'>Ex</span> <span class='ocrx_word' id='word_1_19' title='bbox 326 570 714 625; x_wconf 76' lang='lat' dir='ltr'><em>propositionibus</em></span> <span class='ocrx_word' id='word_1_20' title='bbox 746 569 976 611; x_wconf 80' lang='lat' dir='ltr'>damnatis</span> <span class='ocrx_word' id='word_1_21' title='bbox 1009 569 1177 612; x_wconf 76' lang='lat' dir='ltr'>directe</span> <span class='ocrx_word' id='word_1_22' title='bbox 1225 574 1269 612; x_wconf 88' lang='lat' dir='ltr'>et</span> <span class='ocrx_word' id='word_1_23' title='bbox 1302 570 1569 614; x_wconf 80' lang='lat' dir='ltr'>immediate</span> <span class='ocrx_word' id='word_1_24' title='bbox 1602 571 1782 625; x_wconf 87' lang='lat' dir='ltr'>quidem</span> <span class='ocrx_word' id='word_1_25' title='bbox 1834 585 1954 615; x_wconf 89' lang='lat' dir='ltr'>error</span> 
     </span>
     <span class='ocr_line' id='line_1_5' title="bbox 89 643 1954 699; baseline 0.002 -13"><span class='ocrx_word' id='word_1_26' title='bbox 89 644 384 699; x_wconf 86' lang='lat' dir='ltr'>proscriptus,</span> <span class='ocrx_word' id='word_1_27' title='bbox 418 644 638 687; x_wconf 84' lang='lat' dir='ltr'>indirecte</span> <span class='ocrx_word' id='word_1_28' title='bbox 671 648 715 686; x_wconf 88' lang='lat' dir='ltr'>et</span> <span class='ocrx_word' id='word_1_29' title='bbox 739 643 937 686; x_wconf 87' lang='lat' dir='ltr'>mediate</span> <span class='ocrx_word' id='word_1_30' title='bbox 960 647 1113 686; x_wconf 90' lang='lat' dir='ltr'>autem</span> <span class='ocrx_word' id='word_1_31' title='bbox 1148 643 1282 686; x_wconf 87' lang='lat' dir='ltr'>simul</span> <span class='ocrx_word' id='word_1_32' title='bbox 1315 644 1454 687; x_wconf 86' lang='lat' dir='ltr'>etiam</span> <span class='ocrx_word' id='word_1_33' title='bbox 1479 646 1649 688; x_wconf 68' lang='lat' dir='ltr'>veritas</span> <span class='ocrx_word' id='word_1_34' title='bbox 1682 646 1736 688; x_wconf 87' lang='lat' dir='ltr'>ab</span> <span class='ocrx_word' id='word_1_35' title='bbox 1771 646 1954 690; x_wconf 85' lang='lat' dir='ltr'>ecclesia</span> 
     </span>
     <span class='ocr_line' id='line_1_6' title="bbox 90 717 1953 774; baseline 0.002 -15"><span class='ocrx_word' id='word_1_36' title='bbox 90 717 281 760; x_wconf 87' lang='lat' dir='ltr'>definita</span> <span class='ocrx_word' id='word_1_37' title='bbox 314 718 624 772; x_wconf 81' lang='lat' dir='ltr'>cognoscitur:</span> <span class='ocrx_word' id='word_1_38' title='bbox 675 718 756 760; x_wconf 89' lang='lat' dir='ltr'>hoc</span> <span class='ocrx_word' id='word_1_39' title='bbox 804 717 901 772; x_wconf 88' lang='lat' dir='ltr'>ipso</span> <span class='ocrx_word' id='word_1_40' title='bbox 936 717 1054 760; x_wconf 90' lang='lat' dir='ltr'>enim</span> <span class='ocrx_word' id='word_1_41' title='bbox 1105 718 1221 771; x_wconf 89' lang='lat' dir='ltr'>quod</span> <span class='ocrx_word' id='word_1_42' title='bbox 1269 718 1475 761; x_wconf 84' lang='lat' dir='ltr'>reiicitur</span> <span class='ocrx_word' id='word_1_43' title='bbox 1523 732 1656 773; x_wconf 88' lang='lat' dir='ltr'>error,</span> <span class='ocrx_word' id='word_1_44' title='bbox 1706 720 1953 774; x_wconf 75' lang='lat' dir='ltr'>propositio</span> 
     </span>
     <span class='ocr_line' id='line_1_7' title="bbox 88 791 1950 846; baseline 0.001 -12"><span class='ocrx_word' id='word_1_45' title='bbox 88 792 437 834; x_wconf 78' lang='lat' dir='ltr'>contradictorie</span> <span class='ocrx_word' id='word_1_46' title='bbox 472 792 680 846; x_wconf 89' lang='lat' dir='ltr'>opposita</span> <span class='ocrx_word' id='word_1_47' title='bbox 714 791 938 834; x_wconf 87' lang='lat' dir='ltr'>statuitur</span> <span class='ocrx_word' id='word_1_48' title='bbox 972 804 1104 841; x_wconf 81' lang='lat' dir='ltr'>vera‚·</span> <span class='ocrx_word' id='word_1_49' title='bbox 1141 795 1186 833; x_wconf 91' lang='lat' dir='ltr'>et</span> <span class='ocrx_word' id='word_1_50' title='bbox 1219 791 1431 845; x_wconf 87' lang='lat' dir='ltr'>quoniam</span> <span class='ocrx_word' id='word_1_51' title='bbox 1465 792 1796 846; x_wconf 76' lang='lat' dir='ltr'>propositiones</span> <span class='ocrx_word' id='word_1_52' title='bbox 1833 794 1950 836; x_wconf 89' lang='lat' dir='ltr'>dam-</span> 
     </span>
     <span class='ocr_line' id='line_1_8' title="bbox 88 864 1954 921; baseline 0.001 -13"><span class='ocrx_word' id='word_1_53' title='bbox 88 870 225 908; x_wconf 83' lang='lat' dir='ltr'>natae</span> <span class='ocrx_word' id='word_1_54' title='bbox 256 865 566 909; x_wconf 80' lang='lat' dir='ltr'>infallibiliter</span> <span class='ocrx_word' id='word_1_55' title='bbox 596 867 741 909; x_wconf 73' lang='lat' dir='ltr'>falsae</span> <span class='ocrx_word' id='word_1_56' title='bbox 791 869 912 919; x_wconf 87' lang='lat' dir='ltr'>sunt,</span> <span class='ocrx_word' id='word_1_57' title='bbox 960 868 1079 908; x_wconf 86' lang='lat' dir='ltr'>recte</span> <span class='ocrx_word' id='word_1_58' title='bbox 1126 864 1324 908; x_wconf 77' lang='lat' dir='ltr'>infertur</span> <span class='ocrx_word' id='word_1_59' title='bbox 1357 866 1689 920; x_wconf 89' lang='lat' dir='ltr'>propositiones</span> <span class='ocrx_word' id='word_1_60' title='bbox 1724 867 1954 921; x_wconf 86' lang='lat' dir='ltr'>oppositas</span> 
     </span>
     <span class='ocr_line' id='line_1_9' title="bbox 88 930 1952 995; baseline 0.001 -14"><span class='ocrx_word' id='word_1_61' title='bbox 88 939 395 995; x_wconf 75' lang='lat' dir='ltr'>infallibiliter</span> <span class='ocrx_word' id='word_1_62' title='bbox 428 930 560 982; x_wconf 65' lang='lat' dir='ltr'>verns</span> <span class='ocrx_word' id='word_1_63' title='bbox 593 939 742 993; x_wconf 73' lang='lat' dir='ltr'>esse2).</span> <span class='ocrx_word' id='word_1_64' title='bbox 806 938 1172 993; x_wconf 88' lang='lat' dir='ltr'>Propositionum</span> <span class='ocrx_word' id='word_1_65' title='bbox 1208 939 1542 992; x_wconf 84' lang='lat' dir='ltr'>damnatarum,</span> <span class='ocrx_word' id='word_1_66' title='bbox 1593 954 1705 995; x_wconf 89' lang='lat' dir='ltr'>qnae</span> <span class='ocrx_word' id='word_1_67' title='bbox 1756 941 1812 983; x_wconf 87' lang='lat' dir='ltr'>ad</span> <span class='ocrx_word' id='word_1_68' title='bbox 1860 954 1952 983; x_wconf 85' lang='lat' dir='ltr'>rem</span> 
     </span>
     <span class='ocr_line' id='line_1_10' title="bbox 91 1013 1166 1069; baseline -0.001 -13"><span class='ocrx_word' id='word_1_69' title='bbox 91 1014 308 1057; x_wconf 89' lang='lat' dir='ltr'>moralem</span> <span class='ocrx_word' id='word_1_70' title='bbox 344 1014 589 1069; x_wconf 88' lang='lat' dir='ltr'>pertinent,</span> <span class='ocrx_word' id='word_1_71' title='bbox 623 1015 707 1058; x_wconf 89' lang='lat' dir='ltr'>hae</span> <span class='ocrx_word' id='word_1_72' title='bbox 739 1013 1007 1068; x_wconf 86' lang='lat' dir='ltr'>praecipuae</span> <span class='ocrx_word' id='word_1_73' title='bbox 1040 1017 1166 1055; x_wconf 85' lang='lat' dir='ltr'>sunt:</span> 
     </span>
    </p>
   </div>
   <div class='ocr_carea' id='block_1_3' title="bbox 236 1101 1954 1158">
    <p class='ocr_par' dir='ltr' id='par_1_4' title="bbox 236 1101 1954 1158">
     <span class='ocr_line' id='line_1_11' title="bbox 236 1101 1954 1158; baseline 0.001 -13"><span class='ocrx_word' id='word_1_74' title='bbox 236 1117 277 1145; x_wconf 83' lang='grc' dir='ltr'>α.</span> <span class='ocrx_word' id='word_1_75' title='bbox 311 1102 647 1158; x_wconf 87' lang='lat' dir='ltr'>Propositiones</span> <span class='ocrx_word' id='word_1_76' title='bbox 680 1102 736 1144; x_wconf 77' lang='lat'>28</span> <span class='ocrx_word' id='word_1_77' title='bbox 770 1101 825 1145; x_wconf 90' lang='lat' dir='ltr'>ab</span> <span class='ocrx_word' id='word_1_78' title='bbox 859 1101 1125 1144; x_wconf 78' lang='lat' dir='ltr'>Alexandro</span> <span class='ocrx_word' id='word_1_79' title='bbox 1172 1102 1265 1148; x_wconf 63' lang='lat' dir='ltr'>VII.</span> <span class='ocrx_word' id='word_1_80' title='bbox 1307 1101 1376 1147; x_wconf 77' lang='lat'>24.</span> <span class='ocrx_word' id='word_1_81' title='bbox 1412 1108 1525 1157; x_wconf 87' lang='lat' dir='ltr'>sept.</span> <span class='ocrx_word' id='word_1_82' title='bbox 1562 1103 1675 1146; x_wconf 74' lang='lat'>1665</span> <span class='ocrx_word' id='word_1_83' title='bbox 1711 1104 1954 1146; x_wconf 86' lang='lat' dir='ltr'>damnatae</span> 
     </span>
    </p>
   </div>
   <div class='ocr_carea' id='block_1_4' title="bbox 85 1175 1953 1821">
    <p class='ocr_par' dir='ltr' id='par_1_5' title="bbox 87 1175 1106 1231">
     <span class='ocr_line' id='line_1_12' title="bbox 87 1175 1106 1231; baseline -0.001 -12"><span class='ocrx_word' id='word_1_84' title='bbox 87 1181 141 1219; x_wconf 87' lang='lat' dir='ltr'>ut</span> <span class='ocrx_word' id='word_1_85' title='bbox 174 1177 463 1220; x_wconf 87' lang='lat' dir='ltr'>scandalosae</span> <span class='ocrx_word' id='word_1_86' title='bbox 495 1182 541 1219; x_wconf 90' lang='lat' dir='ltr'>et</span> <span class='ocrx_word' id='word_1_87' title='bbox 573 1176 849 1231; x_wconf 85' lang='lat' dir='ltr'>perniciosae</span> <span class='ocrx_word' id='word_1_88' title='bbox 880 1176 930 1219; x_wconf 92' lang='lat' dir='ltr'>in</span> <span class='ocrx_word' id='word_1_89' title='bbox 963 1175 1106 1230; x_wconf 83' lang='lat' dir='ltr'>praxi.</span> 
     </span>
    </p>

    <p class='ocr_par' dir='ltr' id='par_1_6' title="bbox 89 1250 1953 1368">
     <span class='ocr_line' id='line_1_13' title="bbox 237 1250 1953 1305; baseline 0.001 -13"><span class='ocrx_word' id='word_1_90' title='bbox 237 1251 272 1292; x_wconf 87' lang='lat' dir='ltr'>b.</span> <span class='ocrx_word' id='word_1_91' title='bbox 306 1250 640 1305; x_wconf 88' lang='lat' dir='ltr'>Propositiones</span> <span class='ocrx_word' id='word_1_92' title='bbox 676 1251 728 1292; x_wconf 76' lang='grc'>17</span> <span class='ocrx_word' id='word_1_93' title='bbox 777 1250 832 1293; x_wconf 89' lang='lat' dir='ltr'>ab</span> <span class='ocrx_word' id='word_1_94' title='bbox 875 1251 1028 1293; x_wconf 90' lang='lat' dir='ltr'>eodem</span> <span class='ocrx_word' id='word_1_95' title='bbox 1077 1250 1342 1292; x_wconf 74' lang='lat' dir='ltr'>Alexandro</span> <span class='ocrx_word' id='word_1_96' title='bbox 1389 1250 1484 1292; x_wconf 90' lang='lat' dir='ltr'><em>VII.</em></span> <span class='ocrx_word' id='word_1_97' title='bbox 1536 1251 1604 1293; x_wconf 84' lang='lat'>18.</span> <span class='ocrx_word' id='word_1_98' title='bbox 1654 1255 1786 1293; x_wconf 88' lang='lat' dir='ltr'>mart.</span> <span class='ocrx_word' id='word_1_99' title='bbox 1838 1251 1953 1294; x_wconf 89' lang='grc'>1666</span> 
     </span>
     <span class='ocr_line' id='line_1_14' title="bbox 89 1325 750 1368; baseline -0.003 -1"><span class='ocrx_word' id='word_1_100' title='bbox 89 1326 331 1368; x_wconf 86' lang='lat' dir='ltr'>damna-tae</span> <span class='ocrx_word' id='word_1_101' title='bbox 362 1330 415 1368; x_wconf 88' lang='lat' dir='ltr'>ut</span> <span class='ocrx_word' id='word_1_102' title='bbox 448 1325 750 1368; x_wconf 88' lang='lat' dir='ltr'>scandalosae.</span> 
     </span>
    </p>

    <p class='ocr_par' dir='ltr' id='par_1_7' title="bbox 87 1397 1952 1525">
     <span class='ocr_line' id='line_1_15' title="bbox 235 1397 1952 1454; baseline 0 -12"><span class='ocrx_word' id='word_1_103' title='bbox 235 1414 268 1444; x_wconf 81' lang='lat' dir='ltr'>c.</span> <span class='ocrx_word' id='word_1_104' title='bbox 302 1399 638 1454; x_wconf 88' lang='lat' dir='ltr'>Propositiones</span> <span class='ocrx_word' id='word_1_105' title='bbox 671 1399 727 1441; x_wconf 85' lang='grc'>66</span> <span class='ocrx_word' id='word_1_106' title='bbox 775 1397 829 1440; x_wconf 86' lang='lat' dir='ltr'>ab</span> <span class='ocrx_word' id='word_1_107' title='bbox 864 1397 1120 1440; x_wconf 80' lang='lat' dir='ltr'>Innocentio</span> <span class='ocrx_word' id='word_1_108' title='bbox 1156 1397 1235 1441; x_wconf 84' lang='lat' dir='ltr'>XI.</span> <span class='ocrx_word' id='word_1_109' title='bbox 1285 1398 1326 1439; x_wconf 72' lang='lat'>2.</span> <span class='ocrx_word' id='word_1_110' title='bbox 1361 1403 1494 1440; x_wconf 88' lang='lat' dir='ltr'>mart.</span> <span class='ocrx_word' id='word_1_111' title='bbox 1548 1398 1659 1440; x_wconf 77' lang='lat'>1679</span> <span class='ocrx_word' id='word_1_112' title='bbox 1709 1398 1952 1442; x_wconf 87' lang='lat' dir='ltr'>damnatae</span> 
     </span>
     <span class='ocr_line' id='line_1_16' title="bbox 87 1471 1380 1525; baseline -0.003 -9"><span class='ocrx_word' id='word_1_113' title='bbox 87 1473 145 1516; x_wconf 93' lang='lat' dir='ltr'>ad</span> <span class='ocrx_word' id='word_1_114' title='bbox 179 1473 330 1515; x_wconf 89' lang='lat' dir='ltr'>minus</span> <span class='ocrx_word' id='word_1_115' title='bbox 362 1477 415 1515; x_wconf 89' lang='lat' dir='ltr'>ut</span> <span class='ocrx_word' id='word_1_116' title='bbox 448 1472 735 1514; x_wconf 87' lang='lat' dir='ltr'>scandalosae</span> <span class='ocrx_word' id='word_1_117' title='bbox 769 1475 813 1513; x_wconf 90' lang='lat' dir='ltr'>et</span> <span class='ocrx_word' id='word_1_118' title='bbox 846 1471 894 1513; x_wconf 92' lang='lat' dir='ltr'>in</span> <span class='ocrx_word' id='word_1_119' title='bbox 927 1471 1056 1525; x_wconf 77' lang='lat' dir='ltr'>praxi</span> <span class='ocrx_word' id='word_1_120' title='bbox 1090 1471 1380 1524; x_wconf 85' lang='lat' dir='ltr'>perniciosae.</span> 
     </span>
    </p>

    <p class='ocr_par' dir='ltr' id='par_1_8' title="bbox 90 1544 1953 1674">
     <span class='ocr_line' id='line_1_17' title="bbox 236 1544 1953 1600; baseline 0 -11"><span class='ocrx_word' id='word_1_121' title='bbox 236 1547 276 1589; x_wconf 84' lang='lat' dir='ltr'>cl.</span> <span class='ocrx_word' id='word_1_122' title='bbox 309 1545 644 1600; x_wconf 86' lang='lat' dir='ltr'>Propositiones</span> <span class='ocrx_word' id='word_1_123' title='bbox 679 1545 732 1586; x_wconf 84' lang='lat'>31</span> <span class='ocrx_word' id='word_1_124' title='bbox 778 1544 834 1587; x_wconf 89' lang='lat' dir='ltr'>ab</span> <span class='ocrx_word' id='word_1_125' title='bbox 868 1545 1133 1587; x_wconf 71' lang='lat' dir='ltr'>Alexandro</span> <span class='ocrx_word' id='word_1_126' title='bbox 1180 1545 1300 1587; x_wconf 80' lang='lat' dir='ltr'><em>VIII.</em></span> <span class='ocrx_word' id='word_1_127' title='bbox 1345 1546 1382 1590; x_wconf 76' lang='lat'>7.</span> <span class='ocrx_word' id='word_1_128' title='bbox 1420 1546 1509 1588; x_wconf 87' lang='lat' dir='ltr'>dec.</span> <span class='ocrx_word' id='word_1_129' title='bbox 1547 1545 1662 1588; x_wconf 84' lang='lat'>1690</span> <span class='ocrx_word' id='word_1_130' title='bbox 1712 1546 1953 1589; x_wconf 86' lang='lat' dir='ltr'>damnatae</span> 
     </span>
     <span class='ocr_line' id='line_1_18' title="bbox 90 1618 1775 1674; baseline 0 -11"><span class='ocrx_word' id='word_1_131' title='bbox 90 1625 142 1663; x_wconf 85' lang='lat' dir='ltr'>ut</span> <span class='ocrx_word' id='word_1_132' title='bbox 176 1620 459 1673; x_wconf 85' lang='lat' dir='ltr'>temerariae,</span> <span class='ocrx_word' id='word_1_133' title='bbox 492 1619 751 1673; x_wconf 84' lang='lat' dir='ltr'>iniuriosae,</span> <span class='ocrx_word' id='word_1_134' title='bbox 785 1619 901 1661; x_wconf 89' lang='lat' dir='ltr'>male</span> <span class='ocrx_word' id='word_1_135' title='bbox 925 1623 1153 1673; x_wconf 80' lang='lat' dir='ltr'>sonantes,</span> <span class='ocrx_word' id='word_1_136' title='bbox 1186 1618 1406 1662; x_wconf 90' lang='lat' dir='ltr'>haeresim</span> <span class='ocrx_word' id='word_1_137' title='bbox 1431 1620 1658 1674; x_wconf 89' lang='lat' dir='ltr'>sapientes</span> <span class='ocrx_word' id='word_1_138' title='bbox 1692 1624 1775 1663; x_wconf 88' lang='lat' dir='ltr'>etc.</span> 
     </span>
    </p>

    <p class='ocr_par' dir='ltr' id='par_1_9' title="bbox 85 1693 1953 1821">
     <span class='ocr_line' id='line_1_19' title="bbox 236 1693 1951 1748; baseline 0 -12"><span class='ocrx_word' id='word_1_139' title='bbox 236 1708 270 1736; x_wconf 82' lang='lat' dir='ltr'>e.</span> <span class='ocrx_word' id='word_1_140' title='bbox 305 1693 642 1748; x_wconf 89' lang='lat' dir='ltr'>Propositiones</span> <span class='ocrx_word' id='word_1_141' title='bbox 664 1694 689 1736; x_wconf 78' lang='lat'>5</span> <span class='ocrx_word' id='word_1_142' title='bbox 721 1693 856 1746; x_wconf 78' lang='lat' dir='ltr'>(circa</span> <span class='ocrx_word' id='word_1_143' title='bbox 880 1693 1098 1747; x_wconf 85' lang='lat' dir='ltr'>duellum)</span> <span class='ocrx_word' id='word_1_144' title='bbox 1129 1707 1155 1736; x_wconf 93' lang='lat' dir='ltr'>a</span> <span class='ocrx_word' id='word_1_145' title='bbox 1181 1693 1428 1736; x_wconf 76' lang='lat' dir='ltr'>Benediclo</span> <span class='ocrx_word' id='word_1_146' title='bbox 1454 1693 1579 1735; x_wconf 83' lang='lat' dir='ltr'><em>XIV.</em></span> <span class='ocrx_word' id='word_1_147' title='bbox 1616 1694 1684 1736; x_wconf 87' lang='lat'>10.</span> <span class='ocrx_word' id='word_1_148' title='bbox 1709 1708 1810 1737; x_wconf 87' lang='lat' dir='ltr'>nov.</span> <span class='ocrx_word' id='word_1_149' title='bbox 1838 1695 1951 1738; x_wconf 72' lang='lat'>1752</span> 
     </span>
     <span class='ocr_line' id='line_1_20' title="bbox 85 1768 1953 1821; baseline 0 -10"><span class='ocrx_word' id='word_1_150' title='bbox 85 1768 415 1812; x_wconf 86' lang='lat' dir='ltr'>constitutione</span> <span class='ocrx_word' id='word_1_151' title='bbox 447 1768 770 1811; x_wconf 78' lang='lat' dir='ltr'>Detestabilem</span> <span class='ocrx_word' id='word_1_152' title='bbox 806 1768 1048 1810; x_wconf 86' lang='lat' dir='ltr'>damnatae</span> <span class='ocrx_word' id='word_1_153' title='bbox 1091 1772 1325 1821; x_wconf 87' lang='lat' dir='ltr'>tamquam</span> <span class='ocrx_word' id='word_1_154' title='bbox 1373 1768 1532 1821; x_wconf 80' lang='lat' dir='ltr'>falsae,</span> <span class='ocrx_word' id='word_1_155' title='bbox 1580 1769 1870 1812; x_wconf 87' lang='lat' dir='ltr'>scandalosae</span> <span class='ocrx_word' id='word_1_156' title='bbox 1903 1782 1953 1811; x_wconf 89' lang='lat' dir='ltr'>ac</span> 
     </span>
    </p>
   </div>
   <div class='ocr_carea' id='block_1_5' title="bbox 85 1843 1952 2803">
    <p class='ocr_par' dir='ltr' id='par_1_10' title="bbox 85 1843 416 1898">
     <span class='ocr_line' id='line_1_21' title="bbox 85 1843 416 1898; baseline -0.009 -11"><span class='ocrx_word' id='word_1_157' title='bbox 85 1843 416 1898; x_wconf 79' lang='lat' dir='ltr'>perniciosae³).</span> 
     </span>
    </p>

    <p class='ocr_par' dir='ltr' id='par_1_11' title="bbox 85 1930 1952 2803">
     <span class='ocr_line' id='line_1_22' title="bbox 236 1930 1952 2003; baseline -0.002 -18"><span class='ocrx_word' id='word_1_158' title='bbox 236 1934 284 1987; x_wconf 82' lang='grc'>4.</span> <span class='ocrx_word' id='word_1_159' title='bbox 334 1933 509 2003; x_wconf 73' lang='lat' dir='ltr'>Opera</span> <span class='ocrx_word' id='word_1_160' title='bbox 538 1951 602 1983; x_wconf 80' lang='lat' dir='ltr'>ss,</span> <span class='ocrx_word' id='word_1_161' title='bbox 633 1933 863 1984; x_wconf 61' lang='lat' dir='ltr'>Patriam.</span> <span class='ocrx_word' id='word_1_162' title='bbox 925 1930 1113 1982; x_wconf 85' lang='lat' dir='ltr'>Sancti</span> <span class='ocrx_word' id='word_1_163' title='bbox 1144 1931 1409 1982; x_wconf 86' lang='lat' dir='ltr'>ecclesiae</span> <span class='ocrx_word' id='word_1_164' title='bbox 1435 1940 1615 2000; x_wconf 88' lang='lat' dir='ltr'>patres</span> <span class='ocrx_word' id='word_1_165' title='bbox 1642 1948 1750 1982; x_wconf 92' lang='lat' dir='ltr'>non</span> <span class='ocrx_word' id='word_1_166' title='bbox 1779 1931 1952 1982; x_wconf 88' lang='lat' dir='ltr'>solum</span> 
     </span>
     <span class='ocr_line' id='line_1_23' title="bbox 87 2020 1951 2075; baseline -0.002 -1"><span class='ocrx_word' id='word_1_167' title='bbox 87 2032 146 2074; x_wconf 90' lang='lat' dir='ltr'>ut</span> <span class='ocrx_word' id='word_1_168' title='bbox 200 2031 364 2075; x_wconf 86' lang='lat' dir='ltr'>testes</span> <span class='ocrx_word' id='word_1_169' title='bbox 416 2021 728 2072; x_wconf 88' lang='lat' dir='ltr'>traditionis</span> <span class='ocrx_word' id='word_1_170' title='bbox 782 2020 874 2071; x_wconf 90' lang='lat' dir='ltr'>sed</span> <span class='ocrx_word' id='word_1_171' title='bbox 932 2022 1097 2071; x_wconf 86' lang='lat' dir='ltr'>etiam</span> <span class='ocrx_word' id='word_1_172' title='bbox 1156 2028 1214 2070; x_wconf 88' lang='lat' dir='ltr'>ut</span> <span class='ocrx_word' id='word_1_173' title='bbox 1257 2020 1504 2071; x_wconf 87' lang='lat' dir='ltr'>doctores</span> <span class='ocrx_word' id='word_1_174' title='bbox 1546 2021 1841 2071; x_wconf 87' lang='lat' dir='ltr'>veritatum</span> <span class='ocrx_word' id='word_1_175' title='bbox 1882 2021 1951 2071; x_wconf 86' lang='lat' dir='ltr'>ad</span> 
     </span>
     <span class='ocr_line' id='line_1_24' title="bbox 87 2108 1950 2181; baseline -0.002 -18"><span class='ocrx_word' id='word_1_176' title='bbox 87 2130 262 2164; x_wconf 89' lang='lat' dir='ltr'>mores</span> <span class='ocrx_word' id='word_1_177' title='bbox 301 2113 695 2181; x_wconf 90' lang='lat' dir='ltr'>pertinentium</span> <span class='ocrx_word' id='word_1_178' title='bbox 738 2109 1127 2160; x_wconf 88' lang='lat' dir='ltr'>considerandi</span> <span class='ocrx_word' id='word_1_179' title='bbox 1183 2117 1335 2173; x_wconf 65' lang='lat' dir='ltr'>suntg</span> <span class='ocrx_word' id='word_1_180' title='bbox 1393 2127 1559 2177; x_wconf 90' lang='lat' dir='ltr'>quare</span> <span class='ocrx_word' id='word_1_181' title='bbox 1614 2108 1950 2176; x_wconf 83' lang='lat' dir='ltr'>distinguen-</span> 
     </span>
     <span class='ocr_line' id='line_1_25' title="bbox 88 2197 1951 2266; baseline -0.003 -13"><span class='ocrx_word' id='word_1_182' title='bbox 88 2203 219 2254; x_wconf 90' lang='lat' dir='ltr'>dum</span> <span class='ocrx_word' id='word_1_183' title='bbox 280 2209 374 2266; x_wconf 82' lang='lat' dir='ltr'>est,</span> <span class='ocrx_word' id='word_1_184' title='bbox 437 2210 617 2250; x_wconf 88' lang='lat' dir='ltr'>utrum</span> <span class='ocrx_word' id='word_1_185' title='bbox 688 2199 992 2249; x_wconf 89' lang='lat' dir='ltr'>doctrinam</span> <span class='ocrx_word' id='word_1_186' title='bbox 1058 2197 1484 2249; x_wconf 84' lang='lat' dir='ltr'>ecclesiasticam</span> <span class='ocrx_word' id='word_1_187' title='bbox 1544 2216 1615 2249; x_wconf 92' lang='lat' dir='ltr'>an</span> <span class='ocrx_word' id='word_1_188' title='bbox 1674 2200 1951 2266; x_wconf 89' lang='lat' dir='ltr'>propriam</span> 
     </span>
     <span class='ocr_line' id='line_1_26' title="bbox 87 2285 1946 2360; baseline -0.003 -18"><span class='ocrx_word' id='word_1_189' title='bbox 87 2298 410 2360; x_wconf 89' lang='lat' dir='ltr'>proponant.</span> <span class='ocrx_word' id='word_1_190' title='bbox 493 2289 550 2341; x_wconf 80' lang='lat' dir='ltr'>Si</span> <span class='ocrx_word' id='word_1_191' title='bbox 605 2290 660 2338; x_wconf 89' lang='lat' dir='ltr'>in</span> <span class='ocrx_word' id='word_1_192' title='bbox 714 2287 1073 2356; x_wconf 87' lang='lat' dir='ltr'>proponenda</span> <span class='ocrx_word' id='word_1_193' title='bbox 1123 2287 1371 2338; x_wconf 89' lang='lat' dir='ltr'>doctrina</span> <span class='ocrx_word' id='word_1_194' title='bbox 1413 2285 1784 2338; x_wconf 88' lang='lat' dir='ltr'>ecclesiastica</span> <span class='ocrx_word' id='word_1_195' title='bbox 1828 2304 1946 2337; x_wconf 92' lang='lat' dir='ltr'>con·</span> 
     </span>
     <span class='ocr_line' id='line_1_27' title="bbox 86 2374 1948 2445; baseline -0.003 -14"><span class='ocrx_word' id='word_1_196' title='bbox 86 2381 344 2445; x_wconf 81' lang='lat' dir='ltr'>sentiunt,</span> <span class='ocrx_word' id='word_1_197' title='bbox 403 2395 589 2430; x_wconf 92' lang='lat' dir='ltr'>eorum</span> <span class='ocrx_word' id='word_1_198' title='bbox 647 2378 916 2428; x_wconf 86' lang='lat' dir='ltr'>sententia</span> <span class='ocrx_word' id='word_1_199' title='bbox 972 2384 1032 2427; x_wconf 90' lang='lat' dir='ltr'>ut</span> <span class='ocrx_word' id='word_1_200' title='bbox 1071 2375 1318 2427; x_wconf 90' lang='lat' dir='ltr'>absolute</span> <span class='ocrx_word' id='word_1_201' title='bbox 1360 2384 1506 2426; x_wconf 86' lang='lat' dir='ltr'>certa</span> <span class='ocrx_word' id='word_1_202' title='bbox 1547 2374 1804 2426; x_wconf 87' lang='lat' dir='ltr'>habenda</span> <span class='ocrx_word' id='word_1_203' title='bbox 1847 2384 1948 2426; x_wconf 85' lang='lat' dir='ltr'>est:</span> 
     </span>
     <span class='ocr_line' id='line_1_28' title="bbox 87 2464 1949 2533; baseline -0.003 -13"><span class='ocrx_word' id='word_1_204' title='bbox 87 2468 317 2521; x_wconf 89' lang='lat' dir='ltr'>ecclesia</span> <span class='ocrx_word' id='word_1_205' title='bbox 359 2469 506 2518; x_wconf 92' lang='lat' dir='ltr'>enim</span> <span class='ocrx_word' id='word_1_206' title='bbox 548 2486 579 2517; x_wconf 92' lang='lat' dir='ltr'>a</span> <span class='ocrx_word' id='word_1_207' title='bbox 620 2467 853 2516; x_wconf 88' lang='lat' dir='ltr'>veritate</span> <span class='ocrx_word' id='word_1_208' title='bbox 896 2465 1127 2516; x_wconf 87' lang='lat' dir='ltr'>deficere</span> <span class='ocrx_word' id='word_1_209' title='bbox 1168 2483 1275 2515; x_wconf 92' lang='lat' dir='ltr'>non</span> <span class='ocrx_word' id='word_1_210' title='bbox 1320 2472 1524 2533; x_wconf 82' lang='lat' dir='ltr'>potest3</span> <span class='ocrx_word' id='word_1_211' title='bbox 1576 2464 1768 2533; x_wconf 89' lang='lat' dir='ltr'>quodsi</span> <span class='ocrx_word' id='word_1_212' title='bbox 1813 2466 1949 2514; x_wconf 89' lang='lat' dir='ltr'>veri·</span> 
     </span>
     <span class='ocr_line' id='line_1_29' title="bbox 85 2552 1945 2625; baseline -0.004 -16"><span class='ocrx_word' id='word_1_213' title='bbox 85 2565 252 2609; x_wconf 87' lang='lat' dir='ltr'>tatem</span> <span class='ocrx_word' id='word_1_214' title='bbox 293 2565 621 2625; x_wconf 81' lang='lat' dir='ltr'>proponunt,</span> <span class='ocrx_word' id='word_1_215' title='bbox 678 2556 822 2605; x_wconf 87' lang='lat' dir='ltr'>circa</span> <span class='ocrx_word' id='word_1_216' title='bbox 876 2573 1040 2623; x_wconf 84' lang='lat' dir='ltr'>quam</span> <span class='ocrx_word' id='word_1_217' title='bbox 1095 2553 1163 2604; x_wconf 90' lang='lat' dir='ltr'>ab</span> <span class='ocrx_word' id='word_1_218' title='bbox 1206 2553 1437 2604; x_wconf 87' lang='lat' dir='ltr'>ecclesia</span> <span class='ocrx_word' id='word_1_219' title='bbox 1478 2552 1615 2604; x_wconf 92' lang='lat' dir='ltr'>nihil</span> <span class='ocrx_word' id='word_1_220' title='bbox 1659 2552 1945 2603; x_wconf 88' lang='lat' dir='ltr'>definitum</span> 
     </span>
     <span class='ocr_line' id='line_1_30' title="bbox 87 2641 1944 2714; baseline -0.004 -16"><span class='ocrx_word' id='word_1_221' title='bbox 87 2655 183 2713; x_wconf 86' lang='lat' dir='ltr'>est,</span> <span class='ocrx_word' id='word_1_222' title='bbox 216 2647 332 2697; x_wconf 87' lang='lat' dir='ltr'>sive</span> <span class='ocrx_word' id='word_1_223' title='bbox 361 2647 462 2714; x_wconf 90' lang='lat' dir='ltr'>ipsi</span> <span class='ocrx_word' id='word_1_224' title='bbox 494 2646 845 2696; x_wconf 90' lang='lat' dir='ltr'>consentiunt</span> <span class='ocrx_word' id='word_1_225' title='bbox 870 2645 987 2695; x_wconf 83' lang='lat' dir='ltr'>sive</span> <span class='ocrx_word' id='word_1_226' title='bbox 1013 2661 1122 2693; x_wconf 92' lang='lat' dir='ltr'>non</span> <span class='ocrx_word' id='word_1_227' title='bbox 1150 2644 1515 2704; x_wconf 87' lang='lat' dir='ltr'>consentiunt,</span> <span class='ocrx_word' id='word_1_228' title='bbox 1546 2641 1944 2692; x_wconf 85' lang='lat' dir='ltr'>consideranda</span> 
     </span>
     <span class='ocr_line' id='line_1_31' title="bbox 87 2730 1945 2803; baseline -0.003 -17"><span class='ocrx_word' id='word_1_229' title='bbox 87 2743 139 2786; x_wconf 89' lang='lat' dir='ltr'>et</span> <span class='ocrx_word' id='word_1_230' title='bbox 180 2733 546 2803; x_wconf 82' lang='lat' dir='ltr'>expendenda</span> <span class='ocrx_word' id='word_1_231' title='bbox 602 2741 728 2784; x_wconf 88' lang='lat' dir='ltr'>sunt</span> <span class='ocrx_word' id='word_1_232' title='bbox 768 2740 1105 2801; x_wconf 83' lang='lat' dir='ltr'>argumenta⁷</span> <span class='ocrx_word' id='word_1_233' title='bbox 1162 2731 1363 2801; x_wconf 88' lang='lat' dir='ltr'>quibus</span> <span class='ocrx_word' id='word_1_234' title='bbox 1418 2748 1538 2782; x_wconf 89' lang='lat' dir='ltr'>eam</span> <span class='ocrx_word' id='word_1_235' title='bbox 1593 2730 1945 2781; x_wconf 87' lang='lat' dir='ltr'>confirmant:</span> 
     </span>
    </p>
   </div>
   <div class='ocr_carea' id='block_1_6' title="bbox 91 2864 333 2869">
    <p class='ocr_par' dir='ltr' id='par_1_12' title="bbox 91 2864 333 2869">
     <span class='ocr_line' id='line_1_32' title="bbox 91 2864 333 2869; baseline 0 0"><span class='ocrx_word' id='word_1_236' title='bbox 91 2864 333 2869; x_wconf 95' lang='lat' dir='ltr'> </span> 
     </span>
    </p>
   </div>
   <div class='ocr_carea' id='block_1_7' title="bbox 85 2922 1950 3646">
    <p class='ocr_par' dir='ltr' id='par_1_13' title="bbox 86 2922 1950 3127">
     <span class='ocr_line' id='line_1_33' title="bbox 240 2922 1946 2981; baseline -0.003 -12"><span class='ocrx_word' id='word_1_237' title='bbox 240 2928 268 2981; x_wconf 74' lang='grc'>1)</span> <span class='ocrx_word' id='word_1_238' title='bbox 298 2928 468 2981; x_wconf 85' lang='lat' dir='ltr'>Aptam</span> <span class='ocrx_word' id='word_1_239' title='bbox 500 2926 659 2968; x_wconf 88' lang='lat' dir='ltr'>horum</span> <span class='ocrx_word' id='word_1_240' title='bbox 679 2925 959 2968; x_wconf 88' lang='lat' dir='ltr'>decretorum</span> <span class='ocrx_word' id='word_1_241' title='bbox 993 2922 1302 2966; x_wconf 89' lang='lat' dir='ltr'>collectionem</span> <span class='ocrx_word' id='word_1_242' title='bbox 1325 2922 1536 2965; x_wconf 85' lang='lat' dir='ltr'>instituit</span> <span class='ocrx_word' id='word_1_243' title='bbox 1559 2922 1658 2964; x_wconf 82' lang='lat' dir='ltr'>Ian.</span> <span class='ocrx_word' id='word_1_244' title='bbox 1679 2923 1946 2973; x_wconf 76' lang='lat' dir='ltr'>Bncceroni‚</span> 
     </span>
     <span class='ocr_line' id='line_1_34' title="bbox 86 2995 1950 3054; baseline -0.004 -9"><span class='ocrx_word' id='word_1_245' title='bbox 86 3002 388 3046; x_wconf 75' lang='lat' dir='ltr'>Enclliridion</span> <span class='ocrx_word' id='word_1_246' title='bbox 420 3001 594 3043; x_wconf 76' lang='lat' dir='ltr'>morale</span> <span class='ocrx_word' id='word_1_247' title='bbox 642 3000 942 3054; x_wconf 88' lang='lat' dir='ltr'>complectens</span> <span class='ocrx_word' id='word_1_248' title='bbox 993 2998 1182 3041; x_wconf 88' lang='lat' dir='ltr'>selectas</span> <span class='ocrx_word' id='word_1_249' title='bbox 1216 2997 1461 3040; x_wconf 87' lang='lat' dir='ltr'>decisiones</span> <span class='ocrx_word' id='word_1_250' title='bbox 1508 3000 1691 3039; x_wconf 83' lang='lat' dir='ltr'>sanctae</span> <span class='ocrx_word' id='word_1_251' title='bbox 1739 2995 1856 3038; x_wconf 89' lang='lat' dir='ltr'>sedis</span> <span class='ocrx_word' id='word_1_252' title='bbox 1904 3000 1950 3038; x_wconf 91' lang='lat' dir='ltr'>et</span> 
     </span>
     <span class='ocr_line' id='line_1_35' title="bbox 86 3069 1829 3127; baseline -0.005 -8"><span class='ocrx_word' id='word_1_253' title='bbox 86 3090 313 3119; x_wconf 87' lang='lat' dir='ltr'>sacrarum</span> <span class='ocrx_word' id='word_1_254' title='bbox 346 3088 631 3118; x_wconf 89' lang='lat' dir='ltr'>romanarum</span> <span class='ocrx_word' id='word_1_255' title='bbox 667 3070 1107 3127; x_wconf 67' lang='lat' dir='ltr'>congregationum².</span> <span class='ocrx_word' id='word_1_256' title='bbox 1169 3072 1367 3125; x_wconf 82' lang='lat' dir='ltr'>(Romae.</span> <span class='ocrx_word' id='word_1_257' title='bbox 1403 3069 1643 3125; x_wconf 85' lang='lat' dir='ltr'>Cuggiani.</span> <span class='ocrx_word' id='word_1_258' title='bbox 1681 3069 1829 3123; x_wconf 79' lang='grc'>1900.)</span> 
     </span>
    </p>

    <p class='ocr_par' dir='ltr' id='par_1_14' title="bbox 233 3143 1947 3200">
     <span class='ocr_line' id='line_1_36' title="bbox 233 3143 1947 3200; baseline -0.003 -10"><span class='ocrx_word' id='word_1_259' title='bbox 233 3149 271 3200; x_wconf 80' lang='lat'>²)</span> <span class='ocrx_word' id='word_1_260' title='bbox 301 3147 368 3190; x_wconf 76' lang='lat' dir='ltr'>Cf.</span> <span class='ocrx_word' id='word_1_261' title='bbox 394 3148 660 3190; x_wconf 80' lang='lat' dir='ltr'>Dominicns</span> <span class='ocrx_word' id='word_1_262' title='bbox 696 3147 814 3198; x_wconf 68' lang='lat' dir='ltr'>Viva,</span> <span class='ocrx_word' id='word_1_263' title='bbox 847 3146 1013 3189; x_wconf 85' lang='lat' dir='ltr'>Theses</span> <span class='ocrx_word' id='word_1_264' title='bbox 1047 3146 1289 3188; x_wconf 87' lang='lat' dir='ltr'>damnatae</span> <span class='ocrx_word' id='word_1_265' title='bbox 1322 3148 1403 3188; x_wconf 90' lang='lat' dir='ltr'>etc.</span> <span class='ocrx_word' id='word_1_266' title='bbox 1456 3143 1668 3197; x_wconf 84' lang='lat' dir='ltr'>Quaestio</span> <span class='ocrx_word' id='word_1_267' title='bbox 1694 3144 1947 3197; x_wconf 89' lang='lat' dir='ltr'>prodroma.</span> 
     </span>
    </p>

    <p class='ocr_par' dir='ltr' id='par_1_15' title="bbox 85 3216 1948 3646">
     <span class='ocr_line' id='line_1_37' title="bbox 239 3216 1948 3276; baseline -0.003 -13"><span class='ocrx_word' id='word_1_268' title='bbox 239 3222 272 3275; x_wconf 83' lang='lat'>³)</span> <span class='ocrx_word' id='word_1_269' title='bbox 302 3221 356 3263; x_wconf 90' lang='lat' dir='ltr'>In</span> <span class='ocrx_word' id='word_1_270' title='bbox 403 3221 733 3276; x_wconf 85' lang='lat' dir='ltr'>propositiones</span> <span class='ocrx_word' id='word_1_271' title='bbox 777 3221 1017 3263; x_wconf 89' lang='lat' dir='ltr'>damnatas</span> <span class='ocrx_word' id='word_1_272' title='bbox 1065 3219 1412 3262; x_wconf 89' lang='lat' dir='ltr'>commentarios</span> <span class='ocrx_word' id='word_1_273' title='bbox 1460 3216 1750 3272; x_wconf 89' lang='lat' dir='ltr'>potissimum</span> <span class='ocrx_word' id='word_1_274' title='bbox 1801 3229 1948 3259; x_wconf 81' lang='lat' dir='ltr'>exara-</span> 
     </span>
     <span class='ocr_line' id='line_1_38' title="bbox 85 3290 1948 3346; baseline -0.004 -7"><span class='ocrx_word' id='word_1_275' title='bbox 85 3299 212 3339; x_wconf 88' lang='lat' dir='ltr'>runt:</span> <span class='ocrx_word' id='word_1_276' title='bbox 264 3295 529 3337; x_wconf 81' lang='lat' dir='ltr'>Dominiens</span> <span class='ocrx_word' id='word_1_277' title='bbox 573 3295 690 3340; x_wconf 74' lang='lat' dir='ltr'>Viva.</span> <span class='ocrx_word' id='word_1_278' title='bbox 731 3295 986 3337; x_wconf 86' lang='lat' dir='ltr'>Damnatae</span> <span class='ocrx_word' id='word_1_279' title='bbox 1019 3294 1168 3336; x_wconf 87' lang='lat' dir='ltr'>theses</span> <span class='ocrx_word' id='word_1_280' title='bbox 1201 3293 1258 3335; x_wconf 90' lang='lat' dir='ltr'>ad</span> <span class='ocrx_word' id='word_1_281' title='bbox 1291 3291 1597 3346; x_wconf 84' lang='lat' dir='ltr'>theologicam</span> <span class='ocrx_word' id='word_1_282' title='bbox 1630 3290 1854 3332; x_wconf 85' lang='lat' dir='ltr'>trutinam</span> <span class='ocrx_word' id='word_1_283' title='bbox 1887 3302 1948 3332; x_wconf 90' lang='lat' dir='ltr'>re-</span> 
     </span>
     <span class='ocr_line' id='line_1_39' title="bbox 85 3363 1948 3421; baseline -0.004 -8"><span class='ocrx_word' id='word_1_284' title='bbox 85 3373 295 3420; x_wconf 85' lang='lat' dir='ltr'>vocatae;</span> <span class='ocrx_word' id='word_1_285' title='bbox 329 3369 526 3411; x_wconf 79' lang='lat' dir='ltr'>Ioannes</span> <span class='ocrx_word' id='word_1_286' title='bbox 557 3369 615 3411; x_wconf 82' lang='lat' dir='ltr'>de</span> <span class='ocrx_word' id='word_1_287' title='bbox 650 3368 899 3421; x_wconf 70' lang='lat' dir='ltr'>Cardenus,</span> <span class='ocrx_word' id='word_1_288' title='bbox 948 3367 1085 3410; x_wconf 88' lang='lat' dir='ltr'>Crisis</span> <span class='ocrx_word' id='word_1_289' title='bbox 1133 3366 1391 3420; x_wconf 85' lang='lat' dir='ltr'>theologica</span> <span class='ocrx_word' id='word_1_290' title='bbox 1436 3365 1499 3418; x_wconf 91' lang='lat' dir='ltr'>(in</span> <span class='ocrx_word' id='word_1_291' title='bbox 1532 3363 1861 3419; x_wconf 89' lang='lat' dir='ltr'>propositiones</span> <span class='ocrx_word' id='word_1_292' title='bbox 1893 3363 1948 3406; x_wconf 88' lang='lat' dir='ltr'>ab</span> 
     </span>
     <span class='ocr_line' id='line_1_40' title="bbox 85 3435 1946 3496; baseline -0.004 -10"><span class='ocrx_word' id='word_1_293' title='bbox 85 3443 344 3486; x_wconf 89' lang='lat' dir='ltr'>Innocentio</span> <span class='ocrx_word' id='word_1_294' title='bbox 377 3443 452 3486; x_wconf 79' lang='lat' dir='ltr'>XI.</span> <span class='ocrx_word' id='word_1_295' title='bbox 488 3443 765 3496; x_wconf 88' lang='lat' dir='ltr'>damnatas);</span> <span class='ocrx_word' id='word_1_296' title='bbox 800 3441 998 3484; x_wconf 77' lang='lat' dir='ltr'>Ioannes</span> <span class='ocrx_word' id='word_1_297' title='bbox 1034 3441 1216 3490; x_wconf 75' lang='lat' dir='ltr'>Renter,</span> <span class='ocrx_word' id='word_1_298' title='bbox 1250 3438 1499 3493; x_wconf 87' lang='lat' dir='ltr'>Theologia</span> <span class='ocrx_word' id='word_1_299' title='bbox 1535 3437 1733 3481; x_wconf 83' lang='lat' dir='ltr'>moralis,</span> <span class='ocrx_word' id='word_1_300' title='bbox 1778 3437 1888 3479; x_wconf 88' lang='lat' dir='ltr'>Pars</span> <span class='ocrx_word' id='word_1_301' title='bbox 1911 3435 1946 3479; x_wconf 95' lang='grc' dir='ltr'>Ι.</span> 
     </span>
     <span class='ocr_line' id='line_1_41' title="bbox 86 3511 1946 3571; baseline -0.004 -10"><span class='ocrx_word' id='word_1_302' title='bbox 86 3518 298 3571; x_wconf 75' lang='lat' dir='ltr'>Analysis</span> <span class='ocrx_word' id='word_1_303' title='bbox 330 3517 586 3571; x_wconf 84' lang='lat' dir='ltr'>theologiae</span> <span class='ocrx_word' id='word_1_304' title='bbox 617 3516 801 3560; x_wconf 90' lang='lat' dir='ltr'>moralis</span> <span class='ocrx_word' id='word_1_305' title='bbox 832 3515 1109 3570; x_wconf 87' lang='lat' dir='ltr'>reprobatae.</span> <span class='ocrx_word' id='word_1_306' title='bbox 1160 3515 1366 3558; x_wconf 79' lang='lat' dir='ltr'>Didacns</span> <span class='ocrx_word' id='word_1_307' title='bbox 1398 3514 1595 3565; x_wconf 76' lang='lat' dir='ltr'>Dnarte,</span> <span class='ocrx_word' id='word_1_308' title='bbox 1627 3511 1785 3556; x_wconf 88' lang='lat' dir='ltr'>Brevis</span> <span class='ocrx_word' id='word_1_309' title='bbox 1819 3525 1946 3566; x_wconf 83' lang='lat' dir='ltr'>expo-</span> 
     </span>
     <span class='ocr_line' id='line_1_42' title="bbox 87 3587 1428 3646; baseline -0.004 -12"><span class='ocrx_word' id='word_1_310' title='bbox 87 3591 192 3634; x_wconf 87' lang='lat' dir='ltr'>sitio</span> <span class='ocrx_word' id='word_1_311' title='bbox 225 3591 587 3646; x_wconf 90' lang='lat' dir='ltr'>propositionum</span> <span class='ocrx_word' id='word_1_312' title='bbox 621 3591 939 3633; x_wconf 88' lang='lat' dir='ltr'>damnatarum</span> <span class='ocrx_word' id='word_1_313' title='bbox 973 3604 1000 3632; x_wconf 91' lang='lat' dir='ltr'>a</span> <span class='ocrx_word' id='word_1_314' title='bbox 1033 3590 1135 3632; x_wconf 89' lang='lat' dir='ltr'>sede</span> <span class='ocrx_word' id='word_1_315' title='bbox 1168 3587 1428 3642; x_wconf 89' lang='lat' dir='ltr'>apostolica.</span> 
     </span>
    </p>
   </div>
  </div>
 </body>
</html>
