2269 3898
287 114 376 157 216
882 132 887 136 ·
974 111 1051 154 IV.
1086 111 1152 154 De
1184 110 1472 154 conscientia.

289 251 381 292 tem
418 246 635 290 deflectit.
700 244 784 287 Sed
827 244 905 287 ubi
939 257 993 286 ex
1024 247 1219 299 utraque
1259 248 1390 299 parte
1435 245 1603 287 adsunt
1645 244 1844 288 rationes
1890 244 2160 300 probabiles,

288 322 503 366 voluntas
538 324 735 363 mentem
769 331 948 361 movere
981 323 1146 372 potest,
1179 322 1243 377 ut·
1265 318 1479 361 alterutri
1513 319 1750 363 assentiat.

442 454 571 507 197.
615 452 871 506 Divisio.
942 453 986 504 1.
1038 451 1287 503 Dubium
1344 453 1557 503 ratione
1598 454 1794 503 motivi
1837 452 2040 503 dicitur
2080 471 2162 503 ue-

290 546 534 615 ssavum,
590 543 634 594 si
690 549 785 593 aut
839 540 1022 592 nullae
1079 549 1174 592 aut
1227 540 1378 593 leves
1432 548 1648 592 tantum
1700 543 1942 592 rationes
1983 559 2159 592 assen—

288 632 462 684 tiendi
497 638 821 695 occurrunt3
865 637 918 682 et
960 629 1163 681 dicitur
1198 631 1501 699 positivum,
1545 631 1589 681 si
1619 629 1776 681 adest
1801 630 1987 697 gravis
2017 631 2156 681 ratio

290 720 645 786 assentiendi,
701 737 841 789 quae
894 726 1081 770 tamen
1139 737 1249 770 non
1307 718 1555 770 excludit
1602 719 1931 788 prudentem
1972 718 2153 770 formi-

292 811 478 862 dinem
521 810 759 863 errandi.

441 899 640 942 Dubium
664 898 907 955 positivum
933 897 1104 952 duplici
1128 897 1260 940 modo
1284 896 1464 940 evenire
1497 901 1671 952 potest:
1707 897 1779 941 vel
1815 896 1935 940 enim
1969 910 2023 940 ex
2045 900 2167 940 utra-

291 988 375 1030 que
407 978 538 1030 parte
569 974 701 1017 adest
733 972 889 1027 gravis
922 971 1041 1015 ratio
1074 970 1354 1015 assentiendi
1388 971 1460 1014 vel
1501 984 1554 1014 ex
1594 984 1686 1014 una
1718 974 1848 1025 parte
1880 974 2080 1026 tantum,
2113 984 2168 1014 ex

289 1050 435 1093 altera
467 1062 571 1091 vero
603 1048 731 1090 nulla
753 1050 944 1101 apparet
965 1046 1084 1089 ratio
1108 1045 1402 1089 assentiendi.
1449 1045 1571 1088 Idem
1597 1045 1837 1088 dicendum
1860 1048 1929 1088 est
1954 1045 2007 1088 de
2031 1044 2167 1088 dubio

289 1123 527 1178 negativo:
571 1123 643 1164 vel
687 1121 805 1164 enim
850 1134 904 1164 ex
942 1125 1136 1175 utraque
1178 1124 1309 1175 part-e
1355 1121 1482 1163 deest
1523 1119 1641 1163 ratio
1686 1119 1967 1163 assentiendi
2010 1121 2082 1162 vel
2115 1132 2170 1162 ex

289 1210 381 1240 una
412 1199 542 1251 parte
574 1202 775 1250 tantum,
817 1208 871 1238 ex
915 1195 1062 1238 altera
1093 1207 1198 1238 vero
1241 1195 1373 1238 adest
1416 1194 1535 1237 ratio
1582 1195 1684 1249 plus
1725 1194 1933 1237 minusve
1973 1194 2171 1237 firmiter

291 1270 585 1324 assentiendi,
618 1276 672 1313 ut
705 1270 742 1313 si
777 1270 982 1313 sacerdos
1020 1268 1218 1324 dubitat,
1252 1283 1362 1312 num
1386 1269 1476 1312 rite
1497 1268 1845 1323 eonsecraverit,
1878 1267 1985 1323 quia
2006 1269 2171 1312 reflexe

290 1359 381 1388 non
413 1345 676 1388 recordatur
709 1345 1058 1388 consecrationis
1090 1346 1255 1388 factae.
1696 1373 1759 1421 ἅς

441 1420 489 1472 2.
535 1420 784 1472 Dubium
811 1423 1023 1472 ratione
1055 1419 1257 1471 obiecti
1295 1418 1448 1470 aliud
1479 1427 1558 1470 est
1587 1419 1981 1489 speculativum,
2025 1418 2172 1487 quod

292 1517 543 1560 versatur
621 1510 768 1561 circa
808 1511 886 1561 rei
929 1508 1020 1562 vel
1062 1510 1456 1579 propositionis
1497 1510 1808 1570 veritatem,
1862 1526 1906 1562 e.
1935 1526 1997 1576 ⁴g.
2040 1526 2172 1559 num

295 1600 521 1667 pingere
581 1600 651 1650 sit
707 1616 844 1667 opus
899 1598 1114 1664 servile,
1159 1597 1248 1649 vel
1304 1599 1450 1649 circa
1505 1599 1738 1649 aetionis
1777 1596 2075 1648 liceitatem
2117 1598 2174 1648 in

294 1705 511 1756 genere,
557 1706 599 1741 e.
632 1706 680 1756 g.
723 1707 854 1739 num
898 1689 1125 1756 pingere
1168 1688 1256 1739 die
1296 1688 1431 1739 festo
1465 1687 1653 1753 liceat3
1699 1686 1849 1738 aliud
1876 1694 1955 1738 est
1974 1687 2174 1758 pruffl-

299 1796 425 1840 cum,
471 1776 618 1846 quod
661 1785 912 1829 versatur
953 1780 1099 1829 cirea
1129 1778 1362 1829 actionis
1421 1795 1571 1828 nune
1627 1775 1918 1845 ponendae
1973 1775 2176 1827 liceita-

295 1876 422 1929 tem,
467 1885 510 1919 e.
554 1885 604 1936 g.
650 1885 782 1918 num
826 1867 961 1919 mihi
1005 1866 1171 1918 hodie
1212 1866 1424 1918 licitum
1469 1867 1538 1917 sit
1579 1866 1821 1935 pingere.

441 1957 563 2011 Ergo
598 1956 786 2000 dubium
815 1957 1071 2012 practz'cmn
1108 1956 1196 2000 diei
1231 1971 1322 2000 non
1355 1957 1469 2000 solet
1503 1956 1635 2011 illud,
1668 1956 1787 2011 quod
1816 1958 2026 1999 versat-ur
2058 1954 2175 1998 eirca

292 2030 485 2074 aetionis
522 2030 772 2075 liceitatem
815 2031 862 2074 in
896 2044 1073 2086 genere,
1107 2032 1185 2075 sed
1217 2031 1349 2086 illud,
1383 2030 1501 2086 quod
1533 2035 1743 2074 versatur
1776 2030 1892 2074 circa
1923 2029 2174 2073 liceitatem

293 2104 486 2148 actionis
519 2104 591 2148 hic
625 2109 669 2149 et
702 2119 821 2148 nunc
854 2106 1100 2160 ponendae.

26 2200 63 2273 ἰὴ
108 2153 266 2247 ‘W‘
445 2181 493 2231 3.
555 2180 806 2231 Dubium
847 2179 1227 2251 speculativum
1268 2179 1421 2231 aliud
1451 2188 1532 2231 est
1562 2178 1793 2231 dubium
1820 2179 1984 2249 facti,
2027 2178 2175 2249 quod

222 2300 252 2324 f
281 2274 551 2320 'versatur
607 2271 753 2320 circa
802 2269 1370 2339 departieularem,
1425 2289 1469 2323 e,
1513 2287 1563 2337 g.
1607 2287 1741 2320 num
1783 2269 1944 2320 horas
1983 2270 2172 2320 recita-

297 2361 490 2412 verim.
533 2378 664 2410 num
708 2378 845 2428 puer
885 2361 954 2410 sit
1004 2359 1332 2429 baptizatus,
1389 2378 1521 2410 num
1564 2356 1656 2410 hie
1697 2357 1854 2410 cibus
1908 2360 1976 2410 sit
2018 2376 2172 2416 caro;

295 2447 447 2499 aliud
490 2456 570 2498 est
608 2449 760 2513 iuris,
821 2449 966 2518 quod
1010 2449 1328 2501 immediate
1369 2457 1620 2499 versatur
1675 2449 1821 2500 circa
1863 2446 2037 2517 leyem,
2080 2456 2177 2498 aut

301 2539 447 2589 eirca
475 2536 796 2609 facultatem
837 2539 1050 2609 aliquid
1092 2538 1352 2605 faciendi,
1405 2545 1499 2590 aut
1541 2539 1688 2589 circa
1729 2537 1961 2589 valorem
2000 2544 2173 2602 actus,

300 2646 344 2678 e.
386 2646 437 2695 g.
481 2646 614 2679 num
657 2628 745 2679 die
787 2628 923 2680 festo
966 2628 1306 2698 prohibitum
1349 2629 1418 2679 sit
1457 2628 1667 2693 venari,
1723 2645 1855 2678 num
1899 2625 2172 2695 parochus

298 2735 329 2767 a
360 2717 564 2768 ieiunio
606 2716 925 2787 dispensare
954 2720 1141 2788 possit,
1185 2736 1317 2769 num
1348 2717 1471 2769 talis
1502 2717 1810 2786 baptismus
1840 2718 1909 2768 sit
1936 2716 2172 2769 validus.

450 2805 650 2849 Dubium
696 2806 946 2861 practieum
992 2820 1168 2862 semper
1208 2806 1427 2862 supponit
1471 2806 1660 2849 dubium
1705 2805 2039 2861 speculativum
2080 2805 2177 2849 sive

299 2878 413 2921 iuris
437 2878 531 2922 sive
554 2880 666 2922 facti
691 2885 829 2934 atque
862 2893 916 2924 ex
952 2881 1087 2924 dubio
1120 2880 1402 2936 speculativo
1436 2880 1600 2923 oritur:
1635 2893 1716 2923 nec
1748 2880 1868 2923 enim
1904 2879 2175 2934 dubitarem,

297 2967 407 2996 num
442 2953 555 2996 mihi
588 2954 768 2997 licitum
802 2954 864 2998 sit
897 2955 1031 2999 hodie
1062 2955 1264 3011 pingere,
1297 2955 1385 2998 nisi
1421 2954 1692 3010 dubitarem,
1739 2968 1849 2997 num
1892 2954 2081 3009 pingere
2113 2953 2175 2997 sit

299 3041 409 3083 opus
454 3028 630 3083 servile,
678 3042 759 3072 nee
809 3030 1065 3073 dubitarem
1115 3043 1185 3073 me
1227 3030 1347 3072 hunc
1386 3043 1573 3084 puerum
1618 3029 1853 3084 baptizare
1900 3042 2043 3084 posse,
2084 3027 2176 3072 nisi

300 3103 573 3151 dubitarem,
622 3117 731 3146 num
776 3103 866 3147 iam
915 3104 976 3148 sit
1018 3104 1297 3159 baptizatus.
1361 3104 1497 3148 Patet
1541 3104 1640 3147 fieri
1686 3117 1829 3158 posse,
1876 3108 1930 3147 ut
1962 3107 2176 3147 manente

301 3177 436 3221 dubio
470 3177 751 3232 speculativo
786 3178 941 3222 haberi
976 3179 1120 3234 possit
1166 3178 1442 3222 conscientia
1485 3178 1685 3234 practice
1727 3182 1864 3232 certa,
1906 3191 2068 3234 nempe
2109 3178 2177 3220 in·

298 3253 479 3296 directe.

451 3374 583 3427 198.
625 3373 955 3441 Principia.
1039 3374 1085 3424 1.
1129 3373 1427 3443 Nunquam
1469 3373 1598 3424 licet
1638 3373 1851 3442 operari
1893 3389 2020 3422 eum
2061 3390 2174 3422 con-

299 3464 521 3514 scientia
555 3464 790 3533 practice
833 3462 1026 3514 dubia:
1081 3465 1174 3531 qui
1230 3464 1375 3514 enim
1419 3461 1523 3514 hoc
1564 3462 1727 3513 modo
1771 3468 2041 3535 operatur,
2084 3477 2172 3510 vo·

585 3524 775 3539 *ndu—‘fl

663 3573 665 3575 .
710 3561 726 3580 Ι.
775 3567 832 3614 ζ>ᾳ
880 3564 946 3612 lali:
975 3556 1045 3601 “s'‘
1103 3582 1123 3602 :¹⁷
1158 3583 1160 3593 ί
1213 3593 1216 3596 Δ
1266 3581 1269 3583 ¹
1365 3576 1367 3579 ,
1486 3584 1488 3587 y
1544 3580 1557 3590 .—
1578 3561 1661 3602 'igi-⁴05
1689 3552 1731 3607 f,
1782 3532 1898 3604 ᾖν),
1930 3580 1939 3587 ι
1959 3573 2006 3595 „q
2059 3548 2165 3600 essse„
2211 3548 2269 3569 '21²

883 3610 894 3616 a
916 3604 921 3607 ⁴
956 3601 960 3608 ¹
1340 3606 1344 3607 ⁷
1547 3572 1582 3640 ἶ
1898 3601 1903 3610 “
1975 3605 2002 3636 J
2033 3603 2067 3641 “s''
