2269 3898
676 124 743 166 De
776 122 1024 166 cessatione
1057 121 1366 177 obligationis.
1868 123 1950 164 189

79 257 228 327 quod
269 257 617 326 privilegiato
661 257 820 307 affert
862 255 1230 322 commodum,
1273 254 1409 306 nulli
1444 262 1626 306 autem
1656 256 1952 306 incommo-

81 348 211 399 dum
253 356 313 397 ut
352 345 1261 416 privilegium-dicendi,missam
1316 346 1383 409 in,
1415 345 1656 409 oratorio,
1692 345 1949 412 ‚priYatQ
2055 384 2078 403 ,Ἴ

459 414 544 426 s‘.

80 444 132 486 et
184 436 436 500 odiosum,
499 434 644 503 quod
701 435 796 484 uni
849 434 1008 484 affert
1065 433 1434 498 commodum,
1503 432 1659 483 alteri
1704 449 1834 483 vero
1877 444 2137 482 1n

82 523 434 576 commodum
477 532 538 573 ut
580 524 818 573 exemtio
861 541 891 573 a
934 521 1212 573 solvendis
1265 522 1504 587 tributis,
1563 521 1632 573 ab
1684 521 1950 572 ordinarii

80 613 478 665 iurisdictione.

228 718 273 770 2.
317 717 546 768 Ratio-ne
577 717 807 782 subiect-i,
852 717 938 767 cui
984 715 1320 781 conceditur,
1366 717 1423 767 in
1452 715 1803 785 privilegium
1835 733 1950 782 per-

79 806 264 858 sonale
307 815 359 857 et
399 805 562 857 reale.
631 805 918 857 Personale
961 805 1240 856 confertur
1288 805 1495 856 directe
1540 812 1592 854 et
1635 803 1952 854 immediate

77 895 242 947 alicui
285 913 550 965 personae
592 897 806 947 ratione
860 896 941 946 sui
1001 896 1174 963 ipsius
1233 893 1301 945 ob
1349 894 1657 959 scientiam,
1718 892 1948 961 dignita-

75 993 185 1036 tem
228 992 328 1038 etc.
410 985 531 1035 Hoc
585 1003 875 1053 personam
930 985 1178 1053 sequitur
1231 990 1283 1034 et
1337 1002 1461 1034 cum
1520 1001 1583 1033 ea
1637 983 1853 1051 expirat
1894 989 1952 1031 ut

76 1082 316 1144 potestas
370 1073 698 1125 absolvendi
751 1093 783 1125 a
826 1075 1089 1125 censuris
1171 1071 1339 1124 Reale
1397 1072 1603 1124 directe
1658 1079 1710 1123 et
1766 1072 1950 1122 imme-

77 1164 224 1216 diate
267 1164 546 1215 confertur
586 1181 696 1215 non
738 1181 1006 1233 personae
1048 1162 1144 1215 sed
1186 1164 1282 1225 rei,
1335 1182 1366 1213 a
1409 1181 1516 1231 qua
1557 1162 1614 1212 in
1656 1178 1949 1230 personam

74 1252 364 1304 redundat.
447 1253 568 1303 Hoc
609 1251 965 1323 privilegium
1009 1252 1273 1304 adhaeret
1314 1252 1409 1318 rei,
1472 1269 1596 1302 cum
1654 1269 1717 1302 ea
1756 1251 1952 1301 transit

75 1344 146 1394 ad
199 1360 507 1411 personam,
576 1342 645 1393 ad
698 1360 864 1412 quam
920 1361 1008 1395 res
1064 1342 1320 1411 pertinet,
1378 1348 1430 1391 et
1486 1358 1611 1391 cum
1669 1358 1725 1390 re
1785 1342 1950 1391 etiam

75 1433 307 1501 expirat.

222 1536 414 1579 Nomine
445 1537 519 1578 rei
548 1535 832 1590 intelligitur
864 1548 954 1577 non
1001 1535 1145 1577 solum
1189 1548 1258 1577 res
1303 1546 1514 1589 corporea
1556 1537 1608 1576 ut
1654 1532 1839 1576 ecclesia
1881 1532 1953 1575 vel

77 1611 420 1666 monasterium,
455 1611 533 1655 sed
566 1610 705 1654 etiam
739 1623 809 1653 res
841 1609 1109 1664 incorporea
1140 1613 1193 1652 ut
1227 1622 1418 1664 persona
1464 1607 1648 1651 moralis
1679 1606 1952 1661 (collegium,

75 1685 409 1740 communitas),
443 1699 622 1739 munus,
658 1685 878 1740 dignitas,
912 1688 1077 1739 status,
1125 1684 1326 1739 qualitas
1374 1698 1400 1727 a
1448 1696 1639 1738 persona
1686 1680 1951 1736 separabilis

74 1767 127 1803 ut
163 1760 425 1803 doctoratus
458 1763 542 1803 etc.
602 1759 703 1802 Huc
736 1772 771 1803 e.
796 1772 840 1814 g.
874 1758 1108 1814 pertinent
1140 1758 1460 1813 indulgentiae
1493 1770 1695 1800 annexae
1728 1755 1951 1809 ecclesiae,

75 1833 230 1886 altari,
263 1834 397 1889 cruci,
432 1834 602 1877 rosario
636 1839 736 1888 eto,
768 1833 954 1888 insuper
986 1833 1231 1889 privilegia
1275 1846 1482 1876 concessa
1522 1831 1662 1875 variis
1711 1829 1952 1874 communi-

76 1908 250 1952 tatibus
297 1908 549 1964 (ordinibus
591 1908 836 1963 religiosis,
880 1906 1357 1961 confraternitatibus)
1399 1906 1471 1949 vel
1516 1905 1707 1949 diversis
1752 1904 1949 1948 statibus

78 1982 284 2038 (clericis,
319 1983 540 2038 episcopis
574 1983 687 2037 etc).

223 2074 272 2127 3.
324 2074 554 2125 Ratione
595 2090 801 2140 causae,
861 2071 928 2123 ob
984 2090 1150 2141 quam
1193 2071 1490 2137 confertur,
1547 2072 1603 2121 in
1645 2071 1949 2140 qratiosam,

75 2162 222 2233 quod
265 2181 334 2213 ex
375 2180 525 2213 mera
566 2162 762 2230 gratia,
806 2162 861 2212 in
888 2161 1378 2225 remuneratorium,
1424 2159 1571 2230 quod
1614 2160 1818 2210 intuitu
1860 2157 1951 2209 ali-

77 2253 234 2303 cuius
270 2252 451 2303 meriti
493 2259 588 2302 aut
616 2251 826 2301 servitii
857 2269 888 2301 a
916 2249 1268 2319 privilegiato
1312 2248 1402 2301 vel
1445 2248 1566 2300 aliis
1608 2267 1652 2300 e.
1682 2267 1731 2317 g.
1761 2266 1950 2317 paren-

74 2341 221 2394 tibus
249 2342 498 2412 praestiti
528 2340 866 2405 conceditur,
899 2347 950 2390 et
973 2341 1029 2390 in
1055 2357 1345 2405 onerosum,
1374 2338 1522 2409 quod
1545 2339 1951 2390 interveniente

75 2430 260 2501 aliquo
301 2438 462 2500 pacto
505 2429 576 2481 ad
618 2428 923 2481 obtinenda
964 2430 1190 2480 servitia
1233 2427 1571 2479 conceditur.

223 2543 273 2596 4.
316 2543 548 2593 Ratione
576 2541 734 2608 modi,
765 2559 870 2611 quo
903 2539 1242 2605 conceditur,
1286 2541 1343 2591 in
1373 2538 1728 2609 privilegium
1761 2537 1950 2588 datum

74 2640 213 2683 motu
243 2633 488 2701 proprio,
532 2631 679 2701 quod
722 2630 1043 2682 conceditur
1083 2630 1200 2681 sine
1224 2630 1507 2699 petitione,
1552 2637 1604 2679 et
1647 2627 1836 2679 datum
1880 2625 1951 2677 acl

73 2722 401 2788 instantiam,
457 2721 527 2772 ad
569 2720 717 2790 quod
759 2719 1181 2773 concedendum
1224 2719 1472 2788 superior
1512 2717 1795 2768 inducitur
1835 2733 1950 2785 pre-

76 2810 233 2862 cibus
275 2809 653 2880 supplicantis,

224 2921 274 2974 ἶ).
318 2922 551 2973 Ratione
576 2922 728 2990 flniS,
779 2920 847 2972 ob
891 2938 1056 2991 quem
1100 2919 1438 2985 conceditur,
1493 2919 1551 2970 in
1592 2917 1948 2988 privilegium

76 3030 353 3078 commune,
413 3011 558 3081 quod
613 3011 998 3062 communitati
1053 3011 1230 3080 primo
1286 3016 1338 3060 et
1391 3027 1489 3078 per
1529 3026 1586 3060 se
1638 3009 1697 3059 in
1739 3006 1947 3059 bonum

76 3101 488 3152 communitatis
515 3099 854 3166 conceditur,
897 3100 1035 3151 adeo
1064 3107 1123 3150 ut
1152 3100 1268 3151 eius
1296 3117 1428 3150 usus
1459 3097 1618 3149 cedat
1655 3098 1712 3148 in
1741 3095 1948 3147 bonum

77 3189 490 3241 communitatis
538 3197 598 3240 ut
651 3188 1007 3258 privilegium
1062 3189 1304 3255 canoniS,
1360 3187 1507 3257 quod
1566 3186 1793 3251 clericiS,
1855 3191 1950 3234 aut

77 3279 422 3345 exemtioniS,
467 3278 613 3348 quod
655 3278 941 3330 ordinibus
982 3278 1251 3347 religiosis
1295 3294 1613 3329 concessum
1659 3281 1756 3341 est,
1799 3281 1852 3324 et
1890 3273 1947 3323 in

77 3366 432 3436 privilegium
482 3369 766 3437 privatum,
825 3367 973 3437 quod
1021 3385 1288 3437 personae
1341 3368 1590 3436 privatae
1639 3363 1728 3415 vel
1783 3363 1947 3414 etiam

77 3458 478 3523 communitati,
520 3456 615 3508 sed
656 3458 711 3507 in
754 3456 961 3508 bonum
1004 3456 1344 3525 singulorum
1388 3453 1723 3507 conceditur.
