2269 3898
249 130 307 171 66
994 121 1061 163 De
1093 118 1400 162 matrimonio.

253 261 360 315 cita,
394 260 614 315 parochus
646 258 694 300 in
729 269 777 298 eo
813 255 1074 309 dispensare
1122 251 1308 307 poterit.
1371 252 1479 295 Ideo
1529 265 1657 295 casus
1703 252 1944 307 perplexus
1994 252 2142 294 solum

256 335 455 378 accidere
489 338 654 388 potest,
689 330 726 373 si
762 329 981 384 parochus
1017 326 1309 370 matrimonio
1343 340 1433 369 non
1465 326 1718 369 intervenit
1753 339 1833 369 neo
1866 339 1935 368 res
1958 326 2015 368 ad
2039 339 2141 368 eum

255 408 419 452 deferri
454 411 617 461 potest.

402 556 498 608 66.
539 553 977 621 Impedimenta
1020 550 1373 605 dirimentia
1400 549 1789 603 dividuntur:
1837 550 1883 600 1.
1915 549 2145 599 Ratione

255 646 475 716 originis
518 645 573 694 in
616 642 1016 712 impedimenta
1057 641 1193 692 ‘iuris
1234 648 1478 703 naturae,
1539 640 1674 690 iuris
1707 639 1935 709 positivi
1975 638 2148 689 divin-i

255 743 306 786 et
347 735 481 785 iuris
523 732 867 785 ecclesiastici
919 749 1014 799 pro
1059 729 1281 780 diversa
1333 730 1677 795 auctoritate,
1734 747 1874 798 quae
1918 727 2144 798 impedi·

260 832 506 875 mentum
549 823 849 875 constituit.
930 819 1341 889 Impedimenta
1375 819 1510 870 iuris
1541 827 1770 870 naturae
1813 827 1939 870 sunt
1980 837 2144 883 error,

255 915 567 983 impotentia
609 920 662 963 et
704 911 1138 980 σοπὸαηῃῑιίηὶΐεω
1182 911 1238 959 in
1283 909 1460 977 primo
1505 908 1682 977 gradu
1722 907 1902 959 lineae
1943 916 2142 973 rectae,

258 1004 392 1054 iuris
435 1003 613 1053 divini
657 1001 917 1070 ligyccmen3
961 1010 1143 1050 cetera
1187 1009 1315 1049 sunt
1356 999 1490 1049 iuris
1534 997 1913 1049 ecelesiastici.

405 1108 450 1159 ἱ).
498 1108 725 1158 Ratione
768 1106 1089 1157 eoetensz'0nis
1133 1105 1188 1154 in
1237 1103 1498 1169 absoluta,
1549 1121 1689 1172 quae
1735 1102 2150 1154 matrimonium

258 1198 527 1248 dirimunt
589 1214 713 1247 eum
773 1195 1022 1265 qualibet
1079 1211 1345 1263 persona:
1404 1200 1614 1259 votum,
1674 1192 1823 1256 ord0,
1886 1192 2145 1260 ligamen,

258 1294 424 1352 aetas,
469 1285 905 1350 clandestinitas,
951 1284 1281 1354 impotentia
1308 1282 1592 1348 absoluta3
1637 1290 1690 1334 et
1716 1282 1963 1349 relativa,
2008 1301 2149 1352 quae

260 1377 674 1428 matrimonium
737 1376 1006 1428 dirimunt
1046 1374 1222 1426 solum
1282 1392 1407 1424 eum
1452 1374 1614 1424 certis
1657 1374 1938 1442 personis:
1983 1391 2148 1439 error,

260 1465 530 1531 condicio,
574 1465 777 1535 triplex
809 1466 1082 1534 cognatio,
1127 1465 1354 1528 crimen,
1400 1463 1697 1532 disparitas
1729 1462 1924 1530 cultus,
1953 1470 2148 1527 metus,

261 1555 517 1607 honestas
559 1555 800 1625 publiea,
860 1555 1123 1620 affinitaS,
1181 1555 1508 1624 impotentia
1563 1553 1798 1604 relativa.
1852 1564 1904 1605 et
1943 1562 2149 1622 raptus

408 1661 457 1713 3.
484 1662 715 1712 Ratione
760 1660 1178 1730 dispensationis
1221 1663 1277 1710 in
1320 1658 1720 1728 impedimenta
1743 1656 2151 1728 clispensabilia,

261 1751 317 1800 in
360 1749 561 1819 quibus
603 1749 835 1801 eeclesia
892 1750 1215 1820 dispensare
1258 1757 1436 1819 potest
1478 1757 1530 1800 et
1571 1747 1734 1815 solet3
1792 1759 1844 1799 et
1881 1749 2152 1818 indispen-

261 1838 476 1906 sabilia,
532 1841 588 1891 in
632 1840 834 1909 quibus
877 1840 1110 1891 ecclesia
1152 1848 1247 1891 aut
1299 1839 1621 1909 dispensa-re
1677 1857 1787 1890 non
1839 1847 2018 1908 potest
2059 1846 2155 1889 aut

262 1948 372 1981 non
415 1928 565 1981 solet.
649 1929 821 1981 Primi
878 1932 1097 1999 generis
1153 1939 1280 1982 sunt
1333 1930 1446 1981 fere
1506 1931 1693 1981 omnia
1752 1929 2155 1999 impedimenta

265 2021 399 2071 iuris
442 2037 588 2071 mere
627 2019 1004 2087 ecclesiastici,
1049 2020 1279 2072 secundi
1321 2022 1539 2090 generis
1583 2027 1710 2071 sunt
1752 2019 2154 2089 impedimenta

264 2111 399 2161 iuris
441 2110 706 2162 naturalis
750 2119 801 2162 et
844 2110 1022 2163 divini
1066 2120 1117 2162 et
1159 2110 1427 2162 nonnulla
1471 2111 1606 2162 iuris
1649 2110 2026 2162 ecelesiastici.

412 2217 461 2269 4.
509 2217 737 2268 Ratione
772 2217 897 2285 finis
940 2217 1235 2268 immediati
1290 2226 1338 2268 et
1393 2218 1526 2268 iuris
1581 2216 1934 2286 impugnandi
1973 2215 2155 2266 matri-

266 2308 495 2357 monium
551 2308 606 2357 in
665 2307 1067 2376 impedimenta
1126 2309 1258 2358 iuris
1306 2305 1533 2377 publici,
1593 2323 1827 2376 quorum
1884 2305 2010 2357 finis
2059 2307 2155 2356 im-

269 2395 543 2447 mediatus
597 2404 677 2447 est
729 2396 936 2448 bonum
995 2415 1305 2463 commune,
1367 2407 1419 2448 et
1468 2399 1554 2448 ius
1604 2405 1657 2447 et
1712 2395 1954 2447 officium
1998 2413 2156 2465 prop-

264 2494 413 2537 terea
465 2486 834 2556 impugnandi
894 2489 1308 2538 matrimonium
1366 2488 1633 2556 competit
1687 2486 1859 2538 iudici
1901 2485 2155 2537 ecelesia-

267 2576 402 2626 stioo
447 2584 499 2626 et
549 2576 793 2644 cuilibet,
852 2580 945 2647 qui
1002 2596 1191 2629 eorum
1246 2579 1499 2629 notitiam
1557 2577 1757 2643 habet,
1818 2585 1871 2627 et
1926 2576 2158 2645 impedi-

268 2674 453 2716 menta
493 2667 629 2717 iuris
660 2669 886 2736 privati,
949 2685 1181 2737 quorum
1226 2667 1353 2718 finis
1408 2666 1764 2718 immediatus
1818 2676 1898 2717 est
1947 2666 2157 2718 bonum

270 2756 545 2823 privatum
590 2756 1054 2823 contrahentium,
1111 2766 1163 2808 et
1205 2759 1289 2808 ius
1333 2766 1384 2808 et
1427 2757 1672 2808 officium
1728 2766 2018 2827 propterea
2060 2758 2156 2808 im-

272 2846 555 2912 pugnandi
599 2849 1014 2899 matrimonium
1040 2851 1292 2918 proxime
1334 2850 1469 2917 ipsis
1513 2847 1971 2900 contrahentibus
2013 2866 2157 2899 com-

270 2935 419 3002 petit.
465 2935 800 2988 Huiusmodi
832 2946 986 2990 sunt:
1032 2957 1198 3003 error,
1244 2938 1515 3005 condicio,
1562 2948 1755 3005 metus,
1799 2938 2162 3007 impotentia:¹

269 3032 448 3075 cetera
490 3033 617 3075 sunt
656 3027 790 3078 iuris
833 3026 1060 3097 publici.

416 3128 466 3180 ἵ).
512 3130 741 3182 Ratione
784 3134 1115 3202 cognitioni&
1174 3151 1338 3203 quam
1382 3133 1476 3184 alii
1532 3133 1598 3185 de
1641 3135 1774 3202 ipsis
1817 3133 2043 3199 habent,
2099 3133 2156 3184 in

270 3218 669 3286 impedimenta
722 3221 941 3290 publ-ica
999 3232 1051 3274 et
1100 3223 1319 3289 occulta,
1379 3232 1541 3293 prout
1597 3232 1692 3275 aut
1748 3223 1970 3294 publice
2026 3231 2159 3274 nota

269 3316 395 3357 sunt
451 3316 545 3359 aut
601 3309 824 3377 publice
881 3322 1009 3364 nota
1063 3331 1171 3364 non
1215 3323 1356 3366 sunt.
1441 3313 1770 3366 Accui‘atior
1811 3314 1976 3365 huius
2018 3313 2158 3364 divi-

271 3397 439 3448 sionis
482 3397 867 3452 determinatio
913 3403 1145 3453 inferius
1188 3403 1426 3470 dabitur,
1485 3404 1581 3456 ubi
1626 3404 1692 3455 de
1735 3403 2157 3473 dispensationi·

271 3484 371 3536 bus
413 3489 917 3542 matrimonialibus
961 3491 1239 3558 anfridum
1284 3502 1379 3547 est.
