2269 3898
271 153 355 195 136
646 192 649 195 .
1003 149 1076 192 ΙΙΙ.
1110 150 1177 193 De
1207 150 1400 205 legibus.

415 284 537 338 117.
579 283 743 338 Utile
787 283 1224 344 communitati,
1268 284 1414 353 quod
1457 286 1534 337 ita
1575 285 2002 354 intelligendum
2044 296 2143 356 est,

269 382 329 425 ut
371 391 481 424 non
523 372 696 423 solum
752 373 980 423 materia
1033 372 1187 441 legiS‚
1245 373 1341 425 sed
1399 375 1566 425 etiam
1622 375 1833 442 modUS,
1892 394 1998 445 quo
2052 375 2145 428 lex

267 462 607 532 praecipitur
662 466 867 527 (utrum
923 479 1070 512 mere
1123 461 1403 531 poenalis,
1458 483 1529 515 an
1583 466 1963 534 praeceptiva,
2026 484 2144 535 pro·

269 551 483 617 bibens,
528 570 595 602 an
641 552 806 603 etiam
851 553 1087 615 irritans,
1127 551 1380 620 obligans
1407 553 1508 604 sub
1534 555 1711 621 gravi,
1755 573 1824 605 an
1861 554 1962 606 sub
1989 554 2143 622 levi),

270 641 469 692 debeat
499 660 616 692 esse
645 640 796 693 utilis
834 643 1249 694 communitati:
1294 661 1420 694 nam
1464 651 1702 712 potestas
1744 643 1957 695 ferendi
1995 644 2145 713 leges

269 731 325 780 in
371 729 574 781 bonum
620 749 914 783 commune
957 750 1216 783 concessa
1259 740 1352 786 est.

418 819 537 864 Hinc
578 820 671 874 lex,
705 834 819 875 quae
850 834 941 864 non
974 824 1092 864 esset
1125 820 1257 864 utilis
1291 821 1614 865 communitati
1648 827 1729 866 aut
1778 824 1923 866 solum
1966 823 2144 866 cederet

271 893 322 937 in
353 893 610 938 utilitatem
645 895 864 950 principis
898 897 970 938 vel
1004 909 1266 950 paucorum,
1299 908 1389 938 non
1423 900 1542 939 esset
1574 896 1731 939 valida
1762 897 1852 951 lex,
1885 900 2048 951 utpote
2081 911 2143 941 re-

268 969 464 1023 spiciens
498 969 663 1012 bonum
698 969 930 1024 privatum
967 974 1165 1013 tantum.
1232 970 1293 1012 Et
1326 969 1428 1013 ideo
1462 971 1535 1013 lex
1568 970 1749 1014 amittit
1773 970 1867 1013 vim
1892 969 2143 1026 obligandi,

266 1044 346 1087 ubi
379 1044 542 1099 incipit
577 1045 677 1088 fieri
711 1044 895 1088 inutilis
928 1046 999 1088 vel
1032 1045 1195 1088 nociva
1228 1044 1565 1089 communitati.

419 1135 560 1185 Num
604 1135 689 1185 Zeoe
734 1153 787 1185 se
829 1135 1082 1186 emendat
1123 1135 1194 1186 acl
1235 1144 1382 1185 actus
1412 1136 1755 1204 praeteritos.

415 1223 748 1291 Negandum
791 1232 896 1275 est:
953 1242 1077 1275 cum
1121 1225 1268 1275 enim
1309 1223 1402 1275 lex
1443 1225 1511 1274 sit
1550 1223 1741 1292 regula
1782 1223 2142 1291 agendorum,

268 1320 467 1364 natura
511 1331 609 1364 sua
650 1321 805 1364 aetus
847 1313 1061 1364 futuros
1101 1314 1355 1383 respicit3
1400 1312 1524 1364 ideo
1569 1320 1748 1364 ortum
1785 1321 1865 1364 est
1893 1315 2143 1365 axioma:

267 1402 354 1453 Zcoe
394 1421 498 1454 non
538 1403 756 1472 respicit
794 1411 951 1456 retro.
998 1403 1260 1454 Attamen
1303 1404 1346 1453 si
1389 1420 1536 1454 nova
1577 1402 1670 1455 lex
1713 1403 2144 1455 declarationem

267 1492 464 1560 prioris
507 1493 827 1559 contineret,
884 1493 1003 1561 ipsa
1056 1494 1171 1543 sine
1228 1491 1396 1544 dubio
1452 1491 1696 1544 afficeret
1747 1511 1937 1544 omnes
1988 1501 2145 1545 actus

266 1581 473 1649 positos
516 1580 644 1632 inde
686 1600 717 1632 a
759 1590 1005 1651 tempore
1044 1581 1181 1651 legis
1224 1583 1422 1651 prioris
1465 1582 1663 1635 editae.

864 2159 1210 2253 Quaestio
1260 2164 1550 2244 quarta.

710 2328 822 2381 De
885 2328 1362 2382 subiecto
1424 2329 1702 2394 legis.

921 2503 1217 2561 Articulus
1257 2503 1493 2577 primus.

853 2642 931 2680 De
975 2640 1090 2689 ipso
1137 2639 1374 2681 subiecto
1417 2641 1563 2690 legis.

420 2783 541 2837 118.
603 2784 949 2840 Subiectum
1004 2786 1160 2854 legis
1219 2789 1554 2854 generatim
1612 2797 1738 2840 sunt
1791 2788 1893 2841 soli
1946 2789 2149 2842 subditi

273 2870 625 2942 Zeyislatoris:
679 2894 808 2926 nam
863 2875 1039 2943 legem
1096 2877 1237 2928 ferre
1296 2886 1373 2928 est
1427 2886 1583 2930 actus
1638 2881 2040 2949 superioritatis
2093 2889 2146 2931 et

272 2961 703 3029 iurisdictionis3
760 2965 1065 3018 iurisdictio
1119 2975 1303 3019 autem
1359 2971 1605 3020 exerceri
1659 2988 1767 3021 non
1811 2977 2000 3039 *potest
2041 2970 2146 3021 nisi

270 3050 329 3100 in
373 3048 636 3107 subditos.

421 3139 682 3185 Subiectum
715 3143 832 3197 legis
867 3144 1037 3199 duplici
1072 3145 1203 3188 modo
1237 3145 1433 3201 obligari
1466 3150 1634 3201 potest,
1666 3150 1749 3190 aut
1772 3147 1916 3199 solum
1939 3147 2146 3190 habitua-

273 3213 380 3256 liter
410 3226 489 3258 seu
521 3215 570 3258 in
603 3220 710 3260 actu
743 3217 904 3273 primo,
939 3224 1019 3262 aut
1054 3219 1356 3273 habitualiter
1403 3225 1450 3264 et
1494 3220 1631 3264 simul
1680 3222 1924 3265 actualiter
1971 3234 2050 3265 seu
2095 3221 2145 3264 in

273 3293 378 3332 actu
414 3290 624 3334 secundo.
688 3291 924 3346 Obligatio
957 3293 1005 3335 in
1039 3298 1148 3337 actu
1180 3294 1326 3349 primo
1375 3294 1544 3338 dicitur
1576 3296 1870 3352 imperfectffi
1920 3294 2145 3351 obligatio

273 3368 424 3408 auten]
462 3365 510 3408 in
543 3370 651 3409 actu
684 3367 880 3410 secundo
917 3369 1147 3424 perfecta.
1214 3367 1299 3421 Qui
1349 3369 1597 3413 actualiter
1644 3370 1746 3425 lege
1795 3369 2029 3424 obligatus
2075 3372 2143 3412 est

273 3453 460 3494 eamque
491 3454 582 3483 non
617 3445 784 3496 servat,
827 3442 1098 3497 formaliter
1145 3447 1324 3498 peccat;
1375 3444 1447 3498 qui
1499 3445 1645 3487 solum
1694 3444 1996 3487 habitualiter
2041 3443 2144 3498 lege

273 3518 458 3557 tenetur
491 3528 677 3569 eamque
711 3516 1065 3571 transgreditur,
1098 3520 1253 3571 peccat
1286 3518 1605 3563 materialiter.
