2269 3898
686 206 752 249 De
784 206 981 261 peccatis
1014 205 1299 260 capitalibus.
1842 208 1929 249 335)

62 340 348 406 iterantur,
403 339 625 390 sanitati
687 340 928 406 corporis
981 340 1224 407 graviter
1277 346 1492 406 nocent,
1544 341 1716 391 vitam
1769 348 1919 390 nota·

67 426 248 478 biliter
288 426 618 478 abbreviant
659 433 711 477 et
762 427 986 494 insuper
1039 426 1425 478 vehementem
1480 427 1717 496 morphii
1774 430 1924 496 cupi-

61 517 256 567 ·dinem
299 523 620 584 provocant,
664 533 805 583 quae
848 514 1131 566 difficilius
1173 534 1334 584 quam
1384 516 1618 567 ebrietas
1676 520 1920 586 superari

58 612 119 654 et
159 611 542 673 praeterquam
585 605 640 654 in
670 605 998 655 nosocomiis
1026 605 1082 654 in
1125 603 1272 655 hunc
1314 604 1481 655 finem
1522 607 1716 656 erectis
1748 608 1927 657 curari

62 694 165 742 vix
203 700 396 761 potest.

214 800 253 831 c.
298 780 542 831 Effectus
598 781 685 830 isti
735 781 961 849 maligni
1016 799 1124 832 non
1185 789 1480 832 causantur
1542 783 1648 833 nisi
1703 801 1771 833 ex
1830 802 1930 834 usu

64 869 288 920 maioris
329 870 652 938 quantitatis
694 870 914 938 saepius
956 870 1177 936 iterato3
1220 888 1430 939 paucae
1459 872 1780 923 iniectiones
1822 890 1929 923 mo-

59 958 224 1008 -dicae
266 959 479 1026 corpori
521 957 609 1009 vel
650 960 867 1009 animae
909 960 1007 1009 vix
1048 959 1350 1028 quidquam
1393 968 1607 1012 nocent.

214 1047 263 1099 72.
307 1047 394 1097 Ex
434 1048 520 1098 his
561 1047 742 1116 quoad
785 1046 1063 1099 Ziccitatem
1104 1049 1268 1100 huius
1321 1067 1450 1099 usus
1492 1051 1601 1100 iam
1644 1050 1929 1119 sequentia

59 1135 414 1204 colliguntur.

216 1244 263 1278 α.
304 1223 546 1294 Morphii
586 1242 716 1275 usus
757 1225 892 1276 adeo
936 1226 1184 1292 exiguus,
1228 1234 1288 1276 ut
1328 1225 1496 1277 alium
1525 1227 1781 1278 effectum
1824 1244 1935 1278 non

64 1313 337 1384 producat
377 1315 482 1364 nisi
523 1315 977 1365 restaurationem
1019 1316 1223 1365 virium
1267 1324 1319 1364 et
1359 1318 1708 1383 pacationem
1738 1334 1933 1366 nervo-

61 1421 205 1470 rum,
250 1403 536 1454 manifesto
577 1402 761 1454 licitus
804 1411 896 1456 est.

217 1493 260 1545 b.
308 1491 548 1561 Morphii
605 1510 735 1542 usus
791 1492 1120 1558 moderatus,
1180 1495 1343 1543 etiam
1399 1495 1515 1544 sine
1570 1495 1711 1544 iusta
1766 1512 1932 1545 causa

60 1580 241 1632 solum
297 1579 368 1631 ad
420 1580 721 1631 sedandam
779 1581 895 1630 eius
948 1581 1307 1649 cupiditatem
1362 1581 1660 1647 adhibitus,
1718 1582 1934 1633 veniale

68 1672 357 1738 peccatum
400 1687 508 1719 non
550 1668 787 1734 excedit,
845 1687 970 1720 cum
1024 1670 1245 1720 sanitati
1298 1672 1540 1739 graviter
1589 1689 1698 1722 non
1738 1682 1933 1723 noceat

65 1776 171 1809 nec
198 1756 497 1809 notabilem
526 1758 673 1808 vitae
701 1756 1178 1809 abbreviationem
1209 1766 1422 1824 causet3
1466 1759 1715 1829 morphio
1745 1769 1928 1812 autem

65 1866 136 1897 ea
179 1848 485 1916 quantitate
512 1854 566 1897 et
592 1846 903 1916 frequentia
930 1849 1025 1909 uti,
1070 1866 1139 1898 ex
1180 1847 1381 1917 quibus
1409 1849 1651 1900 notabile
1682 1851 1933 1901 sanitatis

71 1944 131 1986 -et
172 1938 319 1987 vitae
360 1936 753 1987 detrimentum
794 1944 1068 2006 sequatur,
1110 1956 1279 2006 grave
1321 1946 1612 2006 peccatum
1655 1948 1749 1991 est.

221 2046 260 2078 c.
303 2025 543 2093 Morphii
600 2044 729 2076 usus
786 2044 849 2078 ea
905 2028 1211 2095 quantitate
1267 2026 1562 2095 adhibitus,
1628 2036 1686 2079 ut
1744 2048 1934 2080 sensus

75 2115 356 2183 sopiantur
397 2122 449 2164 et
489 2115 725 2182 privatio
768 2133 896 2165 usus
937 2117 1163 2166 rationis
1205 2124 1478 2185 sequatur,

224 2220 275 2256 α.
316 2204 433 2253 sine
474 2204 614 2254 iusta
657 2222 821 2254 causa
860 2222 1030 2272 grave
1071 2212 1360 2272 peccatum
1402 2215 1498 2272 est,
1555 2224 1729 2276 aeque
1771 2215 1933 2274 atque

65 2291 312 2343 ebrietas
353 2310 421 2342 ex
463 2293 741 2360 potatione
783 2294 901 2344 vini
944 2301 1090 2358 orta3

229 2383 272 2451 β.
322 2400 389 2432 ex
431 2399 596 2432 causa
638 2383 1048 2451 proportionate
1087 2385 1244 2451 gravi
1287 2385 1627 2436 necessitatis
1668 2385 1757 2436 vel
1799 2384 1939 2436 utili-

69 2471 203 2521 tatis
238 2469 420 2520 licitus
462 2478 556 2536 est,
600 2489 644 2521 e.
686 2488 737 2538 g.
780 2478 840 2521 ut
880 2471 1129 2522 infirmus
1171 2473 1227 2522 in
1269 2474 1584 2541 operatione
1627 2473 1939 2542 chirurgica

75 2560 194 2609 sine
231 2561 539 2610 resistentia
580 2578 635 2610 se
677 2561 958 2627 permittat
983 2559 1237 2612 manibus
1280 2561 1539 2629 chirurgi,
1581 2581 1649 2614 ne
1691 2563 1940 2615 infirmus

75 2649 274 2699 sentiat
314 2647 540 2699 acerbos
582 2648 820 2714 dolores3

225 2753 277 2800 γ.
322 2737 378 2786 in
419 2737 647 2788 articulo
703 2740 892 2789 mortis
935 2746 1077 2789 certe
1131 2757 1236 2790 non
1292 2739 1434 2804 licet,
1490 2740 1533 2790 si
1576 2740 1940 2792 moribundus

79 2824 326 2895 nondum
368 2833 449 2884 est
487 2825 738 2891 adab-ene
767 2827 1471 2897 morienndumrdispositus3
1516 2831 1682 2880 immo
1725 2831 1939 2882 etiamsi

68 2913 150 2964 *ad
191 2922 419 2964 mortem
461 2916 564 2965 rite
606 2915 902 2984 dispositus
943 2918 1029 2980 sit,
1084 2924 1269 2968 tamen
1311 2936 1419 2968 non
1460 2917 1603 2984 licet,
1661 2920 1788 2987 quia
1830 2937 1940 2970 non

80 3002 236 3053 adest
275 3004 413 3053 ratio
469 3002 748 3054 sufficiens
791 3004 1181 3056 moribundum
1235 3006 1493 3074 privandi
1535 3025 1636 3057 usu
1677 3009 1938 3058 rationis:

70 3091 353 3160 >siquidem
396 3110 456 3142 eo
497 3100 741 3160 tempore
784 3111 913 3144 usus
954 3096 1181 3145 rationis
1229 3103 1413 3145 tantae
1454 3095 1705 3147 utilitatis
1747 3115 1811 3147 ac
1852 3115 1939 3146 ne-

80 3181 348 3231 cessitatis
391 3189 483 3242 est,
538 3190 598 3231 ut
638 3181 785 3233 nullo
841 3182 1207 3234 emolumento
1262 3184 1548 3252 temporali
1599 3187 1970 3254 compensari,

81 3269 280 3337 possit:
342 3269 704 3321 moribundus
754 3272 898 3322 enim
960 3280 1168 3323 careret
1210 3273 1433 3338 meritis,
1496 3292 1636 3344 quae
1696 3282 1811 3324 tum
1874 3270 1974 3323 exf

82 3356 363 3409 doloribus
402 3359 674 3426 patienter
699 3359 940 3411 toleratis
980 3369 1097 3412 tum
1140 3380 1206 3412 ex
1249 3361 1464 3413 actibus
1505 3363 1778 3432 perfectae
1822 3380 1940 3414 con-

81 3445 374 3497 formitatis
416 3465 540 3498 cum
595 3447 787 3499 divina
839 3448 1121 3503 voluntate
1177 3450 1518 3521 aliarumque
1559 3453 1825 3502 virtutum
1868 3451 1944 3502 lu-

74 3537 225 3585 ‹crari
266 3544 473 3604 posset3

1686 3629 1768 3661 903

1686 3658 1741 3670 ..a—⁷
