2269 3898
288 173 371 214 172
1019 168 1085 210 De
1118 166 1423 209 matrimonio.

288 307 451 362 quibus
486 307 593 349 data
628 308 721 353 est;
774 303 851 345 sed
901 306 1161 344 occurrente
1209 299 1431 343 eiusmodi
1482 313 1588 342 casu
1635 301 1957 343 recurrendum
2001 305 2070 343 est
2115 302 2174 345 ad

291 380 585 433 ordinarium,
619 378 695 432 qui
730 381 774 420 et
808 377 918 431 ipse,
966 375 1003 418 si
1037 381 1220 429 tempus
1253 374 1302 416 id
1335 374 1584 429 permittit,
1618 387 1845 418 recurrere
1879 375 2013 419 debet
2045 376 2102 419 ad
2139 390 2173 419 8.

289 455 452 498 sedem.
517 453 660 496 Immo
701 453 749 495 in
789 451 902 506 ipsis
948 450 1072 504 lociS,
1115 463 1194 504 pro
1241 448 1404 503 quibus
1437 448 1548 492 11666
1581 448 1765 504 passiva
1799 450 2066 494 assistentia
2098 451 2173 494 ad·

292 529 512 581 mittitur,
547 527 768 582 parochus
792 525 1001 568 consulat
1027 523 1324 577 ordinarium,
1359 522 1625 578 priusquam
1649 523 1944 568 matrimonio
1968 524 2172 568 assistat.

440 619 488 669 3.
547 618 633 668 De
686 619 803 667 iure
854 616 1137 666 communi
1179 613 1519 664 omittendae
1561 623 1689 665 sunt
1722 614 2174 684 proclamationes

291 709 453 760 huius
490 706 848 771 matrimonii,
890 723 958 755 ne
988 703 1178 755 fideles
1208 701 1535 754 scandalum
1563 710 1784 755 sumant
1812 722 1954 755 neve
1983 722 2174 755 eorum

290 798 480 849 horror
521 815 648 865 erga
690 794 827 846 haec
869 793 1225 845 matrimonia
1266 793 1567 846 minuatur.
1625 791 1740 845 Ubi
1771 801 1957 844 tamen
1988 795 2174 845 activa

288 886 516 957 parochi
559 886 872 937 assistentia
914 883 1266 953 permittitur,
1311 880 1401 932 vel
1450 881 1915 951 proclamationes
1964 883 2175 954 absque

288 975 637 1028 incommodo
682 975 858 1026 omitti
901 981 1200 1043 nequeunt,
1252 974 1403 1041 ipsae
1446 972 1565 1023 fieri
1607 973 2017 1042 (praetermissa
2055 972 2174 1024 reli-

289 1068 468 1135 gionis
522 1065 965 1134 nupturientium
1020 1061 1324 1130 mentione)
1368 1070 1420 1113 et
1464 1062 1530 1114 de
1571 1062 1733 1114 factis
1773 1061 1988 1115 litterae
2030 1065 2175 1115 testi-

288 1155 553 1207 moniales
597 1153 827 1206 concedi
871 1151 1167 1222 possuntl).

438 1319 569 1372 162.
625 1319 709 1372 De
762 1317 1036 1371 adeundo
1091 1317 1378 1371 ministro
1432 1317 1816 1387 haeretico2).
1907 1338 1955 1372 α.
2013 1318 2177 1370 Mini-

289 1418 459 1462 strum
504 1409 845 1460 haereticum
889 1417 1174 1477 tamquam
1219 1406 1517 1458 officialem
1569 1405 1791 1458 civilem
1847 1407 2001 1460 adire
2058 1409 2177 1459 sive

285 1508 416 1551 ante
458 1500 574 1551 sive
615 1506 737 1568 post
766 1498 1183 1549 matrimonium
1214 1505 1562 1549 contractum
1592 1497 1661 1549 ob
1691 1515 1921 1566 gravem
1952 1516 2176 1550 causam

285 1588 430 1656 licet,
487 1587 583 1641 ubi
625 1606 670 1640 e.
713 1605 763 1655 g.
808 1586 900 1639 lex
943 1586 1124 1639 civilis
1167 1587 1223 1639 id
1266 1588 1541 1657 praecipit
1582 1587 1653 1640 ad
1711 1595 1896 1638 actum
1953 1586 2176 1639 civilem

286 1678 648 1748 implendum.

437 1769 481 1820 b.
525 1768 843 1820 Ministrum
886 1766 1227 1818 haereticum
1270 1775 1555 1836 tamquam
1600 1767 1916 1818 ministrum
1958 1785 2177 1818 sacrum

287 1860 356 1911 ad
411 1857 805 1910 celebrandum
850 1858 1268 1910 matrimonium
1312 1857 1468 1908 adire
1510 1873 1622 1908 non
1664 1855 1809 1919 licet,
1867 1864 1920 1907 et
1973 1857 2069 1926 qui
2120 1857 2176 1909 id

286 1949 514 2015 faciunt,
544 1949 790 2018 graviter
818 1956 1052 2017 peccant
1077 1949 1292 1999 ratione
1322 1946 1719 2017 prohibitionis
1750 1946 2176 2015 ecclesiasticae,

286 2038 534 2090 scandali
589 2047 642 2089 61
691 2038 894 2089 vetitae
946 2038 1471 2089 communicationis
1523 2037 1580 2088 in
1623 2039 1809 2103 sacris,
1854 2044 1908 2089 et
1949 2038 2177 2108 insuper

289 2129 871 2181 coccommunicationcm
911 2129 1191 2179 incurrunt
1232 2135 1289 2178 ut
1331 2126 1625 2179 haereticis
1669 2127 1975 2182 credentes.

437 2239 476 2272 c.
521 2217 578 2270 Si
621 2219 1010 2287 nupturientes
1053 2216 1464 2269 declaraverint
1505 2236 1560 2269 se
1591 2216 1733 2269 velle
1775 2225 1967 2288 postea
2009 2218 2175 2270 etiam

289 2326 472 2361 coram
514 2309 763 2359 ministro
807 2307 1086 2359 haeretico
1130 2308 1474 2374 contrahere,
1527 2307 1803 2377 parochus
1845 2326 1955 2360 non
1997 2315 2176 2378 potest

290 2417 479 2451 eorum
522 2399 874 2450 matrimonio
916 2399 1189 2451 assistere.

438 2487 607 2542 Quodsi
631 2487 877 2543 parochum
912 2488 1096 2543 adeant,
1130 2492 1373 2543 postquam
1398 2502 1545 2532 coram
1576 2487 1788 2532 ministro
1822 2486 2050 2532 haeretico
2083 2486 2176 2531 iam

289 2567 629 2618 contraxerunt,
684 2563 906 2618 parochus
954 2562 1249 2607 matrimonio
1298 2562 1512 2607 assistere
1560 2562 1736 2618 nequit,
1785 2562 1890 2618 nisi,
1939 2561 2178 2618 praestitis

288 2638 589 2693 caut-ionibus,
639 2652 743 2694 pars
787 2638 1012 2682 catholica
1054 2638 1170 2682 facti
1218 2638 1458 2695 poenitens
1507 2652 1534 2682 a
1566 2638 1805 2682 commisso
1855 2644 2039 2694 peccato
2073 2642 2118 2682 et
2151 2652 2178 2682 a

292 2718 526 2757 contracta
559 2727 746 2757 censura
779 2713 905 2769 prius
939 2713 1274 2757 absolutionem
1308 2712 1575 2758 obtinuerit.

441 2802 491 2855 d.
537 2802 594 2856 Si
635 2803 913 2873 parochus
947 2805 1319 2874 interrogetur
1344 2823 1375 2855 a
1403 2805 1637 2873 sponsiS,
1669 2821 1802 2855 num
1829 2803 1997 2856 liceat
2022 2803 2178 2856 adire

290 2893 601 2944 ministrum
642 2892 1002 2957 haereticum,
1047 2892 1134 2945 vel
1178 2895 1221 2946 si
1266 2902 1414 2946 certo
1458 2895 1597 2946 sciat
1625 2912 1716 2946 eos
1745 2893 1900 2946 illum
1929 2892 2178 2946 adituros

289 3000 420 3046 esse,
464 3001 574 3034 non
615 2990 796 3052 potest
839 2983 1016 3051 silere,
1059 2984 1156 3036 sed
1198 3002 1427 3054 sponsos
1470 2984 1538 3036 de
1571 2985 1731 3054 gravi
1762 2982 2031 3035 ecclesiae
2059 3002 2175 3053 pro-

288 3071 560 3124 hibitione
604 3081 656 3124 et
697 3073 764 3124 de
807 3075 1055 3126 censuris
1099 3092 1321 3126 monere
1365 3073 1546 3142 debet,
1604 3082 1657 3126 et
1709 3075 1754 3126 si
1796 3076 1853 3126 in
1894 3074 2175 3144 proposito

288 3163 599 3231 persistant,
643 3181 752 3214 non
795 3171 973 3233 potest
1013 3163 1182 3216 ullam
1225 3165 1598 3216 assistentiam
1640 3163 1921 3234 praebere.

446 3325 475 3382 1>
510 3327 577 3370 Cf.
611 3326 856 3371 instructio
888 3329 947 3371 ad
980 3329 1212 3384 episcopos
1246 3329 1409 3372 Bavar.
1446 3329 1514 3372 12.
1550 3333 1665 3385 sept.
1702 3328 1841 3381 1834;
1889 3342 1924 3371 s.
1965 3327 2172 3385 Officium

292 3401 332 3443 4.
366 3400 445 3444 iul.
482 3402 613 3445 1874.

445 3473 476 3529 2)
507 3475 608 3519 Huc
640 3476 844 3531 pertinet
878 3477 1045 3533 duplex
1078 3478 1322 3522 instructio
1356 3493 1392 3523 s.
1421 3479 1576 3537 Officii
1598 3479 1666 3522 17.
1700 3479 1813 3524 16111.
1849 3479 1966 3522 1864
1997 3477 2057 3522 ad
2089 3477 2176 3533 epi-

292 3561 421 3604 scopo
445 3551 576 3604 regni
604 3551 932 3596 hannoveriani
958 3556 1005 3595 et·
1025 3553 1094 3595 12.
1110 3553 1201 3598 dec.
1220 3554 1336 3597 1888
1354 3554 1411 3597 ad
1427 3554 1660 3610 episcopos
1673 3554 1848 3597 rituum
1867 3551 2176 3597 orientalium.
