2269 3898
831 134 899 177 De
930 135 1032 190 lege
1065 134 1233 178 divina.
1888 138 1970 180 111

98 268 252 323 miam,
287 267 552 322 divortium,
584 266 871 322 servitutem,
916 268 1095 322 proprie
1131 282 1221 311 non
1266 268 1500 323 dispensat
1544 269 1593 312 in
1637 270 1734 325 leffe
1765 274 1972 325 naturae,

98 355 200 385 cum
234 343 307 386 lex
339 342 387 385 id
420 341 579 385 stricte
611 354 702 384 non
735 341 1002 396 praecipiat,
1036 342 1112 384 sed
1146 344 1290 385 solum
1324 344 1528 387 suadeat.

249 418 299 469 3.
342 417 461 468 Lex
506 425 735 467 naturae
777 417 1067 487 improprie
1111 417 1304 468 divina
1335 427 1600 485 potestate
1643 420 1841 470 mutari
1884 437 1972 489 po-

97 514 217 568 test,
261 524 323 556 eo
366 504 514 574 quod
557 507 788 556 materia
830 505 968 572 legis
1012 514 1269 559 mutatur.
1328 506 1542 571 Quodsi
1575 510 1804 560 materia
1840 508 1975 577 legis

97 603 353 662 mutetur,
398 594 516 645 fieri
558 596 748 663 utique
791 603 984 664 potest,
1044 603 1101 646 ut
1156 597 1212 646 in
1266 597 1587 664 particulari
1633 617 1761 650 casu
1804 607 1978 650 cesset

99 684 364 752 obligatio
408 684 543 753 legis
586 703 681 735 seu
725 691 783 735 ut
824 683 914 735 lex
957 685 1257 754 improprie
1299 695 1557 739 mutetur.

247 787 288 815 a.
330 773 424 816 Lex
446 774 642 830 proprie
674 774 845 817 mutari
881 774 1065 829 dicitur,
1108 774 1145 817 si
1179 775 1400 830 obligatio
1433 776 1550 831 legis
1586 781 1731 819 cessat
1766 782 1978 821 manente

98 848 254 892 eadem
289 848 483 891 materia
514 848 653 903 legis;
689 849 936 904 improprie
970 852 1122 892 autem
1157 850 1229 892 lex
1263 850 1432 892 mutari
1469 850 1651 905 dicitur,
1686 852 1722 894 si
1758 852 1978 907 obligatio

95 923 214 978 legis
247 927 407 978 cessat,
449 922 526 965 ubi
571 923 765 966 materia
807 923 924 978 legis
969 923 1117 966 evasit
1162 923 1266 966 alia.
1331 923 1395 966 Ut
1427 924 1736 980 intelligat-ur,
1771 926 1846 979 qui
1880 926 1979 968 fieri

96 997 256 1052 possit,
289 1002 342 1040 ut
376 997 569 1041 materia
600 998 717 1052 legis
762 1002 984 1053 mutetur,
1026 999 1279 1041 notandum
1324 1002 1391 1042 est
1439 1000 1706 1054 quandoque
1739 1000 1979 1043 materiam

97 1072 214 1127 legis
247 1072 473 1115 naturalis
507 1071 778 1127 simpliciter
809 1072 857 1115 in
891 1086 937 1116 se
971 1073 1137 1115 malam
1172 1086 1286 1127 esse:
1337 1073 1399 1116 sic
1431 1074 1600 1117 locutio
1636 1076 1728 1118 Deo
1761 1075 1981 1118 iniuriosa

96 1145 146 1188 in
179 1158 224 1188 se
257 1150 304 1189 et
336 1150 521 1200 propter
554 1159 600 1189 se
633 1147 753 1189 mala
787 1152 875 1200 est3
913 1147 1181 1201 quandoque
1213 1152 1366 1190 autem
1400 1148 1500 1191 ideo
1534 1150 1581 1192 in
1611 1163 1656 1193 se
1680 1151 1846 1193 malam
1872 1163 1980 1204 esse,

97 1219 204 1274 quia
236 1219 276 1263 ei
309 1233 535 1263 annexum
571 1226 640 1265 est
672 1221 743 1265 ius
776 1222 990 1265 alienum.
1025 1221 1117 1265 Iam
1142 1236 1245 1266 vero
1280 1223 1355 1277 qui
1389 1223 1437 1266 in
1472 1224 1589 1267 illud
1623 1225 1693 1269 ius
1730 1225 1979 1268 dominium

100 1298 292 1349 exercet,
324 1296 571 1339 auferendo
603 1296 719 1338 illud
752 1296 824 1339 ius
858 1298 1037 1340 efficere
1070 1301 1237 1351 potest,
1270 1301 1323 1339 ut
1346 1297 1480 1349 actio,
1516 1312 1629 1352 quae
1658 1303 1793 1342 antea
1815 1300 1982 1343 illicita

99 1375 214 1424 erat,
245 1383 365 1412 nunc
396 1369 526 1413 licita
572 1371 753 1414 evadat.
818 1372 954 1414 Patet
998 1371 1145 1425 legem
1188 1372 1463 1426 naturalem,
1514 1386 1626 1426 quae
1670 1374 1893 1429 prohibet,
1926 1388 1982 1418 116

98 1443 170 1486 ius
218 1444 417 1487 alienum
459 1445 686 1499 laedatur,
735 1445 782 1487 in
825 1446 908 1488 1106
948 1459 1053 1487 casu
1094 1459 1183 1488 non
1228 1445 1414 1500 mutari,
1464 1447 1540 1489 sed
1576 1448 1815 1491 materiam
1851 1450 1981 1505 legis,

99 1519 253 1562 demta
285 1518 341 1562 ab
375 1532 426 1562 ea
458 1519 612 1573 aliqua
645 1519 1004 1574 circumstantia,
1040 1523 1265 1562 mutatam
1302 1533 1396 1563 esse
1411 1520 1450 1571 ι).

249 1593 320 1635 Sic
352 1594 424 1636 lex
456 1594 682 1636 naturalis
717 1593 926 1649 prohibet
959 1593 1156 1648 seipsum
1192 1595 1262 1637 vel
1296 1594 1581 1639 innocentem
1625 1597 1837 1652 occidere,
1871 1598 1981 1642 item

102 1666 312 1722 prohibet
344 1680 437 1709 rem
473 1668 668 1711 alienam
703 1671 903 1719 auferre;
948 1668 983 1711 si
1019 1673 1173 1711 tamen
1206 1670 1342 1726 Deus,
1377 1670 1453 1724 qui
1487 1676 1556 1714 est
1588 1671 1713 1715 vitae
1746 1677 1790 1716 et
1824 1674 1984 1717 mortis

99 1756 153 1786 ac
184 1755 332 1785 rerum
383 1742 584 1784 omnium
636 1743 860 1798 dominus,
908 1743 956 1786 id
1002 1744 1244 1799 permittat
1284 1746 1355 1788 vel
1400 1746 1666 1802 praecipiat,
1716 1748 1841 1792 licite
1884 1749 1983 1792 fieri

99 1820 264 1872 potest.
307 1842 363 1846 -
402 1817 519 1860 Num
560 1818 682 1861 Deus
723 1832 802 1873 pro
847 1832 928 1862 sua
972 1822 1202 1874 potestate
1249 1820 1388 1863 etiam
1432 1821 1480 1863 id
1525 1823 1704 1866 efficere
1738 1823 1897 1878 possit,
1930 1828 1983 1867 ut

101 1891 380 1934 concedendo
422 1891 494 1934 ius
542 1891 589 1934 in
631 1905 789 1946 corpus
833 1892 1031 1936 alienum
1079 1898 1219 1936 cesset
1263 1908 1358 1938 esse
1401 1895 1520 1939 actio
1562 1896 1821 1952 fornicaria,
1871 1911 1985 1952 quae

101 1966 215 2009 alias
249 1970 367 2009 esset
400 1965 524 2020 talis,
558 1980 647 2009 non
679 1966 909 2020 constat‘2).

252 2041 289 2083 b.
323 2041 454 2094 Sunt,
489 2040 565 2094 qui
590 2041 796 2096 doceant,
828 2042 976 2096 legem
1011 2044 1267 2086 naturalem
1302 2057 1380 2099 per
1403 2044 1790 2099 dispensationem
1815 2042 2088 2090 1111116116»..-

2165 2056 2225 2081 :2-(5
2247 2069 2269 2085 ιλ

2195 2102 2207 2108 x
2240 2096 2252 2112 l

102 2127 232 2170 posse
265 2119 310 2156 et
345 2114 701 2168 dispensationis
724 2116 876 2159 factae
900 2118 1120 2160 nonnulla
1142 2119 1348 2173 exempla
1381 2120 1583 2162 afferunt
1616 2123 1669 2163 ut
1693 2128 1983 2176 praeceptum
2010 2140 2060 2161 ,m
2216 2113 2242 2135 ‘

103 2188 391 2244 patriarchae
422 2189 651 2231 Abraham
693 2191 868 2233 factum
910 2191 1179 2234 immolandi
1213 2193 1378 2248 filium,
1422 2194 1494 2237 vel
1538 2199 1831 2250 praeceptum
1866 2185 2045 2240 aufe-2³⁴·
2083 2185 2258 2227 ‘''5-'·'·

103 2263 231 2306 rendi
265 2263 410 2318 spolia
442 2263 790 2318 Aegyptiorum.
854 2265 1019 2308 Verum
1056 2267 1360 2311 consideranti
1406 2269 1516 2312 11666
1558 2272 1765 2325 exempla
1810 2272 1985 2326 patebit
2004 2251 2090 2312 &3²³
2138 2259 2141 2266 ¹

103 2351 193 2381 non
224 2338 387 2392 legem,
421 2338 498 2380 sed
531 2338 647 2393 legis
682 2339 921 2382 materiam
955 2340 1097 2384 fuisse
1130 2346 1373 2386 mutatam.
1429 2345 1489 2386 Et
1523 2357 1629 2388 sane
1662 2347 1841 2399 quando
1866 2348 1986 2390 Deus

102 2413 360 2457 Abrahamo
394 2413 543 2455 filium
576 2413 812 2458 immolare
846 2416 1090 2471 praecepit,
1123 2431 1213 2460 non
1239 2418 1526 2473 dispensavit
1561 2419 1608 2462 in
1633 2420 1875 2464 homicidio
1910 2422 1987 2464 sed

103 2487 361 2531 Abrahamo
395 2488 590 2531 contulit
623 2489 709 2544 ius,
743 2490 862 2543 quod
894 2490 983 2545 ipsi
1017 2492 1109 2534 Deo
1142 2491 1190 2534 in
1223 2492 1368 2535 vitam
1403 2494 1601 2537 hominis
1635 2496 1865 2549 competit.

254 2564 303 2616 4.
363 2564 500 2616 Cum
555 2563 646 2615 lex
705 2565 972 2616 naturalis
1024 2567 1161 2618 adeo
1216 2569 1285 2618 'sit
1338 2569 1717 2634 immutabilis,
1775 2582 1835 2621 ut
1887 2589 1988 2621 nec

108 2653 225 2723 ipse
261 2653 414 2704 Deus
457 2672 577 2704 eam
621 2654 871 2706 relaxare
915 2655 1002 2707 vel
1045 2657 1102 2707 in
1145 2675 1208 2707 ea
1249 2660 1468 2727 proprie
1511 2659 1828 2727 dispensare
1870 2679 1985 2729 pos-

108 2744 192 2809 sit,
249 2763 279 2794 a
332 2744 542 2795 fortiori
595 2743 814 2796 ecelesia
872 2746 925 2797 in
981 2764 1043 2796 ea
1096 2747 1416 2816 dispensare
1468 2750 1688 2817 nequit,
1744 2757 1988 2801 attamen

111 2841 288 2901 potest
331 2851 453 2885 eam
498 2833 776 2885 declarare
830 2843 883 2885 61
935 2836 1284 2904 interpretari
1342 2837 1508 2907 idque
1562 2837 1988 2903 infallibiliter3).

267 2980 295 3037 ¹)
329 2981 396 3025 Cf.
430 2982 690 3026 Lelzmkwlzl
720 2983 751 3026 Ι.
783 2998 827 3027 11.
864 2984 962 3027 190.

264 3054 298 3107 2)
335 3056 497 3099 Censet
545 3056 728 3101 Suara&
783 3059 856 3107 (de
897 3060 985 3114 leg.
1026 3060 1056 3102 1.
1090 3060 1130 3102 2.
1165 3074 1199 3102 6.
1236 3060 1303 3103 15.
1349 3074 1391 3104 n.
1428 3061 1501 3115 ΞΟ)
1546 3061 1692 3104 Deum
1744 3063 1991 3105 transferre

111 3142 241 3185 posse
272 3129 321 3172 in
353 3129 502 3173 virum
537 3131 788 3175 dominium
822 3132 871 3175 in
904 3146 1064 3188 corpus
1098 3134 1302 3178 mulieris
1336 3135 1433 3178 sine
1466 3149 1684 3179 consensu
1717 3136 1812 3178 eius
1846 3139 1891 3178 et
1923 3135 1992 3178 ita

110 3204 306 3258 efficere,
338 3208 391 3247 ut
424 3206 585 3259 copula
616 3219 706 3249 non
740 3206 801 3249 sit
832 3208 1090 3251 fornicaria.
1147 3208 1377 3264 Quidquid
1411 3210 1487 3265 sit,
1520 3212 1710 3266 factum,
1746 3211 1863 3265 quod
1886 3210 1992 3253 111116

112 3279 368 3332 quaestioni
402 3293 558 3323 ansam
594 3280 720 3323 dedit
756 3280 886 3333 (Osee
921 3283 960 3337 1,
993 3284 1049 3338 2),
1099 3283 1237 3326 aliam
1276 3284 1704 3340 interpretationem
1740 3284 1887 3339 exigit
1919 3285 1992 3329 vel

113 3353 275 3395 saltem
308 3353 534 3397 admittit.
599 3354 664 3398 Cf.
700 3355 1039 3400 Knabenbauer
1069 3357 1118 3400 in
1151 3358 1194 3400 h.
1226 3358 1255 3400 1.

267 3425 300 3479 3)
333 3427 400 3470 Cf.
434 3427 703 3483 Franeelin,
736 3430 803 3473 De
837 3430 994 3474 divina
1027 3431 1301 3475 traditione³
1334 3433 1536 3487 (Romae.
1561 3433 1758 3488 Typogr.
1795 3433 1848 3476 de
1865 3447 1991 3489 prop.

115 3500 206 3544 fide
240 3502 372 3557 1882)
402 3503 518 3546 thes.
551 3504 646 3547 XII.
681 3505 817 3550 schol.
852 3506 891 3551 1.
