2269 3898
850 130 919 172 De
949 129 1246 184 sponsalibus.
1934 130 1991 171 49

120 264 417 319 probabilitas
463 264 568 307 huie
618 263 872 307 sententiae
920 275 1101 316 prorsus
1148 262 1307 317 negari
1351 263 1522 317 nequit.
1588 263 1657 306 Ex
1691 263 1990 307 decisionibus

121 337 282 392 quibus
325 337 511 381 ecclesia
547 336 751 380 invalida
795 336 994 379 declarat
1039 335 1281 390 sponsalia,
1327 336 1402 378 ubi
1437 336 1728 380 matrimonio
1772 337 1990 392 promisso

121 411 274 454 obstat
312 411 691 466 impedimentum
736 409 1025 465 disparitatis
1069 409 1218 452 cultus
1267 410 1338 452 vel
1388 410 1559 453 mixtae
1606 411 1896 466 religionis¹),
1943 411 1992 454 id

121 492 239 528 certe
273 485 518 540 colligitur,
564 484 794 528 ecclesiam
829 484 938 527 haec
973 483 1316 538 impedimenta,
1359 483 1406 526 in
1450 484 1610 538 quibus
1643 498 1776 540 aegre
1810 488 1991 528 tantum

121 573 171 602 ac
194 559 339 602 veluti
371 560 521 602 invita
555 559 804 614 dispensat,
837 558 984 613 quoad
1018 557 1247 613 sponsalia
1269 557 1431 601 habere
1464 563 1516 600 ut
1544 558 1872 614 impedimenta
1903 574 1992 603 non

122 631 500 688 dispensabilia²>.

272 709 311 757 β.
345 707 581 762 Sponsalia
604 707 722 750 inita
755 720 851 749 cum
874 720 1078 762 persona
1114 707 1378 759 acatholica,
1412 706 1447 749 si
1482 708 1598 750 fiant
1622 708 1703 750 sub
1736 708 1994 752 condicione

121 782 392 825 obtinendae
455 781 822 836 dispensationiS,
885 781 968 825 hac
1021 781 1209 825 obtenta
1270 787 1316 824 et
1367 787 1602 836 acceptata
1666 782 1820 825 valida
1873 786 1994 837 sunt²

121 857 280 899 saltem
332 859 435 911 post
479 860 746 899 renovatum
796 868 1059 899 consensum
1093 856 1153 910 (n.
1188 855 1312 909 536);
1363 861 1411 898 at
1444 855 1565 910 parti
1610 856 1858 899 catholicae
1906 870 1993 899 ma-

122 930 336 973 trimonio
358 931 559 973 nondum
577 929 694 972 inito
717 934 871 972 manet
889 930 1087 973 facultas
1110 929 1345 973 recedendi
1364 944 1390 972 a
1409 930 1707 984 sponsalibus,
1730 931 1819 973 nisi
1843 931 1994 973 matri—

123 1004 324 1048 monium
359 1004 419 1048 sit
454 1004 652 1047 medium
701 1004 1001 1047 necessarium
1045 1004 1284 1059 reparandi
1317 1003 1547 1047 iniuriam.
1611 1005 1721 1048 Cum
1755 1005 1873 1048 enim
1908 1019 1996 1048 ma-

122 1078 390 1122 trimonium
423 1078 619 1121 mixtum
653 1091 754 1120 raro
789 1077 849 1120 sit
882 1078 1015 1132 plane
1047 1078 1224 1121 licitum
1258 1082 1303 1121 et
1338 1078 1523 1121 ecclesia
1555 1077 1671 1122 illud
1705 1091 1879 1134 semper
1912 1079 1996 1122 dis-

122 1153 326 1208 suadeat,
358 1153 488 1195 adest
519 1152 638 1195 ratio
671 1151 903 1195 sufficiens
937 1152 1165 1207 sponsalia
1199 1152 1487 1195 dissolvendi.

270 1301 363 1355 50.
428 1301 514 1354 De
566 1301 926 1355 necessitate
991 1301 1380 1369 sponsalium.
1474 1302 1592 1354 Etsi
1647 1303 1995 1354 matrimonio

123 1409 233 1443 non
277 1389 518 1442 debeant
559 1392 866 1442 necessario
911 1393 1187 1459 praemitti
1230 1390 1523 1460 sponsalia,
1581 1391 1718 1443 adeo
1761 1398 1820 1442 ut
1859 1390 1996 1442 illud

124 1490 241 1532 tum
299 1480 484 1532 valide
537 1488 654 1531 tum
712 1478 860 1531 licite
920 1481 1038 1530 sine
1099 1479 1444 1549 sponsalibus
1497 1480 1746 1532 contrahi
1798 1482 1995 1550 possit3

128 1569 436 1638 complures
502 1578 687 1621 tamen
759 1576 950 1619 extant
1009 1570 1271 1635 rationeS,
1331 1568 1399 1620 ob
1458 1588 1593 1639 quas
1650 1571 1999 1621 matrimonio

125 1657 402 1727 sponsalia
443 1659 883 1726 praemittantur.

277 1747 510 1801 Rationes,
545 1746 598 1789 ob
631 1760 742 1801 quas
775 1747 1065 1790 matrimonio
1107 1748 1344 1802 praemitti
1378 1749 1553 1791 soleant
1587 1748 1829 1803 sponsalia,
1869 1754 2001 1792 sunt:

127 1836 165 1863 α.
203 1826 257 1864 ut
290 1821 443 1876 sponsi
474 1821 659 1865 interim
695 1826 858 1877 parent
890 1836 955 1877 ea,
1002 1835 1115 1876 quae
1163 1823 1414 1866 necessaria
1447 1827 1554 1866 sunt
1587 1823 1644 1866 ad
1677 1823 1822 1866 vitam
1856 1823 2002 1866 coniu-

128 1897 276 1951 galem
313 1896 587 1949 ducendam;
633 1898 670 1946 β.
703 1902 756 1939 ut
798 1897 914 1940 alter
957 1897 1154 1940 indolem
1201 1902 1248 1941 et
1290 1911 1434 1941 mores
1481 1898 1670 1941 alterius
1713 1898 1897 1941 interim
1932 1912 2000 1941 ex-

128 1971 354 2026 periatur:
403 1970 512 2014 licet
554 1971 671 2014 enim
714 1971 804 2014 iam
848 1976 953 2014 ante
998 1972 1226 2026 sponsalia
1268 1973 1377 2016 haec
1418 1973 1718 2029 investigatio
1751 1973 2002 2017 necessaria

130 2045 208 2100 sit,
240 2045 341 2100 ipsa
374 2050 527 2088 tamen
560 2054 763 2100 tempore
797 2046 1075 2100 sponsalium
1109 2046 1365 2090 continuari
1400 2052 1552 2103 potest
1594 2051 1640 2090 et
1674 2046 1827 2100 debet;
1873 2056 1919 2090 et
1962 2046 2000 2090 si

126 2120 231 2163 inde
265 2124 492 2163 constaret
540 2120 881 2163 matrimonium
924 2120 1150 2165 infelicem
1201 2122 1374 2165 exitum
1423 2122 1687 2166 habiturum
1738 2136 1846 2177 esse,
1893 2122 2002 2165 haec

129 2194 354 2248 praevisio
389 2195 622 2238 sufficiens
654 2194 772 2238 ratio
807 2205 924 2239 esset
955 2196 1191 2239 recedendi
1233 2210 1260 2239 a
1292 2196 1605 2251 sponsalibus;
1648 2212 1689 2249 γ.
1733 2201 1786 2240 ut
1831 2199 2001 2240 crescat

130 2267 401 2311 desiderium
449 2269 596 2312 futuri
646 2269 950 2323 matrimonii;
1009 2270 1046 2314 ὃ.
1095 2275 1148 2313 ut
1195 2270 1380 2314 interim
1414 2272 1757 2315 matrimonium
1791 2274 1999 2314 futurum

130 2342 405 2397 denuntiari,
452 2349 588 2398 atque
620 2349 673 2386 ut
706 2344 880 2399 exquiri
915 2345 1073 2399 possit,
1114 2358 1221 2387 num
1257 2345 1438 2400 aliquod
1471 2346 1850 2401 impedimentum
1883 2346 2004 2389 inter

128 2431 312 2473 sponsos
346 2417 581 2461 subsistat.
644 2454 651 2469 .,

753 2655 1045 2714 Articulus
1082 2655 1378 2714 secundus

567 2794 655 2832 De
700 2791 1075 2833 effectibus
1119 2794 1563 2842 sponsalium.

279 2939 368 2993 51.
425 2938 691 3011 quatuor
730 2941 869 2993 sunt
899 2938 1143 2994 effectus
1176 2940 1579 3008 sponsalium:
1640 2944 1684 2993 1.
1737 2939 2002 3011 Obliqatio

136 3029 375 3080 iustitiae
404 3046 577 3097 eaque
601 3029 779 3098 gravis
807 3028 877 3080 ad
900 3031 1312 3081 matrimonium
1336 3037 1523 3098 postea
1550 3029 2004 3082 contrahendum.

285 3130 325 3159 a.
361 3116 518 3160 Oritur
550 3117 776 3172 obliqatz’o,
810 3117 916 3171 quia
947 3118 1178 3173 sponsalia
1209 3124 1318 3162 sunt
1350 3122 1628 3170 contractus;
1672 3117 1817 3162 omnis
1850 3122 2002 3162 autem

135 3195 395 3235 contractus
440 3205 593 3235 veram
634 3191 960 3247 obligationem
1000 3193 1137 3248 parit.
1201 3192 1439 3246 Iustitiae,
1482 3193 1588 3248 quia
1627 3193 1855 3248 sponsalia
1897 3197 2004 3236 sunt

133 3270 391 3310 contractus
443 3279 673 3317 onerosus;
723 3266 868 3309 omnis
916 3271 1069 3310 autem
1118 3271 1378 3311 contractus
1421 3280 1631 3311 onerosus
1679 3267 2002 3323 obligationem·

289 3413 320 3465 ¹)
356 3414 402 3458 S.
442 3415 648 3471 Officium
681 3414 729 3458 in
761 3415 974 3459 instruct.
1008 3416 1075 3459 1⁶2.
1113 3416 1205 3460 dec.
1241 3417 1368 3460 1888.

288 3487 322 3542 2)
356 3488 421 3532 Cf.
459 3489 645 3531 Ge'm'cot
672 3489 731 3532 Π.
764 3503 807 3533 n.
840 3489 939 3532 442.

225 3579 257 3610 N
268 3579 422 3619 oidin,
448 3579 505 3610 De
528 3579 782 3611 matrimonio.
1766 3564 1796 3606 4
