2269 3898
278 115 336 157 78
1023 109 1089 150 De
1122 106 1426 150 matrimonio.

431 262 469 289 a.
520 246 709 289 Nomine
758 241 1030 285 comlicionis
1077 239 1362 295 intelligitur
1409 241 1608 284 servitus
1656 241 1815 285 stricte
1867 241 2004 296 dicta,
2055 254 2169 295 quae

286 336 388 365 cum
424 321 556 363 hodie
589 324 719 363 extra
751 316 957 370 regiones
991 314 1249 357 infidelium
1283 328 1373 357 non
1408 315 1606 369 amplius
1640 314 1814 370 vigeat,
1855 316 1938 358 hoc
1981 315 2169 370 impedi-

284 400 486 439 mentum
520 392 707 435 minoris
741 395 810 434 est
842 389 1075 432 momenti.

433 470 468 511 b.
503 468 632 511 Licet
665 479 788 509 error
821 465 938 508 circa
971 463 1242 519 qualit-atem
1278 476 1510 519 personae,
1559 477 1673 518 quae
1719 478 1816 507 nonv
1850 465 2075 508 redundet
2121 465 2171 508 in

287 545 434 599 ipsam
468 555 722 597 personam,
756 539 1102 582 matrimonium
1135 551 1226 580 non
1261 537 1463 592 dirimat,
1499 538 1793 593 excipiendus
1825 543 1982 582 tamen
2016 544 2084 581 est
2118 552 2172 582 ex

282 618 379 661 iure
412 615 716 659 ecclesiastico
751 628 872 658 error
905 614 1023 657 circa
1056 612 1331 667 qualitatem
1366 613 1643 655 condicionis
1677 613 1869 657 servilis,

436 701 481 751 1.
539 697 661 749 Hoc
718 696 1182 766 impedimentum
1235 703 1314 746 est
1355 697 1490 748 iuris
1530 696 1902 761 ccclesiastici;
1954 715 2022 747 ex
2065 714 2171 765 quo

286 790 535 859 sequitur
572 787 820 838 validum
866 804 983 837 esse
1026 787 1442 837 matrimonium
1479 787 1680 837 initum
1719 788 1862 838 inter
1890 786 2173 838 infidelem

286 879 521 931 liberum
577 886 630 928 et
684 894 902 928 servam
961 874 1261 942 infidelem,
1316 877 1415 926 etsi
1469 894 1599 944 pars
1648 875 1822 927 libera
1865 876 2174 944 ignorasset

286 968 672 1020 condicionem
716 965 971 1016 servilem
1015 964 1240 1016 alterius
1282 966 1468 1033 partis

438 1058 575 1100 Error
608 1055 885 1099 condicionis
920 1054 1098 1098 servilis
1131 1054 1229 1098 iure
1261 1060 1454 1098 naturae
1488 1055 1835 1098 matrimonium
1870 1069 1959 1098 non
1985 1054 2178 1109 dirimit,

285 1132 393 1187 quia
437 1131 639 1175 condicio
685 1130 863 1174 servilis
912 1143 1001 1172 non
1051 1129 1254 1172 excludit
1303 1129 1511 1173 absolute
1560 1130 1676 1173 bona
1725 1130 1990 1173 essentialia
2023 1129 2177 1173 matri-

292 1207 453 1252 monii:
506 1206 611 1260 quia
661 1210 814 1249 tamen
860 1205 982 1248 hisce
1031 1204 1160 1247 bonis
1193 1204 1484 1259 aliquatenus
1527 1205 1811 1258 adversatur,
1859 1204 1957 1248 iure
2005 1205 2180 1259 optimo

289 1282 477 1325 ecclesia
510 1282 593 1324 hoc
638 1280 1017 1335 impedimentum
1064 1279 1318 1323 statuebat:
1371 1281 1701 1335 ,‚Adversatur,
1749 1279 1817 1322 ait
1857 1279 2180 1322 anenbcczzm:

290 1371 332 1401 a.
388 1356 501 1399 bono
551 1356 840 1410 sacramenti,
891 1368 990 1398 cum
1041 1368 1198 1398 servus
1246 1354 1395 1398 invito
1446 1355 1627 1398 domino
1675 1363 1872 1409 nequeat
1922 1354 2182 1398 cohabitare

288 1431 497 1486 coniugi,
534 1432 570 1474 b.
606 1430 720 1473 bono
754 1430 862 1473 fidei
899 1430 1167 1485 CO1iiugaliS‚
1217 1444 1318 1473 011111
1361 1444 1451 1474 11011
1499 1430 1645 1485 possit
1679 1431 1850 1473 solvere
1885 1429 2090 1473 debitum
2124 1430 2181 1473 ad

291 1506 477 1550 libitum
513 1505 729 1549 alterius:
774 1520 807 1549 c.
843 1505 956 1548 bono
991 1505 1145 1560 prolis,
1190 1519 1291 1548 011111
1336 1519 1493 1549 servus
1527 1505 1679 1549 onmia
1713 1505 1921 1559 acquirat
1956 1504 2183 1559 domino,“

288 1596 372 1626 nec
404 1583 554 1637 proles
587 1586 770 1625 maneat
804 1581 852 1624 in
887 1587 1129 1636 parentum
1164 1586 1408 1635 potestate,
1457 1585 1511 1623 ut
1551 1579 1764 1635 religiose
1806 1580 1988 1623 educari
2023 1581 2183 1635 possit.

443 1665 491 1718 2.
551 1664 626 1716 Ut
679 1665 995 1732 ignorantia
1051 1664 1198 1714 circa
1251 1663 1638 1714 condicionem
1696 1663 1954 1714 servilem
1999 1664 2181 1715 matri—

295 1756 542 1806 monium
587 1754 828 1820 dirimat,
873 1754 978 1805 tria
1018 1755 1403 1823 requiruntur:
1457 1773 1504 1804 α.
1549 1754 1803 1820 servitus,
1848 1772 2022 1824 eaque
2065 1773 2182 1824 per-

292 1844 438 1896 fecta
479 1846 646 1896 unius
688 1845 888 1913 partis3
948 1843 990 1895 b.
1036 1842 1264 1895 libertas
1307 1842 1533 1895 alterius
1575 1845 1777 1912 partis3
1831 1864 1870 1896 0.
1917 1862 1986 1894 ex
2027 1851 2184 1913 parte

292 1933 469 1985 libera
512 1934 827 2002 ignorantia
871 1934 1156 1985 servitutis
1197 1933 1424 1985 alterius
1468 1935 1656 2003 partis.

447 2024 516 2066 Ex
569 2023 639 2066 his
683 2024 890 2078 sequitur
937 2023 1144 2066 validum
1187 2037 1282 2067 esse
1316 2023 1660 2066 matrimonium
1707 2024 1876 2067 initum
1919 2024 2042 2067 inter
2075 2024 2188 2067 duas

298 2102 451 2153 partes
485 2098 701 2142 servituti
736 2098 978 2153 subiectas,
1013 2102 1057 2141 ct
1092 2099 1267 2154 pariter
1290 2099 1495 2141 validum
1528 2112 1624 2142 esse
1647 2099 1993 2142 matrimonium
2016 2099 2186 2142 initum

298 2173 419 2216 inter
451 2178 629 2228 partem
664 2173 852 2216 liberam
887 2178 933 2216 et
967 2187 1159 2229 servam,
1209 2174 1246 2217 si
1289 2187 1393 2229 pars
1441 2174 1582 2217 libera
1624 2174 1934 2218 condicionem
1978 2175 2188 2218 servilem

292 2249 485 2292 alterius
519 2248 664 2303 partis
699 2249 947 2303 cognoscit.

927 2415 960 2469 ῥ’
992 2416 1046 2458 3.
1102 2416 1194 2459 Πε
1226 2428 1325 2459 seu
1357 2420 1555 2459 metus.

450 2519 544 2574 79.
606 2520 832 2574 Natura
885 2521 1324 2589 impedimenti.
1407 2523 1454 2574 1.
1510 2520 1983 2590 Impedimentum
2024 2530 2190 2573 metus

301 2612 357 2660 in
416 2626 477 2660 eo
539 2611 804 2677 consistit,
865 2610 1012 2679 quod
1068 2611 1487 2662 matrimonium
1540 2610 1610 2662 ab
1665 2610 1928 2663 alterutro
1980 2619 2191 2663 contra-

303 2698 553 2750 hentium
612 2700 811 2750 initum
871 2718 939 2750 ex
996 2702 1154 2768 gravi
1209 2709 1358 2751 metu
1413 2701 1469 2751 111
1513 2699 1705 2752 ordine
1748 2700 1818 2752 ad
1863 2701 2190 2753 contrahen-

301 2788 434 2839 dum
478 2790 680 2840 iniuste
722 2790 942 2841 incusso
990 2788 1303 2841 invalidum
1347 2790 1481 2856 sit1).

453 2892 494 2919 a.
541 2878 752 2921 Termino
804 2879 869 2922 ris
916 2893 1007 2923 non
1055 2879 1343 2935 intelligitur
1391 2880 1563 2923 coactio
1611 2879 1836 2935 absoluta,
1886 2895 1999 2936 quae
2048 2881 2193 2925 solum

302 2952 483 2995 actibus
519 2954 718 2997 externis
742 2955 971 2998 renitente
994 2955 1189 2998 interius
1213 2956 1454 2998 voluntate
1476 2956 1636 2999 inferri
1660 2961 1826 3011 potest,
1862 2970 1976 3012 quae
2006 2956 2195 3012 proinde

305 3027 619 3070 voluntarium
667 3029 808 3084 tollit,
859 3031 935 3073 sed
969 3030 1141 3073 coactio
1175 3030 1499 3074 condicionalis
1533 3045 1611 3075 seu
1644 3031 1844 3086 moralis,
1894 3045 2008 3086 quae
2040 3032 2190 3074 volun·

306 3105 455 3145 tatem
490 3103 547 3145 ad
581 3103 823 3146 volendum
860 3110 1013 3148 movet
1048 3105 1130 3148 sub
1164 3106 1519 3150 comminatione
1551 3106 1677 3161 mali,
1720 3107 1832 3151 adeo
1880 3112 1932 3150 ut
1980 3108 2195 3151 voluntas

306 3175 567 3219 consentiat
600 3177 657 3219 ad
692 3178 862 3221 malum
899 3180 1219 3223 declinandum
1254 3179 1368 3224 alias
1400 3195 1491 3224 non
1525 3195 1809 3225 consensura.
1867 3182 1991 3225 Haec
2023 3182 2195 3225 coactio

307 3263 336 3292 a
369 3254 494 3293 metu
527 3264 617 3293 non
652 3251 823 3295 differt.
887 3255 1275 3310 Impedimentum
1324 3255 1473 3311 igitur
1520 3256 1590 3299 vis
1633 3257 1812 3312 proprie
1845 3258 1903 3300 ad
1936 3260 2100 3300 metum
2134 3270 2195 3300 re-

466 3401 495 3453 Ι)
531 3402 612 3445 CC.
655 3402 765 3444 Cum
810 3403 955 3446 locum
993 3405 1047 3446 14
1090 3406 1286 3449 Veniens
1322 3406 1376 3449 15
1420 3406 1759 3450 Consultationi
1794 3407 1850 3450 28
1893 3408 1964 3450 De
1997 3407 2196 3463 sponsal.

307 3477 354 3516 et
384 3477 580 3518 matrim.
617 3475 710 3531 (IV.
750 3476 807 3532 1).
