2269 3898
807 177 874 219 De
907 180 1155 230 systemate
1189 161 1365 219 morali.
1934 177 2019 220 253

147 309 373 378 publica
414 329 453 362 s,
485 309 645 376 sedis7
688 327 828 378 quae
870 310 958 360 vel
1000 309 1069 360 ad
1111 328 1279 378 opera
1321 328 1361 362 s.
1400 308 1675 378 Alphonsi
1718 311 2022 361 universim

151 398 238 449 vel
278 399 348 449 ad
374 398 706 465 theologiam
750 398 1012 449 moralem
1054 399 1111 449 in
1153 397 1475 467 particulari
1515 397 1843 464 referuntur,
1886 397 2024 449 haec

150 495 278 539 sunt
296 508 306 538 :

300 590 341 618 a.
374 575 633 618 Declaratio
665 590 703 621 s.
737 576 908 618 rituum
944 588 1094 631 conyza
1118 576 1175 619 ad
1200 577 1412 619 effectum
1442 576 1796 619 canonisationis
1820 576 1890 620 25.
1914 576 2024 620 maii

152 651 290 694 1802:
325 650 458 693 Nihil
488 663 680 692 censura
715 649 900 705 diffluum
927 650 1025 706 fnit
1053 653 1298 705 repertum.

300 724 336 766 h.
370 724 653 778 Responsum
687 737 723 766 s.
746 724 1135 779 poem'tem‘z'uriae
1167 724 1225 767 ad
1259 723 1396 766 dubia
1429 724 1484 767 ab
1509 724 1845 778 archiepiscopo
1867 738 2023 767 vesun-

150 798 345 841 tionensi
378 797 615 852 proposita
647 798 686 841 5.
720 797 823 840 111111
860 798 999 840 1831;

299 873 337 913 1.
372 871 568 926 „Utrum
604 885 636 914 s.
671 871 930 926 theologiae
972 873 1198 926 professor
1241 871 1492 927 opiniones,
1536 884 1646 925 quas
1689 871 1738 914 in
1782 885 1863 914 sua
1904 872 2025 914 theo-

147 946 273 1001 logia
305 946 465 989 morali
498 947 743 1000 profitetur
776 945 815 987 b.
849 947 1112 1001 Alphonsus
1145 960 1171 989 a
1202 945 1405 1000 Ligorio,
1438 948 1541 988 tuto
1576 945 1702 1000 sequi
1736 959 1787 988 ac
1818 945 2025 1000 profiteri

149 1021 308 1076 possit.

301 1095 341 1137 2.
376 1095 447 1137 An
481 1094 543 1137 sit
575 1094 901 1148 inquietandus
935 1092 1251 1148 confessarius,
1286 1093 1361 1148 qui
1397 1106 1549 1136 omnes
1586 1093 1621 1135 b.
1656 1093 1879 1148 Alphonsi
1913 1092 2026 1136 aLi-

149 1171 276 1225 gorio
310 1169 516 1224 sequitur
548 1168 780 1223 opiniones
813 1168 860 1211 in
894 1167 1025 1222 praxi
1074 1182 1105 1210 s.
1155 1167 1465 1222 poenitentiae
1510 1167 1754 1210 tribunalis
1801 1169 1884 1211 hac
1932 1167 2026 1210 sola

149 1244 341 1298 ratione,
375 1244 494 1298 quod
526 1257 553 1286 a
586 1243 689 1286 sede
722 1242 972 1298 apostolica
1003 1242 1120 1285 nihil
1152 1242 1201 1285 in
1235 1241 1442 1297 operibus
1475 1241 1601 1284 illius
1624 1254 1812 1284 censura
1835 1241 2025 1295 dignum

148 1322 378 1374 repertum
411 1317 566 1360 fuerit.

300 1391 627 1445 Confessarius‚
662 1391 715 1433 de
749 1404 834 1445 quo
867 1390 915 1433 in
951 1389 1100 1444 dubio,
1133 1404 1224 1432 non
1255 1390 1371 1445 legit
1420 1404 1554 1445 opera
1602 1391 1642 1433 b.
1693 1391 1889 1434 doctoris
1935 1390 2026 1433 nisi

151 1467 209 1509 ad
245 1467 601 1521 cognoscendam
634 1469 844 1508 accurate
888 1465 984 1508 eius
1027 1465 1296 1519 doctrinam,
1342 1479 1432 1508 non
1475 1465 1755 1520 perpendens
1797 1468 2029 1508 momenta

148 1541 420 1595 rationesve,
454 1540 616 1594 quibus
650 1539 803 1582 variae
850 1538 1065 1581 nituntur
1112 1538 1361 1593 opiniones,
1410 1540 1487 1582 sed
1541 1538 1778 1582 existimat
1831 1551 1877 1581 se
1923 1542 2026 1580 tuto

151 1629 286 1671 agere
320 1629 368 1659 eo
401 1616 513 1670 ipso,
550 1615 668 1669 quod
703 1614 973 1668 doctrinam,
1007 1627 1120 1668 quae
1168 1613 1284 1656 nihil
1333 1627 1521 1657 censura
1570 1614 1760 1668 dignum
1809 1612 2027 1666 continet,

150 1691 399 1745 prudenter
430 1690 632 1733 iudicare
666 1694 803 1743 queat
837 1702 993 1731 sanam
1028 1701 1137 1742 esse,
1180 1692 1331 1730 tutam
1379 1701 1460 1730 nec
1507 1688 1739 1731 ullatenus
1788 1686 2028 1730 sanctitati

153 1765 445 1820 evangelicae
478 1764 766 1808 contrariam.

301 1840 386 1882 Ad.
422 1840 462 1881 1.
527 1838 838 1891 Affirmaffive,
876 1837 986 1892 quin
1019 1841 1175 1881 tamen
1208 1837 1566 1892 reprehendendi
1616 1842 1898 1892 censeantur,
1951 1836 2028 1891 qui

149 1914 383 1969 opiniones
416 1914 472 1956 ab
504 1913 607 1956 aliis
641 1913 845 1968 probatis
879 1912 1139 1955 auctoribus
1174 1912 1371 1955 traditas
1407 1915 1673 1966 sequuntur.

298 1989 371 2031 Ad
404 1988 448 2030 2.
511 1988 751 2043 Negative,
786 1987 945 2030 habita
976 1986 1155 2030 ratione
1188 1987 1355 2029 mentis
1401 2000 1433 2029 s.
1483 1986 1601 2029 sedis
1649 1986 1766 2029 circa
1813 1985 2026 2042 approba-

150 2063 323 2106 tionem
358 2063 630 2117 scriptorum
665 2075 895 2105 servorum
929 2061 1013 2104 Dei
1047 2062 1104 2104 ad
1138 2062 1351 2104 effectum
1386 2060 1789 2104 canonisationis.“

301 2152 334 2181 0.
369 2137 566 2181 Collatio
600 2137 729 2180 tituli
763 2136 978 2180 Doctoris
1010 2136 1241 2188 ecelesiae,
1275 2149 1360 2190 quo
1395 2141 1580 2178 sanctus
1614 2139 1801 2189 propter
1834 2134 2027 2177 eminen-

151 2216 237 2255 tem
271 2226 399 2255 suam
435 2211 687 2255 doctrinam
721 2210 948 2266 „insignis
981 2210 1203 2265 magister
1237 2209 1462 2253 divinitus
1496 2209 1708 2252 ecclesiae
1752 2209 1918 2252 datus“
1959 2209 2027 2251 (10-

152 2288 365 2330 claratur.

303 2361 344 2403 cl.
368 2360 453 2403 His
482 2360 701 2403 accedunt
721 2359 952 2413 complura
975 2359 1191 2414 encomia,
1211 2372 1323 2413 quae
1340 2359 1388 2402 in
1411 2358 1582 2402 litteris
1605 2373 1631 2401 a
1654 2372 1710 2401 ss.
1735 2356 2028 2412 pontificibus

153 2436 211 2479 ad
244 2434 395 2478 varios
429 2434 665 2489 theologos
701 2434 822 2476 datis
854 2434 1159 2488 reperiuntur,
1194 2434 1269 2487 (1111
1303 2447 1438 2489 opera
1471 2447 1503 2476 s.
1541 2432 1737 2476 doctoris
1770 2432 1842 2475 vel
1882 2431 2026 2474 edide-

151 2518 262 2552 runt
294 2510 366 2552 vel
399 2509 446 2551 in
469 2509 608 2552 aliam
631 2509 838 2563 linguam
863 2512 1101 2551 verterunt
1115 2509 1152 2562 ¹).
1198 2508 1429 2551 Mentione
1456 2507 1646 2562 dignum
1671 2511 1740 2549 est
1763 2518 2027 2560 responsum

153 2598 188 2627 s.
212 2584 601 2641 poenitentz'am'cce
643 2583 711 2625 19.
747 2581 994 2625 decembris
1040 2582 1153 2624 1855
1203 2582 1260 2624 ad
1308 2582 1533 2636 quendam
1568 2582 1898 2635 professorem,
1950 2577 2027 2632 (1111

154 2673 254 2702 cum
289 2659 458 2714 gradus
490 2657 768 2701 academicos
789 2656 1029 2711 obtineret,
1051 2656 1312 2700 iuramento
1335 2668 1382 2698 se
1415 2655 1724 2698 obstrinxerat
1762 2652 2026 2708 probabilio-

153 2734 343 2777 rismum
377 2733 552 2787 tuendi,
586 2731 758 2775 scilicet
789 2731 940 2786 ipsum
972 2744 1062 2773 non
1096 2730 1306 2773 obstante
1328 2729 1587 2772 iuramento
1605 2742 1734 2783 posse
1752 2742 1784 2770 s.
1805 2726 2026 2782 Alphonsi

156 2807 408 2851 doctrinam
443 2806 567 2861 sequi
601 2810 647 2849 et
678 2805 857 2860 publice
889 2806 1068 2849 tradere
1100 2819 1180 2849 nec
1215 2804 1553 2859 dispensatione
1601 2817 1628 2846 a
1669 2803 1926 2846 iuramento
1964 2801 2027 2844 in-

158 2882 326 2937 digere.

306 3015 440 3068 228.
483 3014 833 3069 Corollaria.
888 3015 978 3065 Ex
1014 3014 1099 3065 his
1132 3013 1388 3065 omnibus
1426 3013 1609 3081 quoad
1643 3013 2026 3063 auctoritatem

157 3128 195 3159 s.
239 3105 500 3175 Alphonsi
538 3106 595 3154 in
634 3103 798 3154 rebus
841 3103 1141 3155 moralibus
1183 3103 1469 3172 sequentia
1512 3100 1876 3169 colliguntur:

309 3214 356 3248 α.
396 3192 714 3245 Sententiae
757 3211 796 3246 s.
825 3192 1098 3261 Alphonsi
1138 3192 1290 3252 hisce
1320 3209 1430 3242 non
1463 3190 1812 3242 declarantur
1837 3205 2027 3239 omnes

157 3303 327 3348 verae,
377 3282 471 3334 sed
513 3290 698 3332 tamen
740 3283 795 3332 in
839 3300 1036 3351 genere
1076 3281 1259 3332 haberi
1288 3288 1518 3351 possunt
1550 3277 1874 3349 probabiles,
1916 3295 2025 3328 non

311 3462 342 3517 1)
371 3462 496 3505 Haec
527 3465 742 3516 congesta
762 3460 1051 3515 reperiuntur
1072 3460 1194 3515 apud
1221 3460 1489 3503 Clementem
1521 3458 1669 3509 Marc,
1701 3455 2027 3499 Institutiones

164 3538 356 3581 morales
388 3535 747 3591 Alphonsianae⁷
782 3535 987 3591 (Romae.
1021 3534 1262 3589 Cuggiani.
1298 3533 1429 3587 1893)
1459 3532 1494 3574 I.
1529 3545 1571 3586 p.
1604 3529 1857 3573 VII—XII.
