2269 3898
290 149 348 191 46
620 142 623 145 ’
1035 146 1101 188 De
1133 143 1437 187 matrimonio.

297 281 504 351 pubere
546 280 820 350 sponsalia
863 280 1008 330 fecit.
1073 276 1356 341 Quamdiu
1398 277 1568 329 altera
1611 298 1735 348 pars
1777 278 2033 348 impubes
2075 288 2172 345 est,

296 372 472 440 puber
525 369 698 420 solum
751 367 819 418 ob
877 384 1116 433 causam,
1176 384 1245 417 ex
1300 384 1408 435 qua
1458 369 1622 418 etiam
1675 369 1853 419 invita
1895 376 2174 437 comparte

297 457 574 528 sponsalia
618 457 829 508 solvere
869 455 1013 521 licet,
1057 454 1127 506 ab
1170 457 1236 506 iis
1278 455 1489 508 resilire
1531 466 1723 525 potest.

446 562 515 604 Ex
549 561 646 603 iure
679 559 981 603 ecclesiastico
1016 560 1073 602 ad
1107 559 1416 602 contrahenda
1460 560 1689 615 sponsalia
1721 560 1970 615 requiritur
2002 563 2176 616 septen-

298 636 423 678 nium
460 635 733 690 completum
748 633 787 687 ¹).
851 634 969 677 Num
1003 633 1051 676 in
1085 633 1407 676 contrahendis
1431 635 1717 689 sponsalibus
1751 635 1932 679 malitia
1964 635 2176 690 suppleat

295 713 512 764 aetatem,
545 709 593 752 in
625 710 722 752 iure
756 708 938 763 quidem
971 707 1134 751 nullibi
1170 708 1424 758 statuitur;
1461 709 1567 764 quia
1600 714 1754 753 tamen
1786 710 1834 752 in
1868 710 2175 753 contrahendo

301 784 592 827 matrimonio
626 784 673 826 id
708 796 915 838 expresse
939 787 1123 826 cautum
1159 788 1241 837 est,
1277 783 1478 838 plerique
1511 788 1718 828 auctores
1751 786 1890 827 etiam
1924 784 1972 826 in
2006 790 2177 827 contra-

298 859 460 902 hendis
493 858 778 913 sponsalibus
811 858 929 900 idem
965 858 1239 912 admittunt,
1283 858 1550 912 praesertim
1585 858 1692 913 quia
1735 858 1961 903 existente
2000 858 2048 901 in
2081 871 2177 901 con-

299 933 590 976 trahentibus
627 933 886 976 sufficiente
918 945 1002 974 usu
1034 932 1226 975 rationis
1251 933 1479 987 sponsalia
1510 933 1609 976 iure
1639 938 1832 976 naturae
1864 940 1971 976 ante
2004 939 2179 988 septen-

298 1007 424 1050 nium
460 1007 612 1050 valide
647 1011 692 1050 et-
725 1006 849 1050 licite
882 1007 986 1049 iniri
1024 1014 1228 1061 possunt.

448 1155 545 1209 47.
586 1156 672 1209 De
704 1158 1086 1224 sponsalibus
1129 1173 1238 1225 per
1266 1159 1723 1225 procuratorem
1751 1157 1947 1213 initis.
2003 1157 2174 1226 Spon-

296 1244 432 1295 salia
488 1245 589 1296 sub
646 1246 806 1297 certis
860 1246 1284 1298 condicionibus
1339 1256 1455 1297 tum
1497 1245 1683 1297 valide
1734 1255 1851 1298 tum
1892 1246 2041 1298 licite
2082 1265 2181 1316 per

303 1342 712 1403 procuratorem
767 1336 896 1386 iniri
948 1344 1207 1406 possunt:
1264 1338 1678 1388 matrimonium
1735 1338 1882 1388 enim
1924 1355 2022 1406 per
2063 1354 2179 1406 pro·

297 1431 606 1475 curatorem
650 1426 777 1476 iniri
820 1433 1022 1494 potest3
1067 1444 1193 1494 ergo
1238 1427 1403 1477 etiam
1447 1426 1741 1496 sponsalia.

446 1528 740 1572 Condiciones
774 1534 927 1572 autem
960 1530 1208 1585 requisitae
1242 1535 1373 1574 sunt:
1421 1545 1461 1573 a.
1495 1534 1548 1574 ut
1582 1534 1847 1586 procurator
1888 1530 2054 1573 habeat
2088 1543 2180 1586 spe-

296 1603 410 1646 ciale
434 1603 703 1646 mandatum
739 1605 1035 1648 contrahendi
1070 1606 1299 1660 sponsalia
1333 1619 1433 1649 cum
1469 1605 1774 1649 determinata
1807 1618 2023 1661 persona:
2057 1605 2094 1648 b.
2127 1609 2181 1648 ut

299 1678 567 1721 mandatum
603 1682 855 1733 exequatur
897 1679 993 1734 ipse
1027 1693 1105 1734 per
1138 1693 1184 1723 se
1228 1685 1274 1723 et
1307 1694 1395 1723 11011
1429 1693 1508 1735 per
1541 1680 1697 1735 alium,
1739 1680 1829 1723 nisi
1862 1679 2028 1723 habeat
2061 1684 2181 1735 pote-

298 1756 467 1796 statem
514 1753 655 1795 alium
701 1753 787 1796 sibi
822 1754 1159 1804 substituendi;
1202 1769 1234 1798 c.
1268 1760 1322 1797 ut
1354 1756 1624 1798 mandatum
1668 1769 1757 1798 non
1802 1755 1863 1798 sit
1904 1758 2182 1809 revocatum,

296 1826 385 1870 etsi
418 1840 500 1870 nec
533 1828 813 1882 procuratori
846 1842 927 1872 nec
960 1829 1093 1872 alteri
1129 1830 1266 1884 parti,
1303 1843 1494 1884 quacum
1519 1829 1751 1873 contrahit
1784 1829 2028 1885 sponsalia,
2061 1843 2182 1873 revo-

296 1901 416 1945 catio
450 1900 706 1957 innotuit²>.

445 2051 538 2106 48.
621 2052 706 2106 De
796 2054 1181 2121 sponsalibus
1255 2055 1468 2109 invitis
1549 2056 1905 2124 parentibus
1982 2055 2180 2109 initis·

298 2161 348 2194 α.
392 2139 684 2210 Sponsalia
727 2144 843 2194 siue
887 2162 1158 2196 consensu
1201 2152 1495 2214 parentum
1546 2146 1684 2197 inita
1726 2164 1831 2216 per
1883 2164 1936 2196 se
1993 2144 2182 2196 valida

297 2240 441 2298 sunt7
485 2230 582 2282 ubi
633 2251 832 2301 nempe
886 2235 1069 2303 ipsum
1124 2236 1538 2286 matrimonium
1592 2254 1702 2287 non
1756 2242 1837 2286 est
1893 2234 2179 2287 illicitum:

299 2337 598 2372 consensus
663 2324 808 2373 enim
867 2332 1156 2393 parentum
1211 2344 1392 2395 neque
1450 2327 1568 2377 iure
1620 2334 1851 2378 naturae
1907 2345 2010 2378 nec
2060 2325 2181 2394 lege

300 2410 537 2478 positiva
598 2412 668 2463 ad
719 2412 906 2464 valida
965 2413 1243 2484 sponsalia
1303 2417 1616 2485 requiritur.
1707 2414 1944 2485 Insuper
2000 2417 2181 2467 matri·

301 2501 545 2552 monium
591 2510 735 2553 certe
778 2502 1026 2555 validum
1070 2513 1165 2571 est,
1209 2507 1310 2556 etsi
1351 2506 1541 2557 insciis
1582 2504 1670 2556 vel
1712 2506 1904 2557 invitis
1945 2506 2180 2575 parenti-

300 2588 402 2641 bus
444 2591 881 2660 contrahatur3);
925 2612 1053 2663 ergo
1097 2596 1262 2646 etiam
1306 2594 1600 2664 sponsalia,
1645 2614 1785 2665 quae
1826 2603 1954 2647 sunt
1994 2596 2088 2647 via
2130 2603 2182 2647 et

300 2682 647 2749 praeparatio
690 2682 760 2733 ad
803 2685 1233 2737 matrimonium.

451 2784 493 2838 b.
551 2787 650 2837 Per
705 2788 949 2840 accidens
1001 2797 1185 2840 autem
1240 2789 1357 2840 fieri
1413 2797 1619 2859 potest,
1676 2797 1736 2841 ut
1791 2807 1901 2842 non
1955 2788 2196 2859 quidem.

305 2875 714 2927 matrimonium
767 2877 860 2929 sed
905 2877 1198 2947 sponsalia,
1250 2897 1390 2948 quae
1437 2880 1623 2930 invitis
1662 2878 1986 2948 parentibus
2027 2879 2180 2946 fiant,

459 3066 487 3118 ¹>
523 3068 569 3110 C.
604 3069 805 3113 Litteras
837 3073 865 3113 4
901 3079 945 3115 et
979 3072 1023 3115 O.
1054 3072 1258 3116 Accessit
1291 3072 1317 3115 5
1350 3073 1423 3116 De
1454 3086 1603 3130 spons.
1637 3073 1798 3129 impul).
1831 3073 1925 3127 (IV.
1959 3073 2015 3127 2).

459 3140 488 3198 ἓ)
523 3143 647 3186 Nihil
680 3144 889 3200 impedit,
931 3147 1170 3201 quominus
1203 3151 1540 3202 procuratorem
1582 3153 1695 3203 agat
1726 3147 1921 3197 femina;
1956 3146 2179 3202 siquidem

302 3228 480 3260 necesse
513 3231 602 3260 11011
637 3222 720 3272 est,
753 3224 806 3262 ut
838 3220 891 3275 is,
926 3221 1002 3275 qui
1027 3226 1362 3277 procuratorem
1387 3222 1502 3278 agit,
1536 3222 1632 3278 ipse
1655 3221 1718 3265 sit
1741 3235 1884 3277 capax
1904 3221 2032 3264 illius
2052 3220 2180 3275 iuris,

303 3290 421 3343 quod
467 3292 706 3335 mandanti
752 3295 1016 3349 acquiritur.
1080 3296 1198 3339 Hinc
1242 3296 1342 3340 fieri
1385 3300 1551 3352 potest,
1595 3300 1648 3340 ut
1695 3297 1782 3340 duo
1821 3296 1910 3340 viri
1952 3297 2024 3340 vel
2067 3296 2181 3338 duae

306 3365 501 3409 feminae
526 3367 676 3410 officio
700 3374 1040 3423 procuratorum
1067 3373 1313 3427 fungentes
1343 3372 1572 3427 sponsalia
1595 3372 1869 3415 contrahant
1900 3384 1980 3426 pro
2004 3368 2181 3425 sponsis

300 3437 581 3484 absentibus.
645 3441 713 3484 Cf.
748 3442 957 3487 Sancleee
989 3446 1016 3488 l.
1050 3445 1091 3488 2.
1128 3446 1242 3501 disp.
1279 3447 1345 3489 11.
1380 3461 1423 3489 n.
1461 3447 1528 3490 15.

458 3513 490 3564 ³)
526 3515 592 3558 Cf.
627 3517 857 3560 concilium
891 3519 997 3561 trid.
1033 3533 1135 3563 sess.
1171 3520 1241 3562 ⁶24.
1276 3534 1310 3564 c.
1347 3522 1384 3563 1.
1419 3522 1485 3564 De
1517 3522 1698 3564 reform.
1732 3526 1865 3564 matr.
