2269 3898
1881 152 1934 162 νι-

686 152 753 194 De
785 151 1036 194 virtutibus
1068 151 1116 193 in
1149 164 1323 205 genere.
1849 153 1929 195 201

74 290 204 328 actus
238 298 342 328 suos
375 298 474 327 cum
509 285 703 338 quadam
737 284 966 327 facilitate
1009 297 1209 327 exercere
1251 284 1418 338 possit;
1460 288 1542 327 aut
1582 284 1834 338 potentiam
1878 285 1935 326 ad

73 357 380 413 operationem
414 358 703 401 exercendam
740 357 787 400 111
821 371 866 400 50
897 358 1218 411 incompletam
1244 361 1288 400 et
1321 357 1674 401 insufficientem
1709 359 1857 401 elevat
1890 362 1936 400 et

71 433 280 486 complet.
334 431 532 474 Habitus
580 431 743 485 prioris
793 432 970 485 generis
1021 431 1132 473 dant
1179 431 1425 485 potentiae,
1472 436 1525 474 ut
1570 432 1703 474 facile
1761 432 1934 486 operari

69 506 229 561 possit,
274 505 458 549 habitus
499 504 761 559 posterioris
807 505 983 559 generis
1026 506 1152 559 (lant,
1183 509 1236 547 ut
1270 504 1538 559 simpliciter
1571 507 1742 560 operari
1776 507 1932 561 possit.

221 595 252 624 0.
287 579 458 632 Virtus,
491 592 604 632 quae
635 583 703 621 est
736 578 918 620 habitus
952 579 1107 630 houm,
1148 592 1237 621 non
1281 583 1431 633 potest
1474 579 1630 623 elicere
1671 581 1757 623 nisi
1803 588 1932 626 actus

68 654 219 708 bonos,
251 653 369 696 sicut
400 652 582 706 vitium,
616 652 734 706 quod
766 657 834 695 est-
867 652 1052 694 habitus
1106 652 1267 706 maIUS,
1311 666 1399 695 11011
1443 658 1594 707 potest
1641 656 1797 698 elicere
1844 657 1931 700 nisi

68 734 196 772 actus
237 728 392 770 malos.
454 727 560 769 Ideo
603 726 750 769 virtus
795 727 910 769 solet
959 726 1160 769 definiri:
1211 726 1424 780 qualitas,
1469 741 1553 781 qna
1596 732 1715 771 reete
1757 731 1934 783 cicitur,

69 816 154 858 (saa
187 802 339 845 nullus
371 801 490 843 male
524 801 680 845 utitur.
746 800 962 853 Quamvis
994 800 1143 843 virtus
1190 814 1279 843 non
1326 800 1471 854 possit
1519 813 1612 843 esse
1659 802 1931 856 principium

64 877 367 930 (elicitivum>,
400 878 550 930 potest
583 879 736 918 tamen
769 888 863 918 esse
896 874 1119 918 obiectum
1142 879 1270 917 actus
1294 874 1418 928 mali,
1452 880 1504 916 ut
1529 874 1565 916 si
1591 875 1689 929 quis
1712 875 1931 918 virtutem

67 951 167 994 odio
199 950 336 993 habet
367 950 439 992 vel
474 950 527 992 de
559 962 610 992 ea
642 949 856 1003 superbit.
920 949 1036 991 Aliis
1069 952 1222 992 autem
1255 948 1501 1000 habitibus,
1534 949 1609 1002 qui
1633 963 1658 990 a
1682 949 1932 991 virtutibus

67 1025 419 1080 distinguuntur
450 1028 504 1066 ut
537 1023 740 1078 scientia,
772 1037 860 1077 ars,
894 1023 1024 1066 homo
1048 1023 1104 1066 ad
1128 1023 1264 1065 bonos
1289 1027 1333 1066 et
1358 1023 1500 1066 malos
1523 1027 1651 1065 actus
1674 1023 1743 1065 uti
1767 1028 1931 1077 potest.

217 1102 264 1154 2,
313 1100 443 1150 Tria
496 1100 553 1148 in
611 1097 911 1149 virtutibus
967 1098 1367 1149 consideranda
1421 1107 1572 1148 sunt:
1618 1116 1782 1148 causa
1823 1098 1932 1148 effi-

68 1192 232 1254 ciens,
277 1188 584 1238 subiectum
628 1195 679 1238 et
720 1187 1014 1238 obiectum.

215 1298 262 1331 α.
314 1275 488 1328 Causa
528 1276 760 1346 efficiens
799 1278 1018 1326 1711111115
1048 1275 1103 1326 id
1147 1276 1363 1340 dicitur,
1406 1294 1438 1326 a
1478 1294 1582 1344 quo
1611 1277 1784 1325 Virtus
1815 1294 1928 1344 pro-

68 1369 302 1420 ducitur.
383 1367 615 1417 Ratione
659 1384 854 1416 causae
906 1365 1193 1415 efficientis
1234 1366 1465 1415 virtutes
1509 1364 1834 1415 dividuntur
1875 1365 1931 1415 in

66 1456 344 1509 naturales
386 1464 438 1507 et
478 1454 937 1524 supernaturales,
982 1454 1190 1505 infusas
1232 1464 1283 1504 et
1325 1455 1637 1522 acquisitas

216 1546 258 1597 b.
306 1544 598 1596 Subiectum
653 1545 872 1594 1711111115
930 1542 1174 1611 illudque
1228 1544 1526 1611 prooeimum
1585 1542 1785 1592 dicitur
1842 1541 1933 1592 illa

65 1621 282 1687 animae
324 1635 585 1703 potentia,
630 1634 687 1683 in
729 1651 835 1702 qua
865 1633 1039 1682 virtus
1081 1633 1221 1682 inest
1263 1640 1314 1682 et
1351 1651 1381 1682 a
1411 1650 1518 1699 qua
1559 1639 1712 1681 actus
1755 1639 1932 1680 certae

66 1726 286 1776 virtutis
327 1722 636 1773 eliciuntur.
718 1720 1041 1772 Subiectum
1090 1730 1339 1771 remotum
1393 1729 1472 1770 est
1525 1721 1644 1787 ipsa
1700 1737 1931 1788 persona

68 1814 280 1866 habens
323 1815 596 1863 virtutem.

214 1901 467 1954 Potentiae,
499 1899 548 1942 in
581 1899 743 1954 quibus
775 1899 971 1942 virtutes
1004 1898 1256 1951 inhaerent,
1291 1901 1397 1939 sunt
1431 1896 1697 1948 intellectus,
1730 1897 1963 1948 colmctass

64 1983 110 2021 et
143 1976 366 2033 appetitus
397 1974 670 2027 sensz·t1·z÷ns;
718 1974 765 2016 in
798 1973 879 2016 hoc
910 1985 1071 2026 nempe
1103 1971 1314 2026 appetitu
1360 1970 1519 2013 insunt
1567 1970 1673 2012 illae
1720 1971 1932 2023 virtutes,

64 2064 177 2107 quae
208 2053 449 2093 versantur
481 2048 597 2090 circa
620 2047 850 2102 passiones
875 2046 1186 2099 moderandas,
1220 2044 1471 2087 cuiusmodi
1495 2048 1601 2086 sunt
1625 2044 1929 2098 temperantia

69 2130 114 2170 et
145 2125 384 2168 fortitudo.

214 2220 252 2252 c.
306 2199 568 2250 Obiectum
610 2196 885 2247 materiale
928 2197 1146 2246 virtutis
1187 2204 1265 2245 est
1306 2194 1379 2255 id,
1441 2195 1586 2243 circa
1628 2192 1772 2261 quod
1815 2210 1926 2242 ver-

64 2296 213 2340 satur
253 2296 408 2339 actus
450 2287 698 2351 virtutis,
748 2287 1024 2337 obiectum
1059 2283 1297 2351 formale
1339 2292 1418 2333 est
1458 2283 1593 2332 ratio
1641 2299 1735 2332 seu
1778 2282 1926 2331 moti-

63 2395 213 2443 vum,
255 2384 475 2445 propter
505 2375 651 2444 quod
678 2385 927 2425 versatur
956 2375 1100 2424 circa
1131 2372 1406 2423 obiectum
1445 2389 1603 2422 suum
1632 2368 1926 2421 materiale.

64 2467 156 2519 Sic
196 2466 473 2517 obiectum
516 2463 796 2515 materiale
853 2463 980 2514 fidei
1023 2470 1149 2513 sunt
1192 2462 1449 2511 veritates
1492 2479 1523 2510 a
1568 2460 1684 2510 Deo
1726 2458 1928 2509 revela-

63 2565 182 2618 tae3
237 2554 512 2605 obiectum
555 2553 780 2605 formale
822 2552 949 2604 fidei
993 2560 1073 2602 est
1114 2551 1410 2601 auctoritas
1452 2550 1560 2599 Dei
1615 2548 1928 2598 revelantis,

214 2717 348 2771 230.
390 2717 622 2771 Divisio
662 2718 981 2770 Virtutum.
1037 2734 1083 2766 ct.
1124 2714 1227 2765 Pro
1272 2712 1488 2763 diverso
1534 2711 1795 2774 subiecto,
1840 2710 1928 2760 cui

65 2809 239 2858 virtus
280 2809 435 2873 inest,
495 2805 819 2856 dividuntur
860 2807 916 2856 in
957 2805 1189 2853 virtutes
1230 2799 1629 2864 intellectuales,
1673 2817 1811 2867 quae
1853 2799 1927 2848 in-

64 2896 340 2948 tellectum
393 2896 684 2964 perficiunt
724 2895 794 2945 ad
836 2891 1280 2962 cognoscendum
1336 2907 1545 2953 verum,
1606 2898 1658 2939 et
1697 2890 1930 2938 virtutes

66 2987 384 3056 appetitivas
401 2983 680 3051 (morales),
698 3001 837 3052 quae
855 2981 1192 3032 voluntatem
1209 2980 1502 3048 perficiunt
1516 2979 1586 3029 ad
1605 2995 1928 3046 prosequen-

67 3074 197 3125 dum
240 3073 464 3124 bonum.
508 3073 752 3122 Virtutes
791 3069 1186 3121 intellectuales
1215 3087 1245 3118 a
1275 3066 1615 3136 philosophis
1642 3083 1926 3116 numeran-

64 3172 152 3213 tur
179 3164 446 3231 quinque:
475 3161 840 3229 intelligentia,
864 3158 1149 3228 sapientia,
1175 3158 1410 3221 scientia,
1440 3175 1530 3206 ars
1553 3171 1604 3206 et
1621 3155 1848 3224 prudent
1859 3155 1929 3217 ia,

67 3252 265 3320 quibus
307 3271 338 3302 a
378 3249 645 3316 theologis
682 3249 904 3300 additur
933 3247 1067 3314 fides
1094 3245 1407 3313 tlzeoloyica,·
1451 3246 1681 3295 virtutes
1723 3242 1927 3311 appeti·

66 3342 213 3392 tivae
255 3348 437 3390 autem
479 3345 838 3389 numerantur
879 3354 1041 3404 quam
1085 3334 1386 3403 plurimae:

215 3429 449 3471 Virtutum
474 3425 853 3470 intellectualium
878 3429 968 3467 tres
991 3428 1100 3466 sunt
1121 3422 1305 3465 habitus
1328 3421 1591 3477 speculativi
1605 3433 1620 3463 .·
1652 3419 1930 3472 intellectus,

69 3503 296 3558 sapientia
328 3506 373 3545 et
407 3501 622 3551 scientia,·
674 3500 788 3542 duae
821 3503 928 3541 sunt
959 3497 1143 3540 habitus
1180 3496 1410 3551 practici:
1458 3508 1529 3538 ars
1578 3498 1622 3536 et
1670 3492 1929 3546 prudentia.

1698 3568 1750 3609 l?

158 3594 190 3625 N
205 3602 225 3624 o
241 3593 288 3624 ld
302 3593 314 3623 i
327 3602 374 3632 n,
402 3593 458 3623 De
482 3591 692 3630 principiis.
