2269 3898
239 156 296 199 56
775 153 835 195 II.
870 153 934 195 De
967 151 1145 195 actibus
1178 150 1236 194 ad
1268 152 1407 194 finem
1441 149 1578 205 aptis.

238 289 296 333 ad
342 288 647 332 resistendum
696 285 850 341 pravis
897 284 1275 328 inclinationibus
1328 283 1531 326 suaviter
1579 296 1651 326 eos
1699 284 1929 326 hortetur:
1998 283 2115 326 seria

241 362 360 406 enim
395 361 656 406 resistentia
688 360 946 403 naturalem
979 358 1324 414 propensionem
1358 358 1521 401 saltem
1554 357 1825 401 imminuere
1858 357 2063 413 potest¹).

390 496 483 548 47.
523 495 608 548 De
649 494 1005 547 resistentia
1044 493 1309 546 motibus
1350 493 1551 560 pravis
1596 492 2115 559 concupiscentiae

240 581 656 654 opponenda2).

387 688 428 716 a.
462 674 613 716 Motus
641 665 791 727 ¹primo
820 671 971 727 primi,
1017 671 1092 725 qui
1125 685 1215 714 non
1249 671 1393 714 solum
1427 670 1475 713 in
1508 670 1722 726 appetitu
1756 669 1991 725 sensitivo‚
2035 670 2111 712 sed

238 749 378 793 etiam
410 747 459 790 in
491 748 732 791 voluntate
762 748 814 800 (ei
849 759 893 801 g.
928 750 1079 788 motus
1112 745 1219 800 odii,
1253 744 1502 800 superbiae,
1536 749 1693 788 contra
1725 745 1863 788 fidem
1898 745 2000 799 etc.)
2032 744 2113 787 ori-

238 828 394 877 untur,
428 822 465 864 si
488 821 535 864 in
559 822 728 864 malum
754 821 965 872 tendunt,
1001 820 1194 863 totidem
1219 824 1325 863 sunt
1349 820 1619 863 tentationes
1630 819 1881 876 peccandi:
1914 819 2115 863 tentatio

243 897 363 940 enim
398 896 618 940 definitur
651 902 840 938 conatus
874 896 1161 938 voluntatem
1210 894 1504 949 pertrahendi
1552 895 1611 937 ad
1658 897 1915 949 peccatun13
1964 898 2117 937 motus

239 974 392 1014 autem
441 970 521 1013 isti
569 969 781 1013 alliciunt
826 959 1112 1012 voluntatem
1147 969 1203 1012 ad
1239 982 1503 1012 consensum
1537 968 1915 1023 peccaminosum.
1978 968 2116 1011 Porro

239 1059 327 1099 qua
358 1045 536 1088 ratione
567 1044 781 1087 voluntas
815 1044 932 1087 circa
963 1044 1067 1086 illos
1091 1048 1242 1086 motus
1267 1049 1371 1098 post
1393 1044 1573 1098 plenam
1600 1056 1753 1086 eorum
1777 1042 2115 1086 advertentiam

238 1133 284 1163 se
316 1119 480 1163 habere
513 1118 688 1164 debeat,
722 1132 777 1162 ex
810 1117 1103 1172 sequentibus
1136 1118 1327 1172 patebit.

386 1194 421 1234 b.
457 1193 501 1235 Si
535 1207 561 1236 a
594 1206 811 1236 consensu
844 1192 1194 1247 praescinditur,
1245 1192 1419 1246 triplici
1469 1192 1600 1235 modo
1651 1205 1698 1235 se
1746 1191 1910 1235 habere
1960 1194 2113 1247 potest

237 1267 451 1310 voluntas
485 1280 593 1322 erga
625 1268 705 1310 hos
738 1272 913 1310 motus:
961 1282 1001 1310 α.
1035 1267 1239 1322 negmtire
1283 1279 1361 1310 seu
1393 1266 1661 1321 permissive
1693 1267 1766 1310 vel
1800 1266 2116 1310 indifferenter

239 1355 285 1385 se
317 1341 478 1385 habere
513 1342 695 1397 dicitur,
729 1342 767 1385 si
800 1356 890 1386 non
924 1341 1165 1385 consentit.
1209 1342 1287 1385 sed
1320 1354 1465 1396 neque
1496 1341 1642 1384 ullum
1686 1341 1886 1384 medium
1929 1341 2117 1385 adhibet

236 1417 294 1459 ad
326 1416 428 1459 illos
461 1417 793 1471 reprimendos,
831 1418 868 1466 β.
892 1417 1088 1472 positive
1109 1417 1330 1459 resistere
1365 1415 1548 1471 dieitur,
1583 1416 1620 1459 si
1654 1415 1805 1459 media
1837 1415 2024 1459 adhibet
2058 1416 2116 1459 ad

235 1490 339 1535 illos
363 1492 725 1546 supprimendos,
759 1492 836 1535 sed
862 1496 1015 1535 actum
1039 1491 1317 1534 contrarium
1340 1505 1430 1534 non
1453 1491 1602 1541 elicit;
1637 1505 1677 1542 γ.
1702 1490 1873 1534 directe
1895 1491 2117 1534 resistere

237 1566 421 1621 dicitur,
456 1566 493 1609 si
526 1571 655 1609 actus
689 1566 938 1610 contrarios
971 1565 1109 1609 elicit.
1175 1566 1268 1609 Iam
1303 1566 1555 1622 quaeritur,
1588 1579 1698 1610 num
1732 1564 1857 1608 adsit
1890 1564 2112 1620 obligatio

237 1640 391 1695 pravis
425 1640 622 1684 motibus
656 1641 853 1696 positive
885 1640 1144 1695 resistendi,
1178 1654 1287 1684 num
1322 1653 1429 1696 ergo
1461 1654 1552 1683 non
1576 1641 1722 1684 solum
1746 1653 1826 1695 per
1848 1652 2114 1682 consensum

235 1714 284 1757 in
318 1728 508 1769 pravum
558 1719 748 1769 motum,
797 1715 874 1758 sed
923 1715 1061 1758 etiam
1108 1728 1187 1769 per
1234 1714 1522 1758 omissionem
1563 1714 1790 1770 positivae
1822 1713 2112 1757 resistentiae

238 1789 558 1832 committatur
590 1795 840 1845 peccatum.

389 1881 436 1931 1.
490 1879 615 1931 Non
656 1879 783 1931 licet
824 1898 951 1948 erga
994 1880 1091 1931 hos
1144 1887 1324 1931 motus
1366 1898 1514 1932 mere
1563 1881 1779 1950 passive
1821 1899 1870 1930 se
1912 1879 2115 1945 habere,

237 1970 344 2020 nisi
371 1969 514 2021 adsit
539 1971 681 2021 iusta
711 1989 893 2034 causa⁷
937 1969 1032 2021 sed
1060 1971 1301 2040 positiva
1342 1971 1646 2021 resistentia
1675 1970 1752 2020 eis
1781 1967 2114 2038 opponenda

234 2066 332 2110 est.
395 2079 443 2111 α.
488 2059 778 2111 Eiusmodi
822 2062 971 2112 enim
1014 2067 1194 2110 motus
1237 2061 1545 2111 coniiciunt
1585 2060 1642 2110 in
1682 2057 1992 2128 periculum
2035 2059 2114 2108 eis

237 2148 638 2214 consentiendi,
669 2149 815 2218 quod
845 2148 1153 2218 periculum
1182 2167 1243 2200 eo
1275 2151 1450 2217 magis
1480 2156 1730 2218 augetur,
1763 2166 1869 2218 quo
1901 2148 2111 2199 diutius

240 2235 541 2289 deliberate
582 2237 981 2304 admittuntur3
1025 2237 1159 2289 hinc
1196 2257 1303 2308 quo
1334 2239 1514 2290 maius
1544 2246 1624 2289 est
1651 2237 1960 2308 periculum
1991 2255 2116 2288 con-

237 2327 511 2378 sentiendi
566 2329 622 2378 in
664 2346 865 2397 pravos
918 2337 1116 2394 motus,
1171 2346 1232 2379 eo
1286 2329 1514 2396 gravior
1570 2337 1651 2379 est
1704 2327 1967 2397 obligatio
2024 2346 2115 2379 eos

237 2416 590 2485 reprhnendi
673 2418 716 2470 b.
778 2417 834 2470 Si
889 2418 1044 2469 adest
1097 2417 1446 2469 rafionabssis
1497 2436 1662 2469 causa
1704 2417 1996 2469 onfitunufi
2039 2434 2116 2467 re-

234 2506 573 2569 sistentiam,
633 2509 827 2559 merito
886 2508 1094 2576 sperari
1153 2517 1332 2576 potest
1387 2506 1661 2558 auxilium
1721 2507 1950 2574 gratiae⁷
2008 2524 2114 2576 quo

235 2604 636 2663 praecaveatur
678 2615 994 2650 consensus,

389 2700 427 2727 α.
463 2685 593 2728 Iusta
625 2699 761 2729 causa
793 2699 913 2729 mere
945 2685 1125 2740 passive
1168 2698 1213 2728 se
1259 2685 1455 2728 habendi
1488 2685 1644 2728 adest:
1689 2700 1731 2728 a.
1765 2685 1843 2728 ubi
1876 2689 2028 2728 motus
2061 2699 2116 2729 ex

239 2759 416 2802 actione
447 2760 639 2803 honesta
662 2765 708 2803 et
729 2760 838 2803 utili
872 2760 1102 2811 oriuntur;
1139 2760 1176 2802 h.
1210 2759 1288 2803 ubi
1322 2759 1486 2802 merito
1520 2752 1726 2814 timetur',
1759 2773 1816 2804 ne
1838 2773 1891 2803 ex
1915 2759 2116 2815 positiva

239 2833 502 2876 resistentia
534 2824 894 2878 vehementiores
926 2836 1059 2888 fiant,
1104 2838 1150 2877 et
1183 2847 1206 2877 e
1239 2834 1466 2878 contrario
1513 2834 1795 2890 experientia
1828 2839 2009 2878 constat
2043 2847 2116 2878 eos

238 2907 420 2951 facilius
467 2908 701 2963 removeri,
749 2922 798 2952 eo
847 2909 965 2963 quod
1013 2906 1387 2957 contemnantur;
1444 2923 1477 2951 c.
1520 2908 1599 2951 ubi
1649 2908 1868 2952 diuturna
1911 2909 2114 2964 positiva

240 2982 506 3026 resistentia
537 2982 675 3026 nimis
710 2984 902 3027 molesta
934 2987 1075 3033 esset3
1110 2982 1211 3026 ideo
1235 2983 1283 3026 in
1305 2982 1658 3039 tentationibus,
1692 2996 1806 3038 quae
1830 2983 1908 3027 diu
1933 2984 2115 3038 durant,

242 3060 361 3100 certe
405 3056 580 3099 sufficit
627 3057 731 3100 hinc
772 3057 878 3100 inde
926 3057 1095 3101 eisdem
1135 3057 1360 3101 resistere.
1423 3058 1477 3100 In
1510 3057 1581 3100 his
1615 3057 1792 3102 casibus
1825 3072 1931 3114 ergo
1964 3068 2117 3101 motus

246 3131 635 3187 concupiscentiae
667 3132 820 3187 potius
866 3132 1197 3187 contemnendi,
1243 3145 1377 3187 quam
1418 3131 1614 3187 positive
1656 3131 1961 3188 impugnandi
1994 3138 2116 3177 sunt.

395 3296 426 3349 ¹)
460 3296 655 3350 Ge'nicot,
687 3295 828 3339 Casus
860 3296 1161 3339 conscientiae
1193 3295 1224 3338 Ι.
1258 3309 1299 3350 p.
1335 3296 1360 3339 6
1394 3309 1428 3338 s,

394 3370 430 3426 εζ)
465 3371 532 3414 Cf.
567 3371 1052 3414 Ballerinz'-Palmieri
1080 3371 1115 3413 I.
1150 3385 1193 3413 11.
1227 3371 1313 3413 595
1349 3383 1405 3413 ss.
1454 3371 1522 3414 De
1554 3371 1641 3416 hac
1675 3370 1939 3425 quaestione
1971 3383 2116 3415 sermo

243 3444 426 3500 redibit,
474 3445 551 3488 ubi
598 3445 647 3489 in
695 3445 840 3500 specie
875 3445 928 3488 de
962 3444 1242 3500 obligatione
1289 3444 1533 3488 resistendi
1567 3445 1767 3488 motibus
1800 3444 1948 3488 carnis
1981 3458 2115 3500 agen-

245 3520 351 3563 dum
385 3520 484 3563 erit.
551 3520 721 3572 Hense„
754 3520 838 3564 Die
870 3518 1250 3574 Versuchungen²
1280 3519 1532 3575 (Freiburg.
1566 3520 1755 3563 Herder.
1791 3519 1934 3572 1890).
