2269 3898
279 108 369 150 232
970 105 1047 147 IV.
1081 105 1148 149 De
1180 105 1468 149 conscientia.

285 241 404 285 libus
438 240 516 283 vix
548 239 648 282 fieri
682 242 849 293 potest,
891 237 1121 292 ut‘opinio
1161 243 1460 293 cognoscatur
1502 253 1606 283 1616
1646 244 1692 283 61
1732 246 1852 284 certe
1895 240 2158 295 probabilis⁷

286 316 412 358 cuius
447 313 656 368 opposita
690 318 809 355 certe
844 313 1184 356 demonstratur
1215 314 1361 356 multo
1394 314 1466 357 vel
1498 313 1764 357 notabiliter
1796 314 2084 369 proba-bilior.

436 405 472 446 b.
508 404 676 446 Contra
708 403 823 445 hanc
867 402 1224 446 affirmationem
1269 402 1503 458 excipiunt
1551 403 1967 458 probabilioristae:
2013 405 2160 447 maior

277 478 587 535 probabilitas
619 478 754 519 unius
787 477 1010 532 opinionis
1043 476 1174 519 elidit
1205 490 1284 520 sen
1318 477 1517 520 destruit
1545 478 1765 521 minorem
1787 478 2160 533 probabilitatem

290 553 538 609 oppositae:
575 564 681 607 ergo
716 551 866 594 minus
900 551 1147 606 probabilis
1181 551 1230 594 in
1263 565 1480 594 concursu
1512 552 1828 607 probabilioris
1861 566 1951 595 non
1974 558 2043 595 est
2065 566 2161 607 pro·

289 627 465 670 babilis.
502 652 555 655 —
590 626 735 669 Maior
769 625 1071 680 probabilitas
1105 626 1237 669 elidit
1270 626 1490 670 minorem
1540 627 1627 670 duo
1676 627 1937 682 significare
1983 630 2160 682 potest:

287 708 367 746 aut
402 701 546 744 maior
577 701 647 743 115
683 705 1057 755 argumentorum
1093 714 1146 744 ex
1178 714 1270 744 una
1303 704 1433 756 parte
1466 714 1514 744 60
1560 701 1660 756 ipso
1709 701 1868 755 efficit,
1915 704 1968 744 ut
2016 701 2164 745 minor

288 778 455 821 evadat
487 776 557 819 115
591 779 965 831 argumentorum
999 775 1189 818 alterius
1222 776 1390 830 partis;
1426 780 1507 820 aut
1529 776 1673 819 maior
1695 775 1764 819 vis
1787 780 2162 831 argumentorum

289 866 342 895 ex
374 866 466 895 una
498 855 633 906 parte
665 864 848 905 prorsus
883 849 1079 894 destruit
1113 850 1485 904 probabilitatem
1521 851 1711 894 alterius
1734 851 1894 906 partis.
1938 850 2033 894 Iam
2059 864 2164 894 vero

286 926 326 969 si
359 925 659 981 probabilitas
690 924 929 979 utriusque
963 924 1189 979 opinionis
1223 938 1277 968 ex
1309 925 1462 968 eodem
1498 925 1720 980 principio
1756 925 2025 979 desumitur,
2057 938 2165 980 aug-

289 1005 494 1044 mentum
528 1000 663 1043 unius
697 1013 745 1043 eo
779 999 876 1054 ipso
928 999 1146 1054 deprimit
1194 999 1566 1054 probabilitatem
1608 1000 1819 1049 alterius;
1867 999 2027 1054 quodsi
2070 1013 2168 1054 pro·

291 1076 506 1119 babilitas
540 1089 594 1119 ex
630 1075 819 1119 diversis
852 1074 1091 1130 principiis
1125 1074 1394 1129 desumitur,
1442 1075 1588 1117 maior
1619 1074 1756 1117 unius
1789 1088 1879 1117 11011
1911 1074 2083 1117 minuit
2116 1087 2165 1117 60

289 1151 386 1205 ipso
421 1151 640 1193 minorem
676 1150 883 1200 alterius,
917 1150 994 1193 sed
1028 1150 1138 1192 haec
1169 1148 1339 1191 retinet
1374 1162 1500 1192 suam
1535 1149 1646 1204 vim,
1679 1149 1765 1192 etsi
1799 1149 1943 1193 maior
1988 1149 2051 1192 sit
2094 1163 2166 1204 op-

290 1225 456 1280 posita,
490 1225 596 1279 quia
629 1239 682 1268 ex
716 1225 820 1268 aliis
853 1224 1093 1280 principiis
1143 1237 1224 1266 sua
1269 1227 1544 1278 argumenta
1594 1224 1792 1279 deducit,
1841 1222 2052 1278 „prout“,
2100 1223 2169 1266 ait

292 1314 326 1342 s.
362 1301 634 1356 Alstlzonsus,
669 1300 877 1355 „pondus
912 1300 1062 1343 decem
1096 1298 1316 1341 librarum
1352 1298 1541 1341 minime
1574 1298 1735 1354 efficit,
1767 1303 1821 1341 ut
1854 1299 2032 1353 pondus
2067 1286 2192 1342 octo·

290 1375 508 1418 librarum
539 1375 587 1418 111
620 1375 766 1418 altera
798 1376 926 1418 lance
958 1373 1159 1429 positum
1183 1386 1273 1415 non
1298 1372 1359 1415 sit
1385 1377 1432 1416 et
1454 1386 1557 1416 1616
1579 1373 1719 1416 etiam
1743 1386 1884 1428 grave
1907 1372 2167 1425 dicatui·“¹).

291 1451 355 1494 At
387 1464 492 1494 1610
525 1450 573 1493 111
606 1454 799 1504 utroque
833 1463 954 1505 casu,
988 1450 1084 1493 sive
1117 1450 1417 1506 probabilitas
1451 1464 1505 1494 ex
1538 1451 1693 1493 eodem
1739 1450 1834 1493 sive
1877 1463 1932 1493 ex
1976 1448 2168 1493 diversis

291 1525 529 1581 principiis
565 1525 834 1579 desumitur,
868 1525 1011 1568 maior
1044 1525 1343 1580 probabilitas
1378 1525 1576 1568 destruit
1610 1524 1882 1580 oppositam,
1916 1524 1952 1567 si
1986 1524 2083 1567 eius
2101 1537 2170 1566 ex-

293 1614 441 1644 cessus
474 1601 584 1643 adeo
618 1600 837 1643 notabilis
871 1605 955 1654 est,
988 1606 1042 1643 ut
1066 1600 1269 1655 proxime
1292 1600 1479 1643 accedat
1502 1600 1559 1642 ad
1582 1600 1798 1643 moralem
1824 1599 2168 1642 certitudinem:

293 1680 404 1718 tunc
438 1675 557 1718 enim
592 1675 802 1730 opposita
835 1676 891 1718 fit
926 1675 1060 1718 dubie
1092 1676 1164 1718 161
1197 1675 1400 1718 tenuiter
1432 1663 1705 1730 probabilis(

444 1824 570 1878 212.
622 1824 706 1878 De
747 1824 1177 1892 probabilitate
1221 1826 1491 1878 externa.
1549 1822 1776 1874 Nullum
1807 1830 1887 1874 est
1916 1823 2169 1890 dubium,

297 1915 430 1984 quin
464 1913 827 1983 probabilitas
868 1923 1086 1966 coeterna
1125 1916 1442 1984 opinionem
1472 1914 1804 1964 constituere
1838 1914 2010 1981 possit
2040 1931 2171 1965 vere

296 2012 348 2054 et
389 2012 534 2055 certe
575 2004 949 2073 probabilem:
994 2006 1037 2056 si
1081 2006 1225 2055 enim
1267 2003 1576 2073 complures
1618 2004 1767 2072 iique
1807 2021 2005 2071 graves
2047 1996 2204 2053 auc-³

296 2102 438 2146 tores
499 2096 817 2164 opinionem
881 2095 1070 2146 dicant
1129 2093 1492 2164 probabilem,
1552 2094 1828 2146 ordinarie
1887 2093 2006 2145 fieri
2063 2087 2205 2145 110111Ξ

297 2191 489 2254 potest,
535 2186 669 2254 quin
704 2173 1086 2254 probabilibus
1113 2184 1420 2236 rationibus
1446 2186 1677 2236 internis
1709 2183 1983 2237 fulciatur.
2040 2182 2174 2234 Ideo

297 2293 394 2343 per
442 2293 497 2326 se
552 2274 765 2326 licitum
822 2285 905 2328 est
960 2276 1114 2344 sequi
1168 2273 1617 2344 probabilitatem
1674 2281 1978 2340 externam,
2035 2290 2176 2342 quae

298 2383 395 2434 pro
424 2364 609 2434 aliqua
635 2367 894 2434 opinione
939 2385 1065 2417 vere
1109 2365 1325 2432 militat,
1371 2366 1505 2434 quin
1548 2365 1758 2415 motiva
1800 2365 1917 2414 eius
1959 2364 2177 2414 interna

299 2463 718 2522 cognoscantur.
950 2461 952 2465 ’

450 2573 491 2603 a.
525 2559 623 2602 Non
658 2560 799 2602 solum
839 2559 1085 2613 sententia,
1119 2571 1233 2612 quae
1267 2572 1293 2601 a
1326 2556 1554 2612 plerisque
1586 2555 1815 2610 theologis
1848 2553 2095 2610 probabilis
2120 2552 2181 2596 di-

300 2634 433 2689 611111,
468 2634 545 2677 sed
580 2633 718 2677 etiam
755 2633 999 2687 sententia,
1034 2647 1168 2687 quam
1203 2632 1400 2687 quinque
1433 2632 1506 2675 161
1522 2645 1649 2695 -.561-
1682 2630 1886 2685 theologi
1935 2628 2182 2684 probitate,

303 2708 495 2751 scientia
528 2714 574 2751 et
606 2708 853 2763 prudentia
885 2708 1090 2763 insignes
1123 2721 1202 2762 pro
1242 2700 1361 2750 Vera
1398 2712 1481 2750 aut
1523 2705 1746 2761 probabili
1787 2705 1968 2758 habent,
2011 2701 2181 2746 censeri

304 2783 436 2827 debet
475 2797 579 2827 1616
622 2789 667 2827 61
710 2788 830 2826 06116
873 2783 1136 2838 probabilis,
1178 2782 1268 2825 nisi
1309 2796 1461 2825 eorum
1503 2780 1755 2825 auctoritas
1795 2779 2057 2823 infirmetur
2099 2780 2183 2820 aut

309 2858 614 2901 declaratione
647 2859 859 2902 ecclesiae
892 2863 975 2901 aut
1007 2858 1254 2901 manifesta
1286 2858 1477 2901 ratione.

452 2948 489 2989 b.
524 2947 652 2991 Unus
687 2952 844 2991 auctor
879 2948 1105 2992 ordinarie
1136 2961 1226 2991 non
1260 2947 1435 2990 sufficit
1485 2947 1543 2989 ad
1593 2944 1958 2989 constituendam
2008 2946 2184 2985 senten-

303 3022 418 3066 tiam
452 3034 556 3065 1616
589 3022 868 3077 probabilem
904 3027 1062 3066 contra
1095 3022 1287 3065 aliorum
1323 3020 1667 3064 auctoritatem:
1716 3019 1817 3062 ideo
1853 3019 2072 3061 damnata
2114 3018 2184 3059 est

305 3096 556 3152 propositio
590 3098 659 3139 ⁶27.
695 3097 750 3140 ab
785 3097 1053 3140 Alexandro
1111 3096 1264 3150 VIN).
1328 3095 1634 3139 Nihilominus
1676 3093 1836 3149 negari
1882 3091 2043 3146 nequit
2083 3089 2186 3133 fieri

464 3262 784 3317 ¹)Dissertatio
819 3262 1297 3305 scholastico-moralis
1332 3274 1411 3316 pro
1444 3274 1530 3303 usu
1562 3259 1796 3302 moderato
1831 3256 2057 3312 opinionis
2089 3267 2187 3310 pro-

308 3337 471 3381 babilis
507 3338 552 3380 in
587 3351 806 3380 concursu
839 3336 1155 3391 probabilioris
1188 3350 1291 3379 ann.
1328 3335 1456 3378 1755.
1491 3348 1534 3376 n.
1570 3334 1640 3376 13.

459 3414 491 3467 ³)
528 3412 582 3455 Si
613 3412 729 3455 liber
761 3411 824 3454 sit
855 3411 1049 3454 alicuius
1083 3411 1278 3453 iunioris
1312 3412 1356 3452 et
1396 3408 1616 3462 moderni,
1649 3407 1778 3450 debet
1822 3405 1969 3461 opinio
2012 3403 2192 3447 censeri

296 3486 570 3542 probabilis,
605 3487 706 3529 dnm
742 3499 827 3529 non
862 3487 1034 3529 constet
1063 3484 1278 3528 reiectam
1315 3498 1415 3527 esse
1450 3497 1475 3525 a
1522 3482 1630 3526 sede
1673 3480 1916 3537 apostolica
1955 3482 2186 3533 tamqnam
