2269 3898
249 133 334 174 312
973 129 1051 172 VI.
1084 130 1152 172 De
1183 129 1394 184 peccatis.

252 264 590 330 ominabilia,
634 281 750 314 esse
791 270 980 327 morte,
1025 280 1202 331 poena
1229 270 1453 314 aeterna
1482 263 1650 332 digna
1689 263 1779 314 vel
1805 265 2126 315 adiunctam

261 353 469 405 habent
529 352 971 404 maledic-tionem
1035 352 1354 421 explicitam
1415 361 1510 404 aut
1570 353 1894 422 implicitam
1938 356 2130 420 (Vael).

250 442 501 494 mortalia
544 449 695 506 sunt3
753 443 802 511 β.
861 441 1083 492 traditio
1128 440 1390 508 ecclesiae,
1445 444 1532 492 cui
1575 442 1850 493 accedun&
1891 441 2120 493 definiti*

251 551 379 583 ones
431 549 784 582 romanorum
842 531 1167 600 pontificum
1222 531 1311 582 vel
1353 530 1713 582 conciliorum
1754 530 2127 598 generalium:

251 629 477 689 peccata
547 622 712 687 enim7
795 639 936 689 quae
1004 622 1060 671 in
1129 620 1360 671 ecclesia
1427 620 1698 672 catholica
1763 621 2130 672 communiter

248 710 523 761 habentur
557 709 825 773 mortalia,
870 709 1139 761 eiusmodi
1177 718 1332 775 sunt3
1374 727 1425 775 γ.
1472 709 1821 780 tlzeoloyoram
1850 710 2092 762 doctrina
2112 731 2127 760 .·

247 799 396 868 quod
438 800 586 850 enim
628 798 870 867 theologi
914 800 1281 850 communiter
1323 799 1516 851 dicunt
1555 799 1799 867 mortale,
1856 799 2126 851 eiusmodi

245 888 565 940 habendum
596 896 688 941 est.

395 1009 443 1061 2.
487 1009 721 1059 Ratione
781 1008 973 1059 habita
1031 1010 1316 1077 gyravitatis
1369 1009 1557 1060 obiecti
1615 1016 1842 1077 peccata
1902 1009 1959 1058 in
2019 1015 2129 1058 tres

246 1097 444 1149 classes
514 1098 872 1149 dividuntur:
954 1100 1010 1149 in
1079 1105 1305 1167 peccata
1374 1117 1438 1148 698
1504 1106 1607 1149 toto
1670 1116 1855 1167 qenes-e
1919 1098 2126 1166 qravia,

245 1207 309 1238 eoe
352 1196 454 1238 toto
496 1206 679 1257 qenere
723 1187 861 1238 levia
918 1195 970 1237 et
1027 1207 1091 1238 898
1129 1206 1313 1256 98η8ν8
1366 1206 1457 1238 suo
1511 1189 1715 1257 yravz'a.
1798 1186 1940 1238 Sunt
1979 1187 2127 1238 enim

244 1284 553 1346 praecepta⁷
599 1295 834 1346 quorum
877 1277 1156 1328 obiectum
1200 1277 1571 1346 undequaque
1613 1295 1783 1345 grave
1825 1284 1921 1340 est,
1982 1275 2126 1327 ideo-

247 1384 351 1434 que
380 1374 608 1435 peccata
635 1365 742 1417 illis
772 1368 1025 1435 opposita
1054 1385 1272 1435 semper
1312 1375 1365 1417 et
1407 1369 1717 1417 necessario
1746 1367 1941 1434 gravia
1982 1374 2124 1416 sunt.

247 1454 387 1507 Sunt
428 1455 552 1523 alia7
596 1474 830 1525 quorum
866 1455 1144 1507 obiectum
1172 1456 1544 1526 undequaque
1585 1456 1707 1506 leve
1751 1463 1847 1517 est,
1891 1454 2127 1524 ideoque

245 1553 474 1614 peccata
530 1545 636 1597 illis
696 1547 949 1615 opposita
1006 1564 1221 1614 semper
1276 1545 1424 1597 levia
1481 1554 1623 1599 sunt.
1705 1545 1845 1597 Sunt
1899 1542 2124 1594 tandem

248 1642 560 1704 praecepta,
606 1653 837 1704 quorum
883 1635 1162 1687 obiectum
1192 1637 1392 1704 partim
1421 1654 1591 1703 grave
1621 1636 1821 1704 partim
1863 1633 1986 1685 leve
2027 1640 2125 1697 est7

247 1723 480 1792 ideoque
511 1732 737 1792 peccata
763 1723 869 1775 illis
899 1726 1151 1794 opposita
1190 1725 1351 1776 modo
1383 1727 1575 1794 gravia
1604 1724 1766 1775 modo
1792 1723 1938 1775 levia
1981 1729 2123 1774 sunt.

241 1813 459 1882 Itaque:

394 1945 441 1978 a.
484 1926 711 1977 Peccata
753 1944 818 1977 698
861 1934 962 1977 toto
1004 1945 1188 1996 genere
1229 1928 1424 1996 gravia
1466 1945 1529 1978 ea
1573 1933 1714 1993 sunt,
1773 1945 1929 1995 quae,
1993 1925 2126 1976 dum

245 2022 472 2065 manent
513 2015 657 2065 intra
698 2015 932 2066 eandem
975 2017 1216 2084 speciem
1260 2015 1615 2081 obiectivam‚
1675 2033 1892 2084 semper
1932 2015 2127 2083 gravia

245 2112 388 2170 sunt,
447 2112 506 2155 ut
557 2113 784 2173 peccata
835 2113 1025 2157 contra
1066 2106 1249 2157 Deum
1309 2105 1399 2157 vel
1455 2106 1699 2175 aliquam
1753 2106 1870 2155 eius
1921 2104 2125 2173 perfec-

244 2196 466 2247 tionem.

395 2298 439 2352 b.
484 2300 709 2350 Peccata
767 2319 830 2351 698
887 2308 989 2350 toto
1047 2318 1231 2368 genere
1286 2299 1426 2351 levia
1482 2319 1545 2351 ea
1587 2309 1729 2365 sunt,
1790 2317 1948 2368 quae,
1993 2299 2123 2349 dum

246 2396 473 2439 manent
512 2389 656 2439 intra
711 2389 947 2440 eandem
1005 2391 1246 2458 speciem
1300 2388 1655 2454 obiectivam‚
1711 2406 1929 2457 semper
1978 2386 2127 2438 levia

247 2485 390 2544 sunt,
434 2486 494 2528 ut
546 2497 726 2529 vanae
781 2480 1158 2547 cogitationes,
1217 2478 1390 2529 verba
1431 2478 1619 2544 otiosa,
1678 2476 1970 2528 mendacia
2011 2477 2125 2529 offi-

246 2571 406 2634 ciosa,
451 2586 591 2636 quae
634 2587 730 2637 per
770 2566 828 2620 se
869 2587 1154 2638 nunquam
1198 2576 1325 2619 sunt
1364 2566 1636 2620 mortalia.

394 2700 432 2732 c.
476 2681 703 2731 Peccata
756 2699 821 2731 eoe
872 2699 1055 2751 yenere
1096 2699 1188 2730 suo
1229 2680 1419 2749 gravia
1460 2686 1588 2730 sunt
1628 2678 1738 2742 illa,
1790 2697 1946 2748 quae,
1992 2679 2122 2729 dum

246 2778 472 2820 manent
513 2772 655 2821 intra
715 2770 948 2821 eandem
1003 2772 1262 2839 speciem,
1319 2768 1480 2820 modo
1522 2770 1718 2837 gravia
1774 2767 1936 2818 modo
1978 2766 2127 2818 levia

247 2866 389 2922 sunt,
449 2867 506 2909 ut
547 2867 777 2928 peccata
831 2867 1022 2910 contra
1076 2858 1365 2929 plerasque
1423 2860 1656 2909 virtutes
1710 2856 1944 2908 morales
1986 2875 2030 2908 e.
2073 2875 2126 2925 g.

248 2950 547 3011 caritatem,
592 2950 875 3001 iustitiam.
921 2967 1061 3018 quae
1103 2947 1312 2999 scilicet
1355 2953 1408 2999 in
1453 2949 1685 2999 materia
1713 2948 1871 3016 gravi
1913 2947 2124 3014 gravia,

245 3038 302 3088 in
345 3038 574 3088 materia
616 3037 724 3088 levi
774 3047 959 3089 autem
1000 3038 1146 3089 levia
1188 3047 1329 3090 sunt.

395 3216 526 3269 287.
584 3217 668 3270 De
713 3217 949 3271 diversa
990 3218 1284 3284 gravitate
1328 3218 1709 3284 peccatorum
1752 3215 2123 3270 mortalium.

251 3309 297 3356 1.
354 3306 477 3356 Non
538 3308 723 3357 onmia
785 3315 1013 3374 peccata
1074 3305 1326 3357 mortalia
1385 3305 1660 3357 obiective
1717 3323 1813 3356 seu
1869 3303 2126 3374 specifice

249 3394 593 3446 considerata
652 3395 899 3446 eiusdem
956 3397 1246 3463 gravitatis
1302 3403 1444 3459 sunt,
1504 3395 1600 3446 sed
1657 3393 1765 3445 alia
1823 3402 1949 3446 sunt
2002 3393 2127 3444 aliis

247 3485 517 3552 graviora.
