2269 3898
245 119 311 161 38
785 115 841 157 ΙΙ.
877 115 944 157 De
975 104 1152 156 actibus
1184 113 1242 155 ad
1275 113 1413 155 finem
1447 111 1583 167 aptis.

400 252 436 293 b.
470 250 653 304 Duplici
687 249 818 291 modo
852 252 1004 302 potest
1037 246 1212 300 aliquid
1236 259 1331 288 esse
1354 245 1666 288 voluntarium
1690 244 1737 286 in
1761 257 1924 286 causa:
1958 244 2030 287 vel
2060 240 2133 298 eo',

251 326 369 380 quod
420 323 619 379 positiva
665 322 841 365 actione
889 334 1024 363 causa
1071 320 1271 375 ponitur,
1321 333 1374 363 ex
1421 333 1508 374 qua
1552 318 1846 373 praevidetur
1889 322 2131 361 secuturus

252 401 456 452 effectus,
490 404 535 440 et
568 398 649 439 hoc
682 396 861 450 quidem
899 395 1067 437 dicitur
1099 394 1411 437 voluntarium
1445 394 1493 436 in
1526 407 1661 436 causa
1684 392 1918 447 posz'tica‚·
1950 392 2021 435 vel
2056 405 2126 445 eo,

253 474 371 528 quod
405 472 658 515 omittendo
691 470 914 513 actionem
950 482 1085 511 causa
1115 482 1206 511 non
1237 473 1497 511 removet-ur
1519 468 1591 510 vel
1614 480 1704 509 non
1726 465 1994 520 impeditur,
2015 465 2124 508 licet

253 547 465 602 impediri
514 545 684 600 possit,
737 545 819 586 hoc
866 556 970 586 vero
1026 542 1197 586 dicitur
1248 542 1559 585 voluntarium
1613 541 1661 583 in
1715 554 1852 583 causa
1904 540 2132 596 nefflclica.

255 622 474 676 Exemplo
518 620 579 663 sit
623 618 923 672 conflagratio
969 618 1126 660 domus
1170 617 1218 659 in
1253 630 1317 670 e0,
1351 616 1427 670 qui
1459 615 1708 671 igniarium
1742 614 1972 669 apposuit,
2005 618 2049 657 et
2082 614 2133 656 in

256 711 320 751 eo,
353 695 431 750 qui
465 695 520 738 ab
553 694 643 737 alio
677 692 938 748 appositum
971 705 1062 733 non
1095 690 1344 745 extinguit.

407 799 439 827 c.
479 783 626 825 Causa
672 782 745 824 hic
776 780 940 824 Iatiore
973 793 1106 823 sensu
1140 779 1377 834 significat
1409 778 1538 822 omne
1570 779 1633 833 id,
1675 779 1723 822 in
1757 792 1842 833 quo
1876 778 2003 821 aliud
2037 791 2135 820 con-

258 860 446 912 tinetur,
491 858 585 901 sive
629 863 682 899 ut
726 857 915 900 effectus
955 855 1003 898 in
1047 868 1182 897 causa
1225 854 1320 897 sive
1360 859 1414 896 ut
1457 867 1562 908 pars
1603 854 1651 896 in
1684 857 1783 896 toto
1817 853 1913 896 sive
1945 856 1998 895 ut
2032 866 2132 895 cum

257 935 402 978 altero
449 945 714 985 connexum,
762 931 830 972 ita
877 934 931 972 ut
974 930 1190 972 voluntas
1233 926 1322 971 nen
1367 929 1514 983 possit
1561 941 1699 971 unum
1751 930 1979 982 appetere,
2027 926 2140 980 quin

259 1011 495 1052 censeatur
527 1009 742 1061 appetere
774 1004 913 1048 etiam
948 1005 1157 1047 alterum.

409 1095 450 1138 d.
484 1096 605 1149 Ergo
640 1093 953 1136 voluntarium
987 1092 1035 1134 in
1069 1105 1204 1134 causa
1244 1096 1314 1134 est
1358 1092 1564 1145 effect-us,
1610 1091 1686 1145 qui
1728 1105 1818 1134 non
1861 1090 2141 1143 intenditur,

258 1171 337 1214 sed
372 1184 425 1213 ex
457 1182 606 1222 causa,
651 1180 764 1221 quae
803 1167 851 1209 in
896 1180 941 1209 se
973 1165 1238 1209 voluntaria
1271 1172 1340 1208 est
1384 1169 1430 1208 et
1462 1165 1738 1219 intenditur,
1779 1169 1960 1220 praeter
1991 1164 2138 1207 inten-

260 1245 430 1288 tionem
465 1242 767 1296 consequitur.

416 1351 462 1400 7.
503 1347 900 1399 Voluntarium
943 1344 1177 1407 actuale,
1221 1343 1475 1407 virtuale,
1519 1343 1818 1409 habituale,
1877 1345 2133 1411 interpre-

262 1441 499 1492 tativum
542 1440 753 1488 ratione
795 1435 1057 1498 influxus,
1114 1452 1278 1503 quem
1336 1443 1492 1484 actus
1546 1433 1849 1484 voluntatis
1904 1434 1960 1483 in
2002 1451 2144 1501 opus

264 1539 498 1581 exercet.

416 1661 463 1692 α.
518 1637 885 1690 Voluntarium
927 1635 1132 1686 actu-alc
1176 1633 1311 1685 illud
1356 1633 1537 1702 (opus)
1568 1632 1785 1697 dicitur,
1831 1633 1977 1701 quod
2020 1650 2138 1700 pro-

200 1781 205 1803 ,ἱ
268 1731 416 1782 cedit
467 1729 535 1781 ab
592 1728 896 1779 intentione
939 1724 1239 1776 voluntatis
1294 1723 1384 1774 hic
1440 1731 1491 1773 et
1545 1741 1693 1773 nunc
1736 1723 2013 1786 existenti,
2071 1721 2142 1771 ad

203 1857 205 1874 ,
268 1838 434 1890 quam
478 1837 631 1870 mens
672 1815 876 1868 reflexe
906 1814 1173 1879 advertit,
1217 1815 1295 1864 sic
1323 1814 1366 1863 si
1396 1813 1517 1882 quis
1546 1811 1884 1880 baptismum
1912 1810 2145 1875 confert,

268 1929 431 1980 quem
475 1908 567 1959 hic
609 1916 661 1957 et
701 1924 851 1957 nunc
894 1904 1142 1955 conferre
1184 1902 1438 1968 intendit,
1484 1901 1790 1970 baptismus
1833 1907 1916 1951 est
1956 1897 2143 1949 volun-

267 2001 472 2052 tarium
514 1996 746 2049 actuale.

419 2103 601 2156 Duplex
634 2112 729 2143 esse
761 2103 935 2153 potest:
972 2096 1247 2152 eaplicitum,
1280 2095 1317 2138 si
1341 2096 1555 2138 voluntas
1579 2093 1754 2148 aliquid
1776 2092 1994 2146 intendit,
2027 2091 2147 2146 quod.

273 2178 490 2221 distincte
513 2173 888 2230 apprehenditur,
911 2177 963 2214 ut
982 2161 1023 2214 'si
1045 2170 1144 2226 quis
1163 2171 1266 2213 vult
1289 2172 1621 2213 sacramentum
1644 2177 1874 2211 extremae
1887 2166 2143 2217 'unctionis;

272 2254 343 2296 vel
378 2248 656 2308 inzstll‘ct'lmn,
690 2248 726 2291 si
761 2249 975 2290 voluntas
1008 2246 1054 2288 in
1089 2245 1262 2299 aliquid
1297 2246 1460 2298 fertur,
1488 2243 1605 2298 quod
1628 2243 1676 2285 in
1702 2256 1766 2302 eo,
1791 2242 1909 2296 quod
1933 2240 2149 2295 explicite

274 2326 563 2382 cognoscitur
596 2329 642 2367 et
664 2322 940 2376 intenditur,
967 2320 1120 2374 aliquo
1145 2319 1277 2362 modo
1301 2319 1585 2367 continetur;
1621 2318 1685 2360 sic
1708 2316 1783 2371 qui
1808 2316 2023 2371 explicite
2046 2311 2157 2358 vult

275 2400 526 2445 christiane
560 2398 689 2452 mori,
722 2397 947 2452 implicite
979 2396 1082 2438 vult
1118 2399 1452 2449 sacramentum
1486 2396 1715 2436 extremae
1747 2390 1990 2434 unctionis.

427 2506 470 2557 b.
527 2502 896 2554 Volzmtarium
948 2499 1175 2551 virtuale
1237 2497 1371 2549 illud
1427 2497 1645 2562 dicitur,
1700 2495 1847 2565 quod
1902 2494 2151 2563 procedit

211 2626 215 2666 ς
279 2596 348 2648 ab
392 2594 697 2646 intentione
742 2590 1043 2642 voluntatis
1096 2590 1187 2640 hic
1241 2597 1292 2638 et
1345 2605 1494 2637 nunc
1537 2586 1810 2651 existenti,
1869 2584 1939 2635 ad
1983 2602 2149 2653 quam

278 2703 432 2736 mens
475 2683 677 2734 reflexe
720 2699 828 2732 non
869 2680 1137 2744 advertit3
1183 2678 1261 2729 sic
1304 2678 1347 2727 si
1391 2678 1513 2745 quis
1553 2676 1887 2744 baptismum
1922 2657 2152 2737 confert,

281 2792 442 2843 quem
500 2782 661 2823 antea
715 2770 961 2822 conferre
1024 2776 1409 2837 proposuerat,
1473 2784 1621 2816 nunc
1682 2773 1866 2826 autem
1927 2761 2155 2832 quando

280 2862 434 2914 illum
477 2860 703 2924 confert,
748 2860 814 2911 de
858 2859 962 2909 hoc
1003 2858 1280 2937 psroposito
1324 2875 1433 2906 non
1477 2854 1716 2923 amplius
1759 2855 1979 2920 cogitat,
2023 2851 2151 2920 bap·
2221 2904 2225 2907 ,

279 2954 474 3003 tismus
516 2960 595 3000 est
634 2948 1007 3000 voluntarium
1050 2945 1300 2998 virtuale.
1357 2945 1488 2996 Tria
1524 2945 1692 3013 igitur
1716 2942 1795 2993 'ad
1824 2944 1927 2993 hoc
1957 2941 2147 2993 volun-

281 3043 485 3092 tarium
527 3040 912 3108 requiruntur:
957 3046 1016 3087 ut
1057 3037 1289 3086 intentio
1327 3033 1629 3085 voluntatis
1672 3031 1875 3095 elicita,
1919 3038 1979 3082 ut
2018 3048 2154 3081 nun-

285 3148 449 3200 quam
492 3136 752 3180 revocata
793 3118 977 3177 fuerit*
1007 3134 1059 3176 et
1100 3133 1159 3174 ut
1199 3125 1255 3174 in
1298 3142 1435 3192 opus
1478 3121 1676 3173 influat
1718 3122 1946 3190 eiusque
1990 3138 2155 3171 causa

286 3221 499 3280 existat,
544 3219 643 3268 etsi
686 3216 890 3267 reflexe
933 3233 1042 3266 non
1084 3211 1422 3264 advertatur.

434 3328 752 3372 Voluntarium
782 3327 975 3369 virtuale
1008 3327 1090 3372 hoc
1121 3324 1303 3367 nomine
1336 3326 1525 3366 vocatur
1568 3335 1595 3364 a
1635 3321 1679 3363 vi
1714 3333 1792 3363 seu
1836 3318 2026 3372 virtute,
2069 3331 2158 3372 qua

288 3410 415 3447 actus
450 3417 525 3446 seu
558 3402 755 3445 intentio
789 3399 1044 3444 voluntatis
1088 3399 1136 3442 in
1176 3399 1400 3442 actionem
1442 3395 1612 3439 influit.
1680 3394 1798 3448 Quid
1842 3393 1903 3435 sit
1948 3392 2030 3435 illa
2073 3391 2158 3445 vis,

288 3492 402 3533 quae
436 3492 487 3521 ex
522 3487 625 3520 actu
652 3475 905 3520 voluntatis
931 3475 1056 3529 prius
1082 3473 1233 3516 elicito
1265 3472 1311 3514 in
1336 3471 1559 3514 actionem
1582 3483 1702 3513 nunc
1724 3467 1978 3523 ponendam
2001 3465 2162 3509 influit
