2269 3898
267 87 356 130 230
953 85 1032 153 IV.
1065 86 1136 149 De
1165 85 1456 161 conscientiat
1506 133 1509 134 ⁷

420 218 550 276 210.
595 220 837 293 Quando
881 233 1023 287 pars
1066 219 1263 272 tutior
1280 219 1585 286 eligenda.
1648 220 1716 271 1n
1760 220 1968 289 duplici
2011 240 2145 272 casu

273 309 549 378 agendum
595 316 676 360 est
717 310 874 359 iuxta
914 309 1283 377 principium:
1346 309 1405 360 in
1459 308 1617 360 dubio
1670 328 1802 378 pars
1859 311 2019 360 tutior
2060 308 2151 361 elz·-

272 399 446 469 9enda
487 407 594 449 est:
635 418 683 449 α.
728 399 786 448 in
817 397 986 448 dubio
1029 399 1293 466 practico,
1338 401 1382 449 si
1425 400 1549 468 quis
1593 398 1660 449 de
1702 399 1922 449 actione
1964 398 2055 449 hic
2096 406 2152 450 et

273 506 423 539 nunc
478 487 740 556 ponenda
797 488 1197 538 conscientiam
1253 496 1460 538 certam
1516 487 1621 539 sibi
1677 488 1915 540 formare
1957 490 2151 557 nequit

272 578 348 645 (jn.
398 577 518 643 198,
573 577 671 645 4.)3
728 576 772 630 b.
829 578 886 628 in
942 575 1201 628 omnibus
1257 577 1364 628 illis
1422 577 1657 643 casibuS,
1712 579 1769 629 in
1813 577 2016 647 quibus
2056 577 2149 628 lex

274 673 492 736 praeter
519 665 865 717 honestatem
893 667 1129 718 actionis
1162 667 1405 734 iniungit
1434 667 1831 736 obligationem
1861 666 2152 719 obtinendi

275 754 516 825 aliquem
545 756 800 807 effectum
827 755 917 807 vel
944 755 1160 807 vitandi
1189 755 1416 825 aliquod
1446 756 1671 810 malum.
1732 756 1905 808 Casus
1946 766 2151 822 autem,

281 846 338 895 in
382 844 582 914 quibus
626 847 809 913 agitur
852 845 918 896 de
961 845 1071 896 fine
1121 844 1374 896 absolute
1417 845 1721 898 obtinendo
1765 846 1854 898 vel
1898 846 1965 897 de
2007 845 2156 898 malo

277 937 588 986 necessario
633 935 880 1002 vitando,
923 935 1141 1009 adj-tria
1183 936 1378 1007 capita?
1408 937 1671 1011 revocari*
1701 945 1958 1009 possunt:

1836 131 1856 145 ³⁴

1732 148 1754 153 „l
1761 142 1808 152 ..k-v:
1816 139 1833 147 ⁴.-

426 1058 478 1094 α.
519 1040 623 1093 Ubi
649 1041 825 1111 ayitur
854 1041 917 1091 de
946 1040 1116 1092 medio
1162 1040 1234 1091 ad
1274 1040 1494 1092 salutem
1535 1043 1865 1093 necessario:
1906 1059 1975 1092 ex
2003 1059 2155 1110 prae-

234 1133 236 1136 ’
263 1137 437 1199 ⁴cepto
463 1131 709 1181 caritatis
734 1131 883 1182 enim
908 1137 1134 1181 aeterna
1157 1129 1303 1181 salus
1322 1132 1631 1182 necessario
1653 1130 1908 1197 obtineri,
1932 1140 2161 1182 aeterna

277 1218 562 1270 damnatio
607 1221 919 1271 necessario
962 1220 1127 1271 vitari
1159 1219 1352 1279 debet;
1397 1219 1493 1271 ubi
1536 1238 1665 1288 ergo
1711 1221 1895 1289 agitur
1924 1219 1990 1271 de
2033 1238 2153 1272 con-

277 1307 514 1376 dicione,
559 1329 589 1360 a
617 1328 725 1379 qua
751 1317 976 1361 aeterna
1004 1308 1150 1360 salus
1180 1309 1473 1379 dependet,
1517 1309 1609 1361 illa
1651 1310 1904 1362 condicio
1948 1311 2024 1361 ita
2066 1310 2158 1361 ad-

280 1397 460 1449 hiberi
492 1398 671 1467 debet,
716 1407 775 1450 ut
811 1399 956 1451 salus
983 1407 1207 1450 aeterna
1243 1417 1351 1450 non
1382 1399 1693 1450 adducatur
1734 1401 1789 1451 in
1830 1399 2160 1469 periculum.

431 1498 479 1567 β.
531 1496 634 1548 Ubi
676 1498 853 1566 ayitur
894 1497 956 1548 de
996 1497 1176 1548 valore
1226 1499 1578 1548 sacramenti:
1627 1516 1695 1548 ex
1749 1498 1953 1547 virtute
2011 1498 2157 1548 enim

277 1586 560 1654 religionis
584 1595 635 1638 et
658 1589 901 1639 caritatis
926 1589 1059 1657 quin
1083 1594 1136 1638 et
1158 1588 1400 1638 iustitiae
1424 1588 1673 1638 minister
1697 1595 2044 1639 sacramenta
2066 1604 2157 1637 va-

279 1674 391 1726 lide
422 1676 809 1728 administrare
841 1676 1020 1743 debet,
1063 1695 1132 1728 ne
1162 1676 1281 1728 Deo
1324 1677 1528 1728 iniuria
1570 1695 1712 1728 neve
1753 1676 1965 1728 homini
2010 1677 2156 1728 dam-

281 1783 416 1816 num
460 1766 756 1832 inferatur3
813 1765 907 1817 ubi
951 1784 1078 1833 ergo
1121 1768 1303 1835 agitur
1345 1766 1411 1817 de
1453 1785 1526 1833 re,
1569 1786 1601 1818 a
1642 1786 1750 1836 qua
1791 1766 1946 1818 valor
1985 1785 2160 1818 sacra-

282 1856 455 1906 menti
486 1855 778 1925 dependet,
825 1855 1144 1924 eligendum
1187 1866 1268 1907 est
1310 1856 1555 1907 medium
1599 1864 1826 1921 certum,
1870 1857 1975 1908 nisi
2017 1856 2165 1907 adsit

282 1946 601 2012 necessitas,
657 1945 744 1996 vel
803 1947 910 1997 nisi
965 1945 1199 1997 ecclesia
1254 1945 1531 1997 defectum
1587 1945 1870 2015 suppleat3
1928 1945 1995 1997 de
2053 1964 2163 2015 qua

285 2034 495 2104 duplici
539 2037 866 2104 exceptione
910 2037 965 2087 in
1009 2044 1246 2087 tractatu
1289 2036 1356 2087 de
1399 2037 1758 2087 sacramentis
1800 2035 2030 2088 dicetur.

430 2151 481 2198 γ.
533 2133 636 2185 Ubi
677 2134 852 2202 ayitur
893 2134 955 2184 de
996 2142 1132 2184 certo
1175 2135 1288 2184 iure
1331 2133 1580 2184 alterius:
1634 2151 1704 2183 ex
1760 2133 1971 2184 iustitia
2012 2133 2159 2184 enim

282 2223 368 2273 ius
397 2224 637 2291 proximi
666 2222 917 2274 illaesum
945 2224 1152 2274 servari
1182 2222 1361 2289 debet,
1404 2223 1527 2274 ideo
1560 2221 1866 2274 omittenda
1894 2229 1975 2272 est
2001 2239 2161 2290 quae-

283 2312 369 2362 vis
397 2313 557 2373 actio,
603 2330 710 2381 qua
741 2310 949 2364 certum
973 2313 1058 2363 ius
1100 2313 1340 2381 proximi
1385 2314 1442 2364 in
1483 2312 1791 2382 periculum
1833 2297 2161 2363 adducatur.

347 2403 566 2453 uocirca
590 2402 839 2453 medicus
863 2401 1129 2453 adhibere
1152 2410 1370 2453 tenetur
1392 2402 1576 2453 media
1601 2403 1803 2453 tutiora
1832 2408 1885 2452 et
1914 2400 2162 2465 certiora,

269 2396 556 2595 &uamdiu
581 2491 775 2543 haberi
804 2502 1051 2561 possunt,
1095 2500 1211 2543 tum
1254 2500 1314 2543 ut
1354 2491 1669 2543 obtineatur
1709 2492 1936 2542 effectus
1977 2508 2161 2543 neces·

285 2582 427 2632 sario
471 2580 822 2648 obtinendus,
878 2589 994 2632 tum
1049 2590 1110 2632 ut
1162 2590 1424 2633 caveatur
1478 2581 1684 2633 malum
1735 2582 2042 2633 necessario
2085 2581 2161 2630 vi-

283 2669 536 2725 tandum.
616 2670 1114 2724 Idemdicendum
1174 2679 1254 2722 est
1306 2671 1363 2722 in
1418 2670 1692 2723 similibus
1734 2670 1954 2723 casibus
1995 2679 2055 2722 ut
2096 2657 2186 2721 de*

287 2767 567 2823 venatore,
624 2762 712 2812 cui
753 2779 865 2812 non
905 2760 1034 2812 licet
1076 2760 1390 2830 explodere,
1448 2761 1544 2813 ubi
1586 2761 1762 2814 solum
1803 2759 2168 2831 probabiliter

287 2848 500 2900 iudicat
541 2850 785 2901 occisum
812 2851 895 2900 -iri
936 2849 1109 2901 feram
1153 2859 1205 2901 et
1247 2869 1356 2902 non
1399 2853 1697 2904 hominem.

445 2938 574 2993 Sunt,
610 2939 686 2994 qui
720 2940 799 2983 hos
833 2953 980 2989 casus,
1012 2940 1060 2982 in
1093 2939 1255 2994 quibus
1300 2940 1513 2995 eligenda
1557 2944 1626 2984 est
1666 2954 1771 2996 pars
1812 2939 1972 2994 tutior,
2013 2937 2167 2982 minus

289 3018 398 3068 apte
436 3014 592 3057 dicant
626 3014 909 3070 exceptiones
942 3029 968 3057 α
993 3015 1220 3071 principio
1242 3015 1595 3070 probabili-ami:
1627 3014 1904 3070 principium
1928 3013 2048 3058 enim
2073 3027 2164 3057 non

289 3087 469 3142 patitur
502 3089 817 3143 exceptiones3
855 3093 899 3132 et
933 3103 980 3134 re
1011 3089 1113 3144 ipsa
1144 3103 1234 3132 non
1269 3094 1375 3132 sunt
1399 3089 1701 3144 exceptiones,
1735 3102 1835 3132 cum
1859 3089 1917 3132 ad
1934 3088 2164 3143 propriam

289 3162 605 3218 probabilismi
638 3164 877 3207 materiam
910 3178 1001 3207 non
1034 3164 1311 3219 pertineant,
1344 3165 1421 3207 sed
1455 3177 1638 3219 prorsus
1670 3168 1800 3207 extra
1823 3163 1919 3207 eius
1941 3162 2165 3206 ambitum

291 3237 431 3292 positi
466 3237 572 3281 sint.
637 3238 753 3282 Sane
785 3238 1062 3294 principium
1096 3238 1410 3294 probabilismi
1444 3240 1643 3282 refertur
1674 3238 1732 3281 ad
1773 3237 1877 3280 illos
1921 3250 2069 3291 casus,
2117 3236 2165 3280 in

289 3313 453 3366 quibus
473 3311 665 3356 occurrit
688 3313 762 3356 lex
787 3313 946 3365 dubia;
981 3313 1059 3357 ubi
1083 3318 1236 3357 autem
1260 3313 1418 3368 agitur
1441 3314 1495 3356 de
1517 3314 1610 3356 fine
1630 3310 1880 3356 necessario
1906 3310 2167 3365 obtinendo,

291 3385 479 3430 dubium
504 3391 715 3431 versatur
737 3386 855 3431 circa
877 3387 1129 3431 efficaciam
1155 3387 1293 3431 medii
1316 3387 1374 3431 ad
1398 3389 1536 3430 finem
1565 3386 1878 3440 obtinendum,
1899 3386 2168 3428 nullatenus

292 3473 398 3505 vero
433 3461 549 3505 circa
583 3461 928 3517 obligationem.
