2269 3898
314 164 369 207 58
840 163 900 205 Π.
934 163 1001 205 De
1034 162 1212 205 actibus
1245 163 1302 206 ad
1336 164 1473 206 finem
1507 163 1645 218 aptis.

311 296 586 341 voluntatis:
624 298 661 346 β.
699 295 901 351 cogitare
925 296 978 338 de
1001 295 1211 350 passione
1233 295 1417 339 Domini
1441 296 1513 339 vel
1538 296 1592 340 de
1623 295 1908 349 novissimis3
1942 310 1983 349 γ.
2007 297 2179 341 orando

313 384 536 416 recurrere
568 371 626 414 ad
659 372 819 424 Deum,
853 369 892 412 b.
926 370 1163 425 Virginem
1197 370 1269 413 vel
1304 369 1517 424 Sanetos3
1562 369 1601 412 ὃ.
1636 369 1796 414 elicere
1827 374 1981 414 aetum
2013 371 2186 414 amoris-

313 445 396 489 Dei
429 449 474 489 et
507 445 728 500 propositi
760 444 914 500 potius
958 443 1181 488 moriendi
1217 457 1351 499 quam
1396 444 1637 499 peccandi;
1685 458 1718 486 ε.
1753 448 1951 488 mentem
1994 445 2052 489 ad
2091 445 2189 490 alia

315 520 550 563 divertere.

1023 669 1056 723 ,ξ
1088 669 1144 712 3.
1195 670 1280 713 De
1311 673 1480 713 metu.

463 787 558 840 48.
612 786 808 842 Notio.
877 789 1051 839 M‘etus
1108 795 1189 838 est
1243 788 1445 838 mentis
1498 786 1794 856 trepidatio
1851 786 1920 838 ob
1978 786 2182 839 malum

315 877 577 929 futurum.

463 994 504 1022 a.
537 981 686 1023 Metus
719 992 773 1023 ex
805 978 1221 1034 repraesentatione
1253 978 1362 1021 mali
1396 978 1452 1021 ab
1473 978 1713 1022 intellectu
1746 979 2017 1035 apprehensi
2039 979 2187 1023 oritur

314 1055 359 1097 in
384 1055 629 1108 rolmztatej
662 1058 708 1097 et
739 1053 848 1096 lieet
880 1058 1087 1096 metuens
1121 1052 1303 1095 omnino
1338 1052 1406 1096 sui
1441 1066 1621 1108 compos
1644 1057 1843 1108 maneat,
1878 1066 2010 1108 saepe
2030 1057 2186 1096 tamen

314 1132 462 1172 metus
495 1142 595 1172 eum
630 1132 782 1171 movet
814 1127 871 1170 ad
904 1126 1078 1181 aliquid
1110 1127 1371 1182 volendum,
1415 1127 1533 1182 quod
1574 1127 1688 1171 alias
1731 1127 1969 1171 noluisset.
2031 1128 2093 1170 Et
2125 1126 2192 1170 sie

314 1208 463 1247 metus
498 1204 579 1246 1100
612 1203 706 1245 loeo
741 1201 1096 1244 considerandus
1131 1206 1216 1255 est,
1250 1205 1477 1255 quatenus
1509 1215 1672 1257 nempe
1694 1203 1982 1246 voluntatem
2015 1206 2186 1257 movet,

313 1282 366 1321 ut-
399 1277 570 1332 aliquid
606 1277 751 1332 eligat
784 1276 842 1319 ad
876 1275 1023 1318 maius
1056 1276 1227 1318 malum
1261 1275 1523 1331 vit-andum,
1557 1277 1675 1329 quod
1708 1276 1822 1319 alias
1843 1290 1934 1320 non
1956 1276 2183 1332 elegisset,

313 1356 366 1395 ut
400 1352 436 1395 si
470 1351 571 1406 quis
604 1352 661 1394 ad
694 1351 933 1394 vitandam
968 1354 1161 1394 mortem
1195 1349 1329 1405 eligit
1362 1352 1729 1405 amputationem
1764 1351 1926 1394 cruris.

465 1449 502 1491 h.
536 1449 723 1502 Malum,
757 1449 875 1502 quod
909 1451 1082 1491 metum
1117 1451 1287 1495 causat,
1322 1447 1561 1492 imminere
1599 1452 1753 1503 potest
1786 1449 1858 1492 vel
1890 1448 1961 1491 illi
1993 1448 2094 1504 ipsi,
2118 1448 2194 1503 qui

315 1523 497 1578 metuit,
529 1524 602 1566 vel
636 1523 732 1566 eius
766 1522 1042 1566 coniunctis:
1096 1523 1214 1577 quod
1258 1522 1377 1566 enim
1429 1523 1525 1566 sive
1575 1522 1798 1578 sanguine
1847 1523 1942 1566 sive
1982 1522 2189 1566 amicitia

315 1597 568 1641 coniunctis
602 1597 755 1641 evenit
788 1598 974 1652 malum,
1007 1597 1055 1640 id
1089 1598 1322 1652 proprium
1357 1601 1579 1641 censetur.

463 1710 497 1738 c.
534 1695 610 1737 Ex
641 1697 759 1737 metu
793 1695 967 1750 operari
1003 1695 1186 1750 dieitur,
1219 1695 1291 1738 eui
1325 1700 1474 1738 metus
1508 1699 1578 1738 est
1601 1708 1736 1738 eausa
1759 1694 2059 1750 operationis;
2096 1707 2193 1738 enm

315 1772 434 1813 meta
468 1770 643 1824 operari
684 1769 866 1824 dicit-ur,
911 1769 983 1812 oui
1022 1783 1112 1813 non
1153 1774 1303 1814 metus
1349 1771 1427 1813 sed
1474 1770 1566 1813 alia
1608 1773 1677 1813 est
1721 1783 1856 1813 eausa
1899 1768 2190 1824 operationis.

315 1844 467 1887 Nauta
489 1857 547 1886 ex
569 1849 695 1887 metu
717 1843 901 1898 proiicit
923 1858 1090 1888 meroes
1116 1845 1164 1887 i‘n
1188 1859 1330 1896 mare;
1365 1849 1541 1899 martyr
1564 1858 1660 1888 cum
1684 1848 1811 1888 metu
1834 1843 1958 1887 subit
1980 1847 2188 1898 mortem,

316 1932 449 1972 quam
472 1917 748 1961 naturaliter
769 1918 917 1962 timet.
953 1918 1003 1962 In
1036 1919 1184 1974 priore
1217 1933 1324 1963 easu
1357 1924 1507 1963 metus
1541 1920 1598 1963 ad
1633 1918 1944 1975 operationem
1979 1931 2025 1962 se
2046 1917 2184 1962 habet

316 1992 647 2045 antecedenter,
678 1992 726 2035 in
751 1993 1000 2048 posteriore
1033 1994 1178 2037 solum
1203 1995 1565 2037 concomitanter.
1599 1995 1666 2037 De
1699 1993 2054 2048 operationibus,
2078 2005 2193 2047 quae

317 2082 371 2110 ex
403 2072 529 2111 metu
562 2068 698 2121 fiunt,
731 2067 803 2110 hie
837 2081 980 2112 sermo
1014 2072 1099 2112 est.

467 2231 562 2285 49.
617 2232 808 2285 Metus
852 2232 1192 2286 dividitur:
1252 2252 1300 2284 a.
1346 2234 1579 2284 Ratione
1622 2232 1938 2302 quantitatis
1978 2233 2035 2283 in
2074 2251 2190 2302 qra-

317 2340 425 2373 vem
477 2330 530 2372 et
582 2321 755 2386 levem,
809 2329 972 2391 prout
1013 2321 1239 2389 malum,
1297 2340 1366 2373 ex
1410 2340 1516 2392 quo
1560 2330 1739 2373 metus
1781 2322 1968 2388 oritur,
2020 2339 2191 2389 grave

319 2410 406 2461 vel
447 2409 570 2462 leve
612 2418 707 2465 est.

495 2515 560 2558 Ut
593 2519 742 2558 metus
777 2514 957 2558 dicatur
989 2515 1160 2570 gravis,
1195 2515 1282 2558 duo
1314 2514 1632 2569 requiruntur:
1680 2528 1721 2556 α.
1762 2517 1817 2556 ut
1849 2526 1990 2568 grave
2022 2513 2193 2557 malum

317 2589 571 2644 immineat,
606 2590 737 2644 quale
770 2593 840 2632 est
872 2602 1007 2643 mors,
1041 2588 1292 2643 mutilatio,
1328 2588 1573 2631 diuturnus
1607 2601 1769 2643 career,
1803 2588 1958 2643 gravis
1985 2587 2197 2642 infamia,

318 2677 486 2718 magna
517 2663 696 2707 iactura
727 2663 944 2707 bonorum
979 2666 1088 2717 ete.;
1132 2666 1171 2713 ,3.
1215 2668 1269 2706 ut
1311 2664 1483 2706 malum
1519 2662 1710 2706 difficile
1743 2662 1892 2706 averti
1925 2663 2084 2718 possit.
2147 2661 2194 2705 Si

319 2739 417 2781 leve
450 2739 620 2780 malum
652 2737 879 2792 imminet,
913 2741 995 2780 aut
1028 2751 1169 2793 grave
1202 2737 1401 2792 quidem,
1436 2738 1513 2781 sed
1547 2738 1665 2792 quod
1697 2737 1833 2780 facile
1856 2737 2004 2782 averti
2026 2740 2196 2792 potest,

319 2816 468 2855 metus
503 2812 670 2855 dieitur
701 2813 829 2856 levis.

471 2917 652 2969 Metus
692 2919 868 2987 yravis
909 2916 1050 2969 alius
1091 2925 1172 2969 est
1219 2918 1454 2970 absolute
1510 2918 1714 2985 graViS,
1774 2918 1819 2969 si
1875 2916 2081 2968 malum
2138 2917 2194 2967 in

322 3024 378 3057 se
429 3024 623 3057 revera
677 3025 848 3075 grave
904 3009 1145 3074 timetur,
1200 3007 1340 3059 alius
1380 3005 1602 3058 relative
1642 3007 1845 3076 graviS‚
1901 3008 1946 3058 si
1988 3005 2195 3057 malum

321 3097 377 3147 in
420 3115 475 3148 se
518 3095 742 3165 quidem
783 3096 905 3148 leve
947 3098 1032 3161 sit,
1074 3115 1246 3166 grave
1286 3104 1470 3148 autem
1513 3103 1768 3165 respectu
1796 3096 2195 3148 determinatae

322 3203 607 3254 personae,
670 3204 809 3255 quae
868 3187 936 3238 sit
988 3186 1328 3254 meticulosa⁷
1390 3193 1450 3237 ut
1510 3193 1636 3237 sunt
1694 3187 1868 3254 pueri,
1931 3203 2086 3236 senes
2145 3190 2198 3234 et

322 3273 594 3327 mulieres,

477 3393 517 3421 α.
551 3380 701 3423 Metus
733 3379 926 3422 relative
960 3379 1115 3434 gravis
1147 3379 1195 3422 in
1225 3391 1272 3422 re
1295 3377 1455 3421 morali
1478 3377 1803 3432 aequiparatur
1825 3376 1969 3421 metui
1991 3376 2198 3420 absolute

323 3451 469 3507 gravi,
519 3453 625 3506 quia
671 3454 858 3497 eandem
904 3453 1071 3497 mentis
1104 3453 1459 3508 trepidationem
1493 3451 1671 3495 inducit
1705 3457 1752 3496 et
1784 3451 1972 3507 proinde
2003 3450 2194 3494 eundem

320 3526 369 3568 in
401 3525 624 3569 actionem
663 3527 890 3571 influxum
924 3532 1115 3571 exercet.
