2269 3898
290 166 376 209 314
1018 163 1095 205 VI.
1134 163 1197 205 De
1229 161 1440 217 peccatis.

288 308 534 369 peccata,
592 316 732 368 quae
776 297 984 349 directe
1028 304 1218 348 contra
1258 293 1459 362 Deum,
1517 314 1682 365 quam
1725 303 1969 365 peccata,
2025 313 2170 365 quae

288 397 480 440 contra
520 386 802 438 hominem
845 384 1230 453 dirigunturl),

437 512 475 542 ο.
520 490 602 541 Eo
657 491 883 557 gravius
937 497 1016 540 est
1069 496 1379 557 peccatum,
1439 505 1544 556 quo
1587 489 1765 538 maius
1815 489 2024 540 bonum
2066 495 2167 554 est,

287 580 434 650 quod
476 599 573 650 per
613 587 902 649 peccatum
945 578 1199 630 laeditur.
1284 576 1442 641 Quae
1472 577 1696 647 quidem
1725 577 1916 645 regula
1944 578 2001 628 in
2041 594 2169 646 pec-

288 672 422 721 catis
460 677 649 722 contra
689 670 1006 738 proximum
1047 670 1225 736 primo
1255 666 1374 717 loco
1417 665 1755 718 attendenda
1797 674 1892 719 est.

436 775 486 827 3.
534 773 753 838 Quibus
806 773 1121 842 praemissis
1178 779 1406 840 peccata
1459 771 1635 840 quoad
1690 773 2004 840 yravitatem
2052 771 2170 822 fere

285 865 376 915 hoc
417 863 604 914 ord-ine
646 881 703 914 se
744 863 1048 931 excipiunt.

437 967 478 995 a.
521 953 728 1007 Peccata,
774 963 888 1005 quae
930 950 1099 993 directe
1143 954 1301 992 contra
1333 949 1480 992 Deum
1525 962 1602 993 seu
1636 948 1794 992 divina
1834 949 1950 992 bona
1981 949 2171 992 interna.

285 1026 659 1070 committuntur:
695 1026 849 1069 odium
883 1025 982 1079 Dei,
1015 1023 1286 1078 infidelitas,
1322 1023 1593 1078 desperatio.

436 1101 473 1144 b.
505 1101 713 1155 Peccata,
746 1114 860 1155 quae
903 1104 1061 1143 contra
1102 1098 1186 1142 Dei
1230 1097 1347 1141 bona
1390 1102 1580 1141 externa
1622 1097 2000 1141 committuntur:
2050 1098 2164 1141 blas—

285 1175 481 1230 phemia,
510 1174 790 1230 idololatria,
825 1174 1108 1229 superstitio,
1142 1173 1392 1228 periurium
1427 1179 1474 1216 et
1494 1173 1695 1216 tentatio
1718 1172 1818 1216 Dei.
1856 1197 1907 1202 —
1939 1173 2036 1215 Hoc
2067 1173 2171 1216 loco

285 1250 528 1294 inserenda
563 1254 671 1293 sunt
703 1254 904 1304 peccata,
939 1262 1054 1303 quae
1087 1251 1246 1291 contra
1278 1247 1619 1291 humanitatem
1653 1247 1824 1291 Christi
1857 1250 1903 1290 et
1935 1246 2164 1291 sanctissi-

284 1339 408 1368 mum
443 1324 748 1368 eucharistiae
781 1326 1117 1367 sacramentum
1152 1322 1522 1365 committuntur.

435 1414 469 1443 c.
502 1399 709 1454 Peccata,
743 1412 857 1453 quae
889 1402 1047 1440 contra
1070 1397 1216 1440 Deum
1249 1396 1473 1440 indirecte
1506 1396 1876 1451 committuntur,
1906 1410 1985 1440 seu
2007 1400 2173 1440 contra

283 1488 353 1518 res
376 1476 470 1518 Deo
495 1478 710 1529 sacratas,
745 1473 921 1516 scilicet
945 1472 1125 1515 diversa
1148 1471 1391 1526 sacrilegia
1412 1478 1467 1514 ut
1491 1471 1700 1526 simonia,
1730 1471 1991 1526 profanatio
2013 1483 2164 1514 rerum

284 1562 529 1602 sacrarum,
567 1548 763 1603 indigna
796 1551 1185 1591 sacramentorum
1221 1546 1448 1601 susceptio
1490 1553 1536 1589 et
1568 1545 1929 1600 administratio,
1972 1545 2169 1590 violatio

283 1624 382 1667 voti
416 1628 502 1668 ete.

434 1698 474 1741 d.
509 1699 718 1752 Peccata,
752 1696 915 1752 quibus
950 1709 1167 1751 personae
1199 1696 1425 1739 humanae
1457 1696 1720 1751 laeduntur,
1763 1699 1808 1739 et
1853 1696 2034 1750 quidem
2079 1697 2167 1739 hoc·

284 1773 463 1817 ordine:
509 1778 709 1828 peccata,
756 1785 869 1826 quae
911 1771 1044 1814 homo
1085 1770 1339 1814 committit
1384 1771 1431 1813 in
1476 1770 1691 1825 seipsum,
1731 1770 1779 1814 in
1812 1770 2078 1814 coniunctos
2110 1774 2169 1813 ut-

285 1854 498 1904 parentes
534 1849 604 1891 vel
636 1846 889 1902 superiores
923 1852 969 1888 et
1001 1846 1050 1888 in
1085 1850 1339 1889 extraneos.

437 1937 471 1965 e.
506 1922 711 1976 Peccata,
745 1921 909 1976 quibus
941 1921 1058 1964 bona
1091 1921 1294 1963 humana
1323 1920 1482 1975 (vitae,
1516 1920 1714 1975 honoris,
1746 1922 1912 1976 famae,
1933 1919 2170 1967 fortunae)-

287 1999 557 2041 laeduntur:
594 1996 908 2051 homicidium,
941 1995 1139 2049 luxuria,
1174 1995 1419 2050 calumnia,
1457 1994 1696 2050 detractio,
1728 1997 1930 2047 furtum5
1966 1996 2024 2039 ad
2057 1996 2171 2040 haec

284 2073 578 2127 consequitur
611 2071 821 2116 ebrietas

1068 2142 1074 2166 ι
1116 2131 1162 2165 ll-

434 2221 568 2276 288.
625 2222 943 2275 Peccatum
998 2191 1348 2292 eil-genere
1407 2234 1514 2273 suo
1573 2235 1752 2286 grave
1792 2219 1927 2274 fieri
1967 2222 2173 2289 potest

283 2312 445 2367 leve:
490 2321 779 2381 peccatum
823 2311 1048 2380 quidem
1092 2293 1161 2360 ex
1201 2328 1404 2378 genere
1458 2328 1554 2360 suo
1606 2310 1835 2361 mortale
1889 2312 2169 2363 ordinarie

287 2404 455 2454 etiam
500 2405 558 2454 in
600 2401 894 2453 individuo
938 2399 1167 2451 mortale
1210 2408 1306 2466 est,
1351 2399 1444 2451 sed
1475 2399 1810 2469 quandoque
1852 2418 1920 2451 ex
1951 2400 2169 2451 defectu

290 2492 644 2544 condicionis
685 2491 983 2560 requisitae
1025 2496 1317 2559 peccatum
1360 2508 1425 2540 ex
1465 2506 1666 2557 genere
1708 2507 1803 2541 suo
1848 2489 2076 2541 mortale
2117 2491 2172 2541 in

263 2581 582 2633 individuo
625 2600 724 2651 per
763 2580 1024 2631 accidens
1065 2579 1124 2630 fit
1164 2579 1317 2630 leve:

436 2687 482 2738 1.
538 2687 623 2736 Eoe
674 2684 1074 2755 impeofectione
1131 2692 1304 2735 actus:
1363 2702 1489 2734 cum
1544 2685 1692 2735 enim
1748 2683 1820 2735 ad
1876 2691 2166 2753 peccatum

290 2775 519 2826 mortale
562 2775 726 2844 plena
768 2776 1118 2837 ardvertentia
1161 2783 1213 2825 et
1260 2774 1456 2844 plenus
1499 2792 1796 2826 consensus
1835 2776 2164 2844 requiratur,

285 2866 330 2915 si
375 2878 548 2915 unum
590 2865 787 2917 horum
832 2864 984 2915 deest
1026 2872 1078 2914 et
1119 2852 1660 2932 imperfecta—solum
1687 2863 2037 2915 advertentia
2077 2861 2166 2914 vel

282 2953 641 3022 imperfectus
684 2972 983 3005 consensus
1025 2952 1277 3020 habetur,
1321 2962 1612 3023 peccatum
1655 2955 1759 3004 erit
1798 2953 2032 3008 veniale.

432 3058 482 3111 2.
524 3059 611 3108 Eoe
652 3077 813 3110 caasa
870 3068 1182 3110 eoecusoente:
1239 3061 1282 3110 si
1344 3060 1609 3110 nimirum
1672 3077 1838 3111 causa
1896 3077 2172 3111 excusans

283 3166 395 3199 non
439 3148 647 3199 sufficit
689 3149 932 3218 quidem,
977 3157 1037 3200 ut
1078 3150 1303 3200 omnino
1332 3169 1362 3200 a
1393 3157 1622 3219 peccato
1653 3151 1879 3214 eximat,
1921 3156 2166 3200 attamen

282 3257 345 3289 ea
387 3246 482 3306 est,
527 3257 668 3308 quae
711 3237 903 3290 saltem
946 3258 977 3291 a
1020 3238 1238 3290 mortali
1296 3248 1550 3306 excuset3
1613 3241 1694 3292 sic
1748 3237 2164 3290 incommodum

281 3345 451 3394 grave
494 3330 717 3379 omnino
762 3337 992 3380 excusat
1045 3328 1114 3380 ab
1171 3329 1451 3381 audiendo
1511 3348 1664 3382 sacro
1720 3329 1809 3381 vel
1862 3347 1894 3379 a
1935 3328 2165 3391 ieiunio,

434 3520 461 3575 ¹1*
497 3522 564 3564 Cf.
599 3522 646 3564 S.
685 3522 876 3565 Thomas
908 3522 991 3565 ΠΙ.
1027 3536 1066 3576 q.
1103 3523 1174 3565 ξΟ.
1208 3537 1249 3567 a.
1285 3524 1325 3566 τ’).
