2269 3898
345 106 432 150 258
1050 103 1104 145 V.
1138 103 1202 146 De
1234 103 1503 150 virtutibus,

344 240 605 283 Intellectus
637 236 815 292 perficit
849 240 1047 279 mentem
1080 236 1139 279 ad
1171 236 1529 291 cognoscendum
1574 250 1747 292 verum,
1790 238 1909 292 quod
1950 238 2216 283 immediate

346 318 393 357 et
425 327 503 368 per
536 325 581 355 se
614 309 822 365 cognosci
855 313 1030 364 potest-3
1065 310 1292 366 sapientia
1325 310 1383 353 ad
1407 311 1768 365 cognoscendum
1791 325 1964 368 verum,
1997 314 2115 367 quod
2137 327 2217 368 per

347 388 597 430 discursum
655 384 944 439 cognoscitur
997 388 1043 427 et
1095 387 1165 427 est
1218 383 1489 439 simpliciter
1542 384 1759 427 ultimum
1811 386 1965 440 (causa
2026 386 2215 443 prima);

343 461 532 505 scientia
566 460 624 503 ad
661 458 1019 514 cognoscendum
1052 471 1225 512 verum,
1269 459 1387 513 quod
1431 471 1510 513 per
1550 458 1801 502 discursum
1842 460 2130 514 cognoscitur
2171 465 2219 504 et

343 541 414 580 est
445 535 662 578 ultimum
694 533 742 576 in
776 533 1078 576 determinato
1111 532 1262 587 aliquo
1295 546 1472 588 genere.
2088 534 2090 536 ’

494 626 537 678 b.
581 625 813 676 Ratione
845 622 1055 692 effectus
1095 624 1152 673 in
1194 624 1425 673 virtutes
1466 621 1710 689 moraZeS,
1753 641 1894 692 quae
1935 623 2216 675 hominem

341 717 556 768 faciunt
608 711 931 782 simpliciter
985 729 1079 763 seu
1133 711 1415 762 moraliter
1455 710 1680 775 bonum,
1725 720 1778 762 et
1817 712 2214 779 intellectuale-9,

342 822 483 874 quae
510 803 793 855 hominem
823 801 1037 852 faciunt
1069 800 1277 852 bonum
1306 800 1612 852 secundum
1643 800 1794 870 quid,
1839 820 1882 853 e.
1925 821 1975 870 g.
2006 801 2214 854 bonum

341 892 750 964 philosophum,
792 890 999 942 bonum
1042 891 1326 943 artificem.
1406 889 1540 941 Illae
1583 892 1640 941 in
1689 890 1973 942 voluntate
2027 893 2217 943 insunt

343 993 396 1035 et
435 986 491 1035 in
534 982 655 1034 aliis
696 981 956 1050 potentiis
998 978 1172 1031 solum
1203 987 1474 1048 quatenus
1517 987 1785 1047 reguntur
1825 999 1857 1031 a
1899 980 2213 1046 voluntate3

340 1073 444 1124 hae
486 1074 677 1123 insunt
728 1072 783 1120 in
826 1068 1108 1120 intellectu
1159 1068 1600 1137 independenter
1640 1067 1709 1119 ab
1752 1069 1982 1137 imperio
2025 1069 2213 1121 volun-

336 1163 478 1214 tatis,

487 1250 558 1292 Ad
593 1249 792 1292 virtutes
826 1247 1021 1290 morales
1055 1248 1138 1290 hoc
1171 1260 1305 1289 sensu
1338 1250 1548 1301 acceptas
1580 1247 1814 1302 pertinent
1846 1247 1985 1291 etiam
2017 1247 2216 1291 virtutes

341 1324 623 1380 theologicae
657 1328 702 1366 et
735 1321 1002 1378 prudentia,
1038 1322 1095 1364 ad
1128 1321 1326 1364 virtutes
1358 1321 1694 1365 intellectuales
1726 1321 1809 1364 hoc
1841 1335 1975 1365 sensu
2006 1326 2214 1377 acceptas

335 1399 566 1455 pertinent
599 1398 876 1452 intellectus,
910 1396 1150 1451 sapientia,
1184 1395 1375 1439 scientia
1407 1399 1453 1439 et
1486 1409 1571 1439 ars.

488 1496 526 1525 c.
571 1474 808 1524 Ratione
852 1491 1040 1523 causae
1084 1471 1358 1541 efficientis
1416 1473 1471 1522 in
1515 1473 1746 1523 virtutes
1788 1471 2000 1541 infusas
2043 1478 2095 1521 et
2134 1491 2214 1523 ac-

338 1565 593 1635 quisitas:
646 1561 770 1613 illae
812 1561 1131 1613 immediate
1184 1580 1216 1612 a
1255 1561 1375 1612 Deo
1418 1562 1475 1612 iu
1529 1562 1787 1630 potentiis
1836 1562 2054 1612 animae
2095 1579 2212 1630 pro-

339 1655 633 1719 ducuntur,
678 1652 782 1703 hae
822 1669 919 1720 per
948 1659 1102 1702 actus
1133 1652 1350 1720 saepius
1390 1652 1652 1720 repetitos
1694 1650 1763 1701 alo
1805 1650 2028 1701 homine
2070 1668 2212 1702 com-

336 1750 618 1812 parantur.
699 1741 944 1792 Virtutes
975 1740 1188 1791 infusae
1217 1739 1358 1791 aliae
1393 1740 1653 1791 dicuntur
1683 1759 1787 1809 per
1826 1758 1894 1803 se,
1938 1739 2077 1791 aliae
2107 1759 2213 1810 per

337 1832 579 1883 accidens
622 1831 866 1881 infusae:
920 1829 1046 1880 illae
1088 1849 1118 1880 a
1160 1828 1271 1880 solo
1312 1830 1434 1880 Deo
1494 1847 1584 1880 eas
1637 1829 1966 1880 infundente
2017 1828 2210 1880 haberi

335 1928 580 1991 possunt,
626 1918 935 1970 cuiusmodi
967 1927 1094 1970 sunt
1122 1936 1311 1970 omnes
1337 1920 1570 1970 virtutes
1601 1918 2061 1987 supernaturales,
2104 1918 2211 1970 hae

334 2012 501 2061 etiam
563 2009 804 2060 humano
867 2016 1066 2059 conatu
1110 2008 1304 2060 haberi
1352 2015 1596 2077 possunt,
1659 2026 1785 2059 cum
1841 2009 1948 2059 sint
2001 2008 2211 2060 ordinis

335 2099 619 2165 naturaliS,
675 2099 770 2150 sed
813 2098 1145 2168 quandoque
1201 2097 1426 2166 speciali
1470 2098 1576 2148 Dei
1635 2098 1777 2149 dono
1819 2098 2206 2150 infunduntur.

484 2188 717 2244 Repetitis
750 2188 927 2231 actibus
950 2188 1148 2231 virtutes
1172 2188 1363 2243 acquiri,
1389 2187 1672 2243 experientia
1695 2191 1896 2241 constat3
1931 2187 2209 2231 revelatione

333 2269 487 2307 autem
521 2264 758 2307 edocemur
789 2263 988 2306 virtutes
1021 2277 1047 2306 a
1081 2263 1174 2306 Deo
1206 2263 1475 2306 immediate
1507 2262 1636 2306 nobis
1670 2262 1855 2319 infundi
1881 2263 1942 2316 (n.
1977 2264 2061 2317 17).
2109 2262 2208 2306 Vir-

332 2342 456 2382 tutes
490 2338 741 2393 acquisitae
774 2342 818 2381 et
851 2338 1031 2381 infusae
1063 2338 1110 2380 in
1144 2351 1193 2381 eo
1227 2337 1518 2393 conveniunt,
1553 2338 1671 2392 quod
1694 2337 1790 2381 sint
1811 2336 2011 2392 habitus,
2043 2337 2207 2392 quibus

330 2414 388 2456 ad
430 2413 539 2457 bene
589 2413 866 2468 operandum
917 2413 1222 2467 disponimur,
1275 2412 1496 2455 differunt
1546 2417 1699 2456 autem
1734 2417 1832 2454 tum
1875 2412 2052 2468 oriqine
2104 2416 2204 2455 tum

331 2488 490 2543 effectu
526 2488 587 2541 (n.
622 2487 738 2543 229).

483 2562 532 2614 d.
579 2561 719 2613 Cum
757 2562 1110 2631 praecedenti
1139 2563 1412 2614 divisione
1440 2561 1621 2631 quoad
1651 2579 1766 2612 rem
1796 2561 1908 2612 fere
1939 2561 2205 2613 coincidit

330 2670 409 2717 ea,
455 2670 564 2720 qua
605 2653 835 2703 virtutes
867 2651 1195 2702 dividuntur
1235 2652 1292 2702 iu
1333 2651 1610 2702 naturales
1653 2658 1705 2701 et
1745 2649 2204 2720 supernaturales:

329 2740 454 2791 illae
496 2741 710 2793 viribus
742 2740 1084 2792 naturalibus
1126 2759 1222 2810 per
1262 2742 1520 2809 repetitos
1550 2748 1706 2791 actus
1748 2741 2110 2810 acquiruntur
2150 2748 2205 2792 et

329 2829 398 2881 ad
442 2831 605 2881 finem
650 2830 973 2897 naturalem,
1025 2829 1328 2881 naturalem
1373 2848 1573 2899 nempe
1617 2829 2017 2881 beatitudinem
2061 2830 2202 2882 ordi-

327 2926 544 2985 nantur,
584 2919 688 2971 hae
717 2919 924 2971 auxilio
953 2921 1163 2988 gratiae
1193 2918 1626 2989 supernaturalis
1668 2927 1996 2970 exercentur
2036 2927 2089 2970 et
2129 2920 2201 2971 ad

325 3008 493 3059 finem
559 3008 1028 3077 supernaturalem
1097 3028 1191 3061 seu
1257 3008 1728 3079 supernaturalem
1796 3008 2197 3061 beatitudinem

324 3097 666 3151 ordinantur.

474 3207 513 3238 e.
559 3187 792 3238 Ratione
845 3187 1032 3239 obiecti
1071 3189 1127 3239 in
1181 3189 1415 3239 virtutes
1474 3187 1784 3256 theoloyicas
1840 3195 1891 3238 et
1940 3186 2199 3239 morales:

326 3275 450 3327 illae
490 3294 588 3346 pro
632 3294 729 3328 suo
771 3276 984 3327 obiecto
1012 3276 1332 3328 immediato
1374 3276 1586 3329 habent
1627 3276 1872 3345 aliquam
1913 3275 2198 3345 perfectio-

325 3383 451 3416 nem
508 3365 755 3417 divinam
811 3364 1044 3434 ideoque
1099 3365 1418 3417 immediate
1473 3367 1620 3417 cirea
1660 3367 1846 3416 Deum
1888 3373 2197 3430 versantur,

324 3454 425 3505 hae
468 3473 564 3523 pro
607 3473 702 3506 suo
753 3455 970 3506 obiecto
1013 3455 1332 3506 immediato
1375 3455 1584 3507 habent
1624 3453 1831 3506 bonum
1874 3462 2115 3506 creatum
2160 3455 2195 3508 i.
