2269 3898
273 142 329 185 58
1007 138 1073 181 De
1106 137 1411 181 matrimonio.

273 275 439 327 habet
497 275 581 324 ius
637 271 933 324 recedendi
975 291 1006 322 a
1049 270 1411 340 sponsalibus,
1471 272 1572 322 etsi
1614 289 1846 341 sponsae
1902 272 2007 324 hoc
2067 274 2156 324 ius

274 362 522 415 nonnulli
565 360 831 430 negentl).

426 455 473 522 β.
525 451 758 519 Propter
812 450 1234 501 fornicationem
1283 459 1412 519 post
1467 451 1745 520 sponsalia
1803 453 2152 502 commissam

272 550 447 611 potest
499 558 624 609 pars
666 541 931 591 innocens
984 539 1118 607 (tam
1161 556 1393 607 sponsus
1435 558 1602 609 quam
1644 543 1866 610 sponsa)
1921 559 1953 591 a
1994 558 2151 609 spon-

273 629 478 681 salibus
518 628 745 695 resilire,
788 630 918 698 quia
959 627 1130 679 altera
1172 646 1298 697 pars
1339 628 1505 680 fidem
1547 630 1726 698 fregit.

419 737 470 784 γ.
516 717 573 770 Si
617 719 909 770 fornicatio
967 736 1030 768 ecc
1069 726 1290 786 utraque
1341 727 1498 787 parte
1554 721 1847 771 commissa
1887 720 2006 786 fuit,
2063 719 2154 770 ha-

271 808 431 860 betur
498 808 719 878 quidem
799 807 986 859 delicti
1054 816 1245 858 mutua
1313 810 1708 877 compensatio,
1789 808 2159 860 nihilominus

273 916 504 968 sponsus
531 897 788 949 recedere
818 905 1012 966 potest,
1058 897 1188 966 quia
1230 915 1448 965 sponsa,
1493 916 1634 967 quae
1663 897 1979 949 notabiliter
2006 898 2156 949 facta

273 996 351 1039 est
392 986 569 1049 vilior,
627 988 712 1038 ius
755 988 941 1056 sponsi
995 987 1241 1054 graviter
1280 985 1471 1051 laesit3
1532 1006 1733 1056 sponsa
1773 995 1957 1038 autem
1999 989 2158 1038 iuxta

273 1095 623 1129 communem
648 1078 979 1128 sententiam
1022 1075 1231 1127 resilire
1274 1078 1479 1145 nequit,
1524 1076 1630 1127 nisi
1673 1094 1904 1146 sponsus
1945 1075 2157 1145 prolem

272 1186 341 1218 ex
405 1165 515 1218 alia
579 1165 837 1217 habuerit
896 1174 992 1217 aut
1055 1164 1308 1216 habitum
1365 1165 1680 1217 fornicandi
1739 1165 2158 1234 contraxerit2):

272 1274 504 1326 sponsus
555 1257 703 1307 enim
759 1275 828 1307 ex
881 1256 1246 1307 fornicatione
1300 1274 1410 1307 non
1466 1264 1721 1307 censetur
1773 1256 1952 1308 factus
2007 1264 2155 1308 nota-

273 1345 456 1398 biliter
495 1345 733 1397 deterior
773 1353 825 1397 et
866 1346 1099 1414 proinde
1142 1348 1226 1397 ius
1269 1364 1503 1416 sponsae
1543 1348 1789 1416 graviter
1830 1365 1940 1398 non
1980 1346 2157 1399 laesit.

272 1436 413 1489 Sunt
453 1444 655 1501 tamen,
701 1436 794 1505 qui
827 1435 1018 1487 dicant
1059 1455 1291 1505 sponsae
1334 1435 1731 1505 obligationem
1775 1436 2005 1489 ineundi
2050 1455 2156 1488 ma-

272 1526 595 1577 trimonium
639 1543 765 1577 cum
808 1543 1004 1595 sponso
1048 1525 1379 1577 fornicatore
1416 1545 1521 1578 non
1564 1545 1672 1578 esse
1713 1535 1907 1578 certam
1949 1535 2002 1578 et
2042 1543 2157 1596 pro-

272 1615 402 1666 inde
444 1615 515 1667 ad
558 1616 975 1667 matrimonium
1020 1617 1140 1685 cogi
1183 1635 1291 1667 non
1337 1615 1559 1686 posse3).

425 1704 470 1748 Si
503 1718 621 1748 unus
655 1718 921 1760 sponsorum
945 1707 1092 1748 tactus·
1114 1705 1362 1762 impudicos
1385 1718 1483 1748 cum
1509 1704 1649 1749 tertia
1672 1718 1861 1760 persona
1893 1704 2165 1759 committit‚

272 1793 462 1835 sponsus
497 1794 522 1823 a
575 1780 860 1835 sponsalibus
902 1779 1078 1823 resilire
1109 1785 1276 1835 potest,
1310 1781 1449 1823 immo
1483 1780 1622 1824 etiam
1656 1793 1835 1836 sponsa,
1869 1780 1905 1823 si
1939 1779 2161 1823 eiusmodi

273 1855 429 1910 turpia
461 1858 557 1897 tam
599 1854 749 1898 crebro
783 1855 1113 1910 admittuntur,
1146 1859 1199 1898 ut
1230 1864 1351 1899 recte
1385 1855 1538 1898 timeri
1574 1855 1750 1910 debeat,
1782 1868 1838 1898 ne
1872 1868 2063 1910 sponsus
2097 1854 2163 1897 sit

273 1930 410 1972 fidem
446 1929 731 1984 coniugalem
765 1929 1036 1972 violaturus.

421 2080 514 2134 59.
582 2078 786 2133 Status
843 2094 1051 2133 rerum
1104 2079 1464 2134 notabiliter
1507 2080 1783 2134 diversus
1825 2081 1894 2132 ab
1939 2097 2019 2144 e0‚
2063 2079 2158 2148 qui

273 2176 436 2220 antea
495 2170 746 2238 cognitus
800 2169 992 2223 fuerat.
1077 2171 1134 2221 Si
1188 2171 1453 2222 nimirum
1505 2171 1803 2222 contractis
1844 2170 1955 2221 iam
1997 2187 2155 2239 spon-

273 2258 481 2310 salibus
535 2277 646 2310 una
699 2278 826 2328 pars
879 2260 935 2311 in
995 2261 1368 2329 cognitionem
1426 2261 1876 2312 circumstantiae
1931 2259 2162 2310 devenit

273 2357 520 2418 tempore
563 2348 904 2418 sponsalium
947 2351 1057 2401 iam
1101 2351 1405 2417 existentiS‚
1460 2368 1625 2420 quam
1667 2351 1712 2401 si
1754 2359 1918 2402 antea
1959 2366 2156 2417 cogno-

273 2440 467 2504 visset,
536 2438 812 2508 sponsalia
872 2457 982 2491 non
1042 2438 1286 2506 fecisset,
1351 2438 1488 2491 haec
1545 2458 1673 2508 pars
1732 2440 1933 2491 iustam
1993 2438 2163 2490 habet

274 2546 496 2579 causam
539 2547 570 2578 a
613 2527 962 2598 sponsalibus
1003 2528 1318 2581 resiliendi:
1362 2529 1641 2599 sponsalia
1683 2530 1831 2580 enim
1873 2547 1983 2581 non
2027 2527 2158 2580 obli-

272 2626 406 2686 gant
447 2617 590 2669 ultra
632 2617 976 2669 voluntatem
1028 2618 1503 2684 contrahentium3
1561 2621 1714 2689 atqui
1770 2617 2162 2671 contrahentes

274 2724 384 2758 non
429 2715 723 2759 censentur
765 2727 822 2759 se
864 2707 1110 2778 obligare
1160 2708 1400 2761 voluisse
1455 2708 1526 2760 ad
1578 2708 1826 2760 futurum
1882 2710 2159 2760 matrimo-

276 2799 428 2848 nium
470 2805 582 2849 tam
625 2816 795 2867 grave
838 2808 891 2850 et
933 2798 1178 2852 difficile.
1259 2800 1377 2851 Iam
1422 2801 1736 2870 quaeritur:

426 2903 570 2953 Num
596 2922 794 2973 sponsa
820 2903 1072 2973 defectus,
1112 2904 1296 2973 quibus
1327 2904 1555 2971 laborat,
1598 2924 1790 2976 sponso
1814 2904 2164 2975 manvffestare

276 3000 514 3042 tencatur
555 3001 604 3043 ct
644 2994 873 3044 vicissim
913 3012 1137 3063 sponsus
1180 3013 1419 3064 sponsae.

429 3084 474 3133 1.
517 3083 580 3133 In
620 3102 804 3151 yenere
848 3083 1148 3135 dicendum
1191 3097 1298 3135 est:

432 3289 466 3345 1)
500 3290 771 3346 ᾖε]ιηιῆἰι]ι[,
806 3292 945 3336 Casus
980 3307 1120 3336 conse.
1156 3293 1214 3335 II.
1249 3307 1293 3336 n.
1328 3295 1428 3336 848.

431 3362 459 3417 ²)
494 3364 538 3407 S.
586 3365 845 3420 Alplzonsns
877 3380 920 3409 n.
955 3368 1055 3410 862.

429 3437 461 3493 ³)
499 3438 768 3493 Lellmlsultl,
801 3440 940 3484 Casus
974 3455 1115 3484 conse.
1145 3442 1203 3485 II.
1237 3456 1281 3485 n.
1308 3442 1418 3491 845&
1453 3443 1682 3487 consentit
1716 3443 1858 3499 Gzn'y,
1892 3441 2162 3496 Mammam,

278 3512 472 3555 Ge'nimt.
