2269 3898
784 104 850 146 De
888 103 1225 147 consuetudine.
1859 108 1945 151 195

70 237 244 294 exigit,
277 241 332 281 ut
354 236 446 288 lex,
483 249 606 293 quae
639 240 844 293 propter
875 236 1053 281 bonum
1088 249 1335 282 commune
1368 237 1474 282 lata
1510 243 1598 295 est,
1634 240 1694 284 ab
1720 240 1940 286 omnibus

70 312 387 357 observetur:
431 309 613 355 etenim
657 308 752 354 nisi
786 310 846 354 ab
883 310 1103 355 omnibus
1138 311 1394 356 observari
1429 311 1626 367 debeat,
1659 313 1802 360 brevi
1837 312 1942 360 effi·

68 384 263 431 caciam
297 384 498 438 amittit,
532 383 645 440 quia
668 382 811 428 multi
834 387 1070 441 putantes
1103 383 1249 429 finem
1282 384 1406 441 legis
1441 399 1529 442 pro
1563 386 1682 443 ipsis
1718 401 1940 436 cessasse

73 460 233 516 legem
273 471 368 503 non
409 458 738 502 observarent
781 462 831 502 et
878 470 962 502 suo
1008 458 1231 514 exemplo
1273 458 1439 515 plures
1474 459 1597 504 alios
1633 461 1942 509 seducerent.

71 533 283 590 Insuper
306 531 347 576 si
371 531 670 588 singulorum
697 530 878 575 iudicio
911 531 1248 588 permittatur,
1282 545 1393 576 num
1423 532 1473 576 in
1506 534 1802 589 particulari
1826 550 1944 583 casu

72 606 346 665 periculum
382 605 548 650 damni
582 608 758 661 cesset,
805 604 1041 650 eiusmodi
1074 605 1212 660 leges
1244 610 1450 663 propter
1481 607 1753 663 periculum
1786 610 1944 657 hallu-

72 680 336 728 cinationis
369 680 619 738 plerisque
652 679 855 725 inutiles
888 677 1067 725 forent.

223 754 475 809 Sententia,
519 767 631 808 quae
663 757 789 797 tenet
823 767 994 797 cessare
1026 755 1189 810 legem,
1232 756 1411 809 quando
1455 756 1559 798 finis
1594 756 1689 799 eius
1723 771 1841 801 mere
1873 773 1946 802 ne-

69 829 233 886 gative
266 833 426 883 cessat,
460 833 506 871 et
539 826 673 884 quam
706 828 915 872 nonnulli
948 832 1153 871 auctores
1184 829 1460 883 probabilem
1484 829 1666 885 habent,
1700 831 1746 873 in
1770 833 1947 886 praxim

74 917 164 947 non
198 903 450 947 deducitur.
514 903 586 945 Sic
624 916 857 957 nunquam
903 902 1140 945 omittitur
1180 903 1476 957 proclamatio
1519 905 1816 960 matrimonii,
1860 908 1947 950 etsi

69 978 253 1021 nullum
287 977 349 1020 sit
380 976 575 1020 invalidi
607 976 890 1020 matrimonii
924 976 1189 1031 periculum.
1252 977 1370 1020 Num
1403 978 1592 1021 admitti
1636 980 1780 1034 possit
1813 981 1948 1024 huius

70 1052 331 1096 :sententiae
363 1051 678 1107 probabilitas,
710 1051 790 1094 alii
816 1050 1031 1094 viderint.
1085 1050 1130 1094 S.
1156 1051 1416 1107 Alplzonszcs
1438 1053 1547 1096 haec
1578 1054 1736 1098 habet:
1770 1056 1949 1110 „Magis

77 1126 190 1170 mihi
223 1126 395 1169 arridet
428 1126 550 1181 prior
583 1125 826 1180 sententia,
867 1139 916 1168 eo
957 1126 1076 1180 quod
1119 1126 1420 1170 communiter
1461 1128 1682 1182 loquendo
1715 1130 1808 1172 fere
1840 1143 1950 1173 nun-

72 1215 211 1256 quam
246 1204 391 1244 cessat
426 1201 607 1244 omnino
640 1201 890 1256 periculum
926 1200 1312 1244 hallucinationis.
1352 1201 1397 1245 si
1424 1215 1528 1245 vero
1553 1202 1797 1258 aliquando
1821 1218 1949 1248 casus

73 1275 316 1331 accideret,
349 1276 468 1330 quod
510 1275 676 1330 aliquis
722 1275 903 1318 omnino
948 1280 1096 1318 certus
1137 1280 1184 1318 et
1226 1289 1406 1319 securus
1447 1281 1580 1332 esset,
1625 1278 1778 1321 abesse
1820 1292 1951 1323 omne

76 1350 452 1394 hallucinationis
484 1350 750 1405 periculum,
785 1354 895 1392 tunc
927 1364 1017 1393 non
1050 1350 1261 1393 auderem
1296 1351 1536 1394 secundam
1572 1352 1847 1395 sententiam
1870 1353 1950 1396 im,-

79 1424 281 1480 probare,
326 1425 403 1468 sed
450 1424 711 1467 huiusmodi
756 1437 884 1466 casus
917 1423 1145 1467 rarissime
1179 1424 1348 1479 poterit
1382 1425 1585 1469 evenire“
1625 1429 1684 1479 (11.
1721 1426 1837 1482 199).
1902 1427 1952 1470 ln

79 1500 171 1542 fine
203 1503 358 1542 tamen
390 1503 531 1553 negat
562 1498 655 1554 legi
687 1511 816 1553 posse
861 1497 998 1541 libros
1031 1498 1294 1553 prohibitos,
1343 1499 1524 1542 etiamsi
1566 1499 1665 1553 quis
1707 1504 1838 1554 putet
1873 1514 1953 1555 pro

74 1586 127 1616 se
159 1573 312 1616 abesse
346 1586 475 1616 omne
507 1572 772 1628 pericnlum.

664 2091 1003 2176 Quaestio
1062 2090 1374 2158 decima.

536 2229 644 2280 De
723 2226 1515 2311 CODSUQEUQQRB-

242 2389 372 2443 175.
430 2388 737 2442 Definitio.
798 2387 926 2439 Vox
968 2380 1282 2439 consuetudo
1328 2388 1622 2457 dupliciter
1662 2393 1963 2461 accipitur:

85 2499 141 2533 a.
184 2477 473 2530 causaliter
525 2496 622 2547 pro
672 2476 889 2528 actibus
931 2496 962 2528 a
1006 2478 1401 2528 communitate
1457 2478 1771 2549 frequenter
1809 2499 1958 2550 repe—

88 2569 235 2634 titis,
305 2567 350 2618 b.
388 2565 706 2636 formaliter
745 2584 841 2636 pro
895 2568 1028 2631 iure,
1083 2566 1230 2635 quod
1283 2566 1582 2618 accedente
1634 2568 1964 2637 legislatoris

86 2675 364 2709 *consensu
406 2674 475 2707 ex
515 2655 621 2706 illis
664 2657 850 2707 oritur.
934 2655 1082 2706 Hinc
1143 2656 1481 2707 consuetudo
1538 2657 1838 2710 formaliter
1880 2659 1965 2709 de-

85 2746 240 2815 finiri
280 2752 458 2814 potest
497 2746 581 2796 ius
623 2745 904 2814 quoddam
945 2763 1040 2796 seu
1068 2744 1159 2796 lex
1187 2745 1501 2797 introducta
1529 2745 1787 2798 diuturno
1823 2766 1966 2800 com·

96 2835 383 2886 munitatis
424 2853 525 2885 usu
566 2833 909 2903 approbante
952 2853 1031 2900 eo,
1086 2835 1178 2904 qui
1234 2853 1422 2886 curam
1478 2834 1622 2886 illius
1665 2839 1966 2888 communi-

96 2926 222 2976 tatis
272 2923 455 2975 habet.

246 3013 389 3055 Probe
419 3012 673 3055 notandum
706 3016 776 3055 est
809 3011 1066 3066 discrimen,
1106 3012 1224 3066 quod
1257 3012 1500 3056 intercedit
1531 3013 1653 3057 inter
1684 3015 1969 3058 consuetudi-

94 3100 202 3131 nem
237 3086 610 3142 (derogatoriam)
646 3090 691 3130 et
723 3086 1126 3142 praescriptionem
1160 3085 1288 3140 iuris,
1322 3100 1511 3141 quacum
1536 3089 1811 3132 consuetudo
1836 3102 1971 3143 quan·

100 3162 245 3216 doque
278 3160 593 3204 confunditur:
638 3161 729 3204 alia
761 3160 880 3204 enim
914 3159 1140 3215 principia
1172 3160 1559 3217 consuetudinem,
1603 3162 1694 3205 alia
1726 3162 1970 3218 praescrip-

99 3235 272 3278 tionem
305 3238 486 3290 regunt,
528 3248 665 3290 quare
701 3248 792 3278 non
832 3235 1013 3278 eaedem
1055 3234 1294 3288 utrobique
1337 3235 1620 3279 condiciones
1663 3237 1970 3290 requiruntur.

101 3309 375 3353 Praesertim
408 3322 512 3352 vero
548 3322 589 3351 a.
622 3310 680 3352 ad
712 3309 1112 3364 praescriptionem
1157 3309 1428 3371 bonahfideds
1469 3309 1729 3364 requiritur,
1773 3309 1831 3352 ad
1876 3323 1972 3352 con-

96 3383 390 3427 suetudinem
422 3397 512 3426 non
543 3383 814 3438 requiritur3
858 3384 894 3429 b.
929 3385 986 3427 ad
1020 3371 1419 3438 praescriptionem
1455 3396 1694 3427 consensus
1726 3384 1850 3427 illius
1882 3397 1974 3427 non

99 3457 366 3513 requiritur,
399 3462 556 3501 contra
589 3471 720 3512 quem
753 3457 1091 3512 praescribitur,
1123 3459 1180 3501 ad
1211 3458 1581 3502 consuetudinem
1605 3471 1708 3500 vero
1732 3470 1974 3501 consensus

1710 3531 1792 3574 13³³

34 3604 101 3629 “5⁸⁴⁶
126 3608 156 3628 ‘r
