2269 3898
286 50 374 92 246
972 51 1048 93 IV.
1083 52 1150 94 De
1182 51 1472 95 conscientia.

285 183 574 253 probabile
626 190 707 234 est
765 183 941 251 legem
1004 202 1260 252 cess-asse,
1319 187 1613 237 existentia
1664 185 1801 255 legis
1858 188 1917 239 fit
1974 188 2166 256 dubia,

284 269 510 323 libertas
564 279 747 322 autem
804 280 991 323 manet
1042 282 1216 336 certa3
1279 291 1407 341 ergo
1463 282 1716 344 respectu
1772 275 1975 328 dubiae
2026 277 2170 346 legis

284 362 526 430 possidet
565 359 803 413 libertas.

436 448 561 491 Nihil
595 449 819 503 prohibet,
856 450 1096 504 quominus
1129 451 1404 506 principium
1440 453 1736 506 possessionis
1768 453 1816 496 in
1848 456 1946 497 foro
1979 454 2162 499 interno

290 523 430 566 etiam
466 527 595 565 extra
628 523 868 566 materiam
901 524 1112 568 iustitiae
1144 529 1191 568 et
1224 526 1405 580 quidem
1430 528 1577 580 quoad
1600 527 1701 570 iura
1722 528 1839 582 legis
1864 532 1910 571 et
1931 529 2163 573 libertatis

290 597 585 648 adhibeatur;
637 602 688 640 at
720 611 825 641 vero
858 598 947 641 rite
979 599 1196 653 applicari
1236 599 1381 642 debet.
1445 601 1708 644 Adversarii
1757 602 1904 657 legem
1949 608 1995 646 et
2034 604 2164 647 liber·

285 675 431 714 tatem
465 671 611 714 veluti
657 671 769 714 duas
813 684 1024 725 personas
1068 673 1256 727 fingunt
1298 673 1508 727 aequalia
1546 674 1647 717 iura
1690 675 1920 731 habentes,
1963 690 2076 731 quae
2116 678 2164 721 in

286 758 392 788 casu
426 745 551 788 dubii
587 747 640 789 de
673 746 924 789 cessatione
956 746 1073 801 legis
1106 746 1315 801 aequalia
1347 747 1448 791 iura
1480 748 1753 802 retinerent3
1789 750 2037 804 opinantur
2059 764 2170 806 ergo-

285 819 402 874 legis
433 819 535 863 iura
567 824 691 864 certa
723 834 919 875 manere,
953 821 1038 864 etsi
1073 821 1147 864 lex
1189 821 1487 876 probabiliter
1533 822 1626 864 iam
1675 827 1907 879 cessasset,
1956 828 2001 867 et
2048 824 2166 879 legis

284 894 480 948 priorem
514 898 682 938 certam
718 895 1012 938 existentiam
1046 895 1245 939 tribuere
1267 896 1339 939 ius
1362 897 1576 939 manendi
1598 897 1647 939 in
1670 898 1962 951 possessione.
1996 898 2164 941 Verum

287 982 327 1011 a.
362 968 433 1012 ius
465 968 695 1013 libertatis
728 971 775 1012 in
808 984 858 1013 se
890 971 987 1013 iure
1020 970 1136 1025 legis
1170 970 1325 1025 potius
1359 975 1442 1026 est,
1477 971 1583 1025 quia
1616 971 1818 1026 libertas,
1852 972 1890 1014 si
1922 986 2012 1015 non
2054 977 2165 1015 tem-

286 1055 408 1097 pore,
442 1043 604 1087 saltcm
638 1048 805 1088 natura
839 1049 885 1088 et
917 1045 1095 1088 ratione
1127 1046 1273 1100 legem
1298 1046 1545 1100 praecedit.
1581 1046 1618 1088 b.
1643 1046 1818 1089 Deinde
1841 1046 1885 1088 in
1911 1060 2017 1089 casn
2042 1047 2175 1089 dubii

287 1116 405 1159 circa
438 1118 734 1161 cessationem
767 1118 885 1174 legis
917 1119 1017 1162 iura
1050 1119 1167 1174 legis
1212 1125 1258 1162 et
1298 1120 1528 1163 libertatis
1569 1134 1659 1163 non
1703 1124 1890 1163 manent
1933 1121 2165 1176 aequalia:

286 1191 385 1233 fieri
420 1191 539 1234 enim
577 1192 751 1247 nequit,
784 1197 837 1236 ut
869 1193 941 1236 ius
974 1194 1092 1248 legis
1125 1201 1309 1237 maneat
1341 1199 1529 1249 certum,
1561 1194 1639 1237 ubi
1672 1198 1830 1238 contra
1860 1195 1977 1238 illud
2015 1200 2166 1239 ortum

285 1270 353 1308 est
403 1266 590 1309 dubium
640 1267 907 1323 positivum,
955 1268 1033 1311 sed
1071 1268 1143 1311 ius
1191 1269 1308 1324 legis
1346 1269 1596 1312 necessario
1634 1270 1692 1311 fit
1731 1269 1934 1324 dubium,
1982 1275 2166 1314 econtra

282 1340 355 1382 ius
391 1340 621 1384 libertatis
654 1346 810 1385 manet
842 1346 1028 1386 certum.
1094 1357 1127 1386 e.
1163 1343 1365 1387 Tandem
1416 1343 1663 1386 existentia
1711 1344 1826 1398 legis
1869 1345 1995 1399 prius
2044 1351 2172 1388 certa

286 1415 462 1458 nullam
496 1429 575 1470 pro
623 1417 724 1471 lege
755 1417 950 1460 fundare
983 1421 1137 1472 potest
1169 1418 1579 1472 praesumtionem:
1627 1432 1733 1461 nam
1782 1419 2168 1473 praesumtionem

285 1489 454 1532 fundat
477 1490 699 1545 possessio
716 1491 805 1544 (hic
822 1491 1070 1534 existentia
1092 1492 1248 1547 legis);
1272 1493 1494 1547 possessio
1513 1496 1682 1548 autem,
1705 1496 1759 1535 ut
1781 1493 2165 1548 praesumtionem

285 1564 467 1618 fundet,
503 1564 636 1607 debet
669 1578 764 1608 esse
797 1571 934 1620 certa,
969 1570 1107 1620 atque
1138 1566 1185 1608 id
1228 1567 1411 1621 quidem
1457 1581 1506 1611 eo
1548 1572 1766 1622 tempore,
1811 1581 1896 1622 quo
1940 1581 2166 1623 praesum-

287 1638 458 1682 tionem
493 1640 682 1682 fundat:
718 1640 848 1694 atqui
882 1640 1131 1683 existentia
1162 1642 1279 1696 legis
1313 1642 1439 1696 prius
1473 1646 1596 1685 certa
1628 1656 1748 1685 nunc
1771 1651 1841 1686 est
1865 1643 2023 1694 dubia;
2059 1656 2167 1698 ergo

284 1713 515 1757 immerito
549 1727 602 1757 ex
636 1714 860 1769 principio
884 1714 1179 1770 possessionis
1201 1716 1448 1770 quidquam
1472 1717 1520 1759 in
1542 1718 1745 1759 favorem
1769 1717 1886 1772 legis
1910 1718 2169 1761 deducitur.

439 1861 569 1916 22⁶2.
614 1864 760 1914 Num
802 1862 904 1933 Ze9i
945 1864 1114 1916 adhuc
1155 1866 1472 1936 satisfacere
1516 1874 1769 1932 teneatur,
1813 1868 1903 1935 qui
1943 1851 2173 1929 dubitat,

287 1972 356 2003 an
401 1953 449 2002 ei
489 1953 596 2003 iam
637 1953 977 2021 satisfecerit.

435 2061 482 2094 a.
539 2040 596 2092 Si
641 2041 872 2094 dubium
923 2051 1003 2093 est
1046 2061 1192 2093 mere
1248 2045 1591 2112 negativum,
1646 2044 1891 2114 profecto
1934 2054 2172 2110 tenetur,

287 2131 417 2199 quia
458 2129 720 2199 obligatio
763 2130 949 2183 adhuc
996 2140 1145 2183 certa
1186 2141 1281 2185 est.

436 2219 481 2273 b.
528 2220 635 2285 Qui
678 2219 786 2291 legi
827 2220 1192 2290 probabiliter
1232 2223 1342 2274 iam
1385 2223 1653 2274 satisfecit
1693 2226 1835 2290 (sive
1872 2237 2028 2275 extra
2058 2243 2166 2276 ma-

284 2311 480 2361 teriam
511 2311 752 2362 iustitiae
794 2313 912 2362 sive
954 2312 1099 2362 intra
1128 2315 1415 2363 materiam
1445 2311 1728 2382 iustitiae),
1771 2331 1881 2364 non
1924 2320 2169 2364 tenetur:

286 2417 348 2449 eo
391 2400 509 2468 ipso
553 2401 717 2467 enim,
761 2400 908 2469 quod
949 2399 1311 2469 probabiliter
1338 2401 1448 2452 iam
1480 2401 1763 2468 satisfecit,
1807 2401 2068 2469 obligatio
2105 2402 2167 2452 fit

286 2487 484 2556 dubia3
528 2489 788 2557 obligatio
831 2497 1018 2543 autem
1061 2489 1230 2541 dubia
1273 2489 1423 2541 nulla
1465 2498 1560 2542 est.
1923 2480 1928 2481 γ

436 2598 476 2632 c.
521 2579 609 2630 Ad
640 2587 1054 2647 argumentum:
1099 2578 1426 2647 obligationi
1458 2587 1639 2631 certae
1682 2599 1791 2631 non
1835 2580 2031 2632 satisfit
2070 2599 2173 2650 per

286 2667 664 2737 impletionem
708 2669 955 2735 dubiam,
1000 2668 1458 2737 distinguendum
1497 2676 1607 2721 est:
1651 2688 1749 2739 per
1789 2669 2165 2739 impletionem

286 2759 544 2825 negative
601 2757 847 2825 dubiam,
907 2758 1179 2824 conced03
1248 2776 1344 2828 per
1385 2758 1764 2828 impletionem
1818 2759 2165 2829 probabilem

286 2864 416 2896 vero
459 2865 566 2898 non
610 2847 804 2899 satisfit
854 2855 1017 2911 certe,
1072 2848 1273 2899 satisfit
1327 2856 1512 2899 autem
1567 2848 1954 2918 probabiliter3
2013 2849 2164 2918 atqui

287 2935 565 3004 obligatio,
622 2939 711 2988 cui
753 2937 1114 3006 probabiliter
1154 2940 1264 2989 iam
1307 2946 1386 2989 est
1428 2938 1788 3004 satisfactum,
1832 2946 2007 2989 cessat
2048 2956 2168 2988 esse

287 3033 454 3092 certa,
498 3034 550 3076 et
590 3028 800 3078 incerta
849 3027 1111 3097 obligatio
1155 3036 1236 3078 est
1276 3026 1492 3091 nulla¹).

435 3175 588 3220 Nota.
630 3174 726 3220 His
750 3175 1040 3233 praemissis
1064 3190 1171 3221 rem
1194 3175 1352 3234 ipsam
1375 3175 1474 3221 iam
1498 3175 1572 3221 ita
1597 3176 1860 3221 absolvere
1883 3189 2166 3234 possumus:

287 3250 553 3303 sententia,
598 3262 723 3307 quae
766 3250 1063 3309 principium
1097 3250 1444 3308 probabilismi
1478 3250 1703 3295 extendit
1739 3250 1890 3295 etiam
1924 3249 1988 3295 ad
2021 3263 2168 3296 casus

449 3414 473 3468 ¹]
507 3414 573 3457 Cf.
608 3415 754 3470 Luqo,
786 3415 854 3458 De
886 3415 1163 3458 eucharistia
1196 3415 1310 3470 disp.
1347 3415 1415 3457 19.
1449 3429 1492 3458 11.
1528 3415 1627 3458 249.
