2269 3898
286 110 313 151 2
1021 107 1088 149 De
1121 106 1424 149 matrimonio.

288 244 586 313 spiratione
617 242 966 310 pronuntiat:
1011 240 1126 290 Hoc
1166 259 1303 290 omme
1345 259 1400 291 os
1441 258 1504 291 ess:
1546 240 1747 292 ossibus
1790 243 1913 292 meis
1954 250 2002 292 et
2037 261 2161 292 caro

288 334 352 384 de
405 351 560 383 carne
620 349 747 381 mea.
845 327 1188 388 Quamobrem
1241 326 1501 398 relinquet
1558 330 1704 380 homo
1751 339 1965 399 patrem
2015 348 2163 380 suum

289 430 336 472 et
378 429 592 472 matrem
633 427 680 469 et
721 417 1026 468 adhaerebit
1064 418 1224 468 uxor-i
1264 436 1389 468 suae
1439 427 1487 469 et
1535 426 1687 469 erunt
1738 419 1841 469 duo
1894 419 1952 469 in
2008 437 2164 469 carne

288 509 457 574 wial).
535 508 655 559 Iam
697 506 765 557 ab
809 507 966 557 initio
1012 507 1167 558 Deus
1209 508 1625 558 matrimonium
1675 509 1751 558 ita
1802 507 2055 569 instituit⁷
2105 514 2166 557 ut

290 606 431 651 esset
483 598 664 663 imago
719 603 772 646 et
822 597 1253 665 repraesentatio
1308 604 1425 646 tum
1480 597 1701 647 unionis
1755 595 1930 647 Verbi
1987 595 2165 647 divini

289 705 415 737 cum
469 692 667 736 natura
720 684 964 737 humana
1020 694 1137 736 tum
1192 686 1415 737 unionis
1458 684 1665 737 Christi
1719 693 1771 736 et
1810 684 2166 751 Ecclesiae2),

289 784 341 827 et
396 774 464 826 ab
520 775 678 825 initio
732 775 1068 843 proprietate
1123 776 1350 825 unitatis
1393 782 1445 825 et
1486 773 1988 826 indissolubilitatis
2030 773 2166 826 illud

289 865 594 933 insignivit.
652 863 852 914 Postea
880 881 1010 914 vero
1042 865 1458 914 matrimonium
1489 882 1519 914 a
1550 865 1837 933 primaeva
1878 883 1974 915 sua
2016 865 2166 916 insti-

288 955 499 1006 tutione
542 951 772 1003 defecit:
816 970 944 1002 nam
986 960 1374 1022 praeterquam
1413 953 1560 1022 quod
1597 961 1719 1022 post
1745 953 1960 1022 lapsum
1989 960 2166 1022 proto-

291 1050 582 1113 parentum
645 1041 826 1109 coepit
887 1040 1005 1091 fieri
1067 1041 1234 1092 etiam
1294 1041 1603 1093 remedium
1664 1043 2167 1111 concupiscentiae,

293 1133 477 1184 amisit
519 1133 746 1199 insuper
787 1131 1231 1198 praerogativam
1275 1132 1503 1182 unitatis
1545 1139 1598 1182 et
1646 1129 2166 1194 indissolubilitatis,
2234 1196 2238 1198 -

291 1240 418 1274 cum
472 1218 803 1290 patriarchis
856 1237 953 1288 per
1002 1219 1473 1288 dispensationem
1517 1237 1777 1271 concessa
1817 1219 1984 1272 fuerit
2013 1217 2168 1289 poly-

288 1311 519 1383 9amia3)
576 1318 629 1360 et
680 1307 881 1378 populo
940 1307 1235 1360 israelitico
1291 1307 1500 1360 libellus
1541 1309 1824 1379 repucliffi).
1915 1308 2169 1361 Christus

288 1410 474 1454 autem
532 1399 948 1451 matrimonium
1003 1396 1220 1449 sublata
1263 1397 1675 1468 dispensatione
1725 1398 2076 1467 polygamiae
2117 1404 2171 1448 et

289 1489 461 1542 libelli
503 1487 721 1558 repudii
764 1489 1084 1556 primaevae
1127 1506 1257 1539 suae
1288 1487 1548 1557 dignitati
1579 1496 1632 1539 et
1658 1488 1885 1557 puritati
1914 1488 2168 1553 restituit,

290 1579 538 1648 illudque
599 1577 669 1629 ad
729 1578 999 1628 rationem
1063 1579 1394 1628 sacramenti
1456 1576 1714 1642 elevavit,
1776 1575 1872 1628 ubi
1928 1577 2169 1628 referens

292 1669 463 1721 verba
509 1685 771 1737 geneseos
822 1666 1066 1718 addidit:
1131 1665 1284 1725 Quod
1332 1685 1449 1736 erqo
1492 1668 1635 1718 Deus
1685 1667 1975 1729 coni-mixis,
2024 1667 2169 1717 homo

288 1778 396 1811 uon
436 1756 712 1828 sepczretf’).

442 1861 481 1889 a.
516 1845 677 1899 Verba,
711 1844 872 1899 quibus
906 1844 1251 1887 matrimonium
1284 1844 1575 1888 instituitur:
1615 1844 1911 1898 Quamobrem
1945 1843 2174 1898 relinquet

286 1929 372 1966 etc.
405 1922 460 1966 ab
494 1926 677 1964 auctore
702 1932 915 1975 geneseos
939 1918 1208 1962 tribuuntur
1231 1918 1413 1974 quidem
1431 1919 1630 1969 Adamo;
1656 1919 1803 1961 Adam
1821 1931 1925 1961 vero
1951 1931 2003 1961 ea
2026 1918 2169 1961 solum

289 1997 544 2053 inspirante
576 1994 771 2039 Domino
805 1994 977 2037 edicere
1009 1994 1178 2049 potuit.
1241 1994 1349 2037 Ideo
1382 1993 1591 2037 Christus
1635 1994 1744 2037 haec
1785 1992 1923 2036 verba
1954 1993 2043 2048 ipsi
2076 1993 2170 2036 Deo

288 2069 505 2125 t1·ibuit⁶).
569 2069 852 2114 Matrimonii
876 2069 1031 2111 unitas·
1054 2072 1191 2123 atque
1215 2068 1596 2112 indissolnbz'litas
1617 2068 1878 2112 continetur
1901 2067 2073 2111 verbis:
2108 2068 2174 2110 Et

289 2149 425 2190 erunt
456 2145 541 2188 duo
581 2145 625 2188 in
667 2157 805 2188 carue
849 2157 956 2196 nna,
1000 2156 1054 2186 ex
1099 2143 1261 2198 quibus
1294 2143 1503 2187 Christus
1547 2143 1769 2186 Dominus
1811 2142 1975 2186 infert:
2010 2142 2202 2197 ltaque*

288 2221 379 2263 iam
422 2232 508 2262 non
552 2220 659 2261 sunt
699 2217 800 2269 dno,
848 2218 931 2261 sed
972 2232 1061 2260 mla
1111 2231 1231 2261 earo.
1301 2218 1427 2271 Quod
1468 2231 1576 2274 erqo
1608 2218 1738 2261 Deus
1769 2217 2003 2261 coniunxit
2042 2217 2171 2259 Immo

287 2307 373 2337 non
407 2296 602 2350 separet.

441 2368 478 2410 b.
513 2367 766 2422 Disputant
800 2366 997 2422 quidem,
1046 2372 1200 2410 utrum
1234 2367 1414 2410 libellus
1446 2367 1631 2423 repudii
1659 2366 1707 2409 id
1740 2365 1957 2420 effecerit,
1990 2370 2044 2407 ut
2075 2364 2170 2407 vin-

290 2443 443 2487 culum
478 2442 760 2486 matrimonii
795 2441 1060 2497 solveretur,
1101 2455 1158 2485 an
1192 2442 1337 2485 solum
1371 2441 1434 2496 id,
1479 2448 1531 2484 ut
1565 2441 1780 2496 coniuges
1812 2440 1998 2495 impune
2031 2452 2077 2482 se
2109 2452 2171 2481 se-

291 2530 451 2573 parare
474 2516 735 2573 potuerint:
771 2516 848 2559 sed
871 2517 1167 2571 praeferenda
1191 2521 1259 2560 est
1285 2515 1529 2570 sententia,
1563 2528 1677 2570 quae
1700 2520 1827 2558 tenet
1857 2527 1936 2569 per
1964 2512 2166 2556 libellum

291 2592 471 2648 repudii
505 2592 705 2635 solutum
748 2591 890 2635 fuisse
934 2591 1294 2645 matrimonium,
1338 2590 1449 2633 adeo
1481 2595 1534 2633 ut
1580 2595 1773 2644 utraque
1818 2602 1923 2643 pars
1965 2588 2023 2632 ad
2055 2587 2171 2631 alias

289 2667 479 2723 nuptias
511 2666 663 2710 valide
696 2672 740 2709 et
773 2666 900 2710 licite
934 2666 1129 2709 transire
1161 2663 1421 2721 potue1·it⁷).

442 2758 492 2808 2.
548 2757 965 2808 Matrimonium
1024 2755 1318 2825 dupliciter
1371 2754 1708 2806 considerari
1760 2761 1956 2824 potest,
2007 2761 2170 2822 prout

291 2853 374 2897 est
414 2855 712 2898 contractus
753 2854 805 2896 et
844 2853 1007 2915 prout
1048 2852 1129 2896 est
1154 2853 1552 2896 sacramentum.
1609 2844 1729 2896 Etsi
1756 2843 2170 2895 matrimonium

451 3025 479 3077 ¹)
511 3025 619 3068 Gen.
655 3025 696 3078 ἱ),
728 3024 798 3069 ⁶23.
833 3024 902 3066 ⁶24.

449 3097 480 3154 2)
514 3099 628 3154 Eph.
663 3099 704 3153 ἴ),
737 3097 927 3141 22—33.

448 3172 485 3228 ³)
519 3173 585 3216 Cf.
621 3172 730 3215 Gen.
766 3173 836 3226 16,
871 3174 894 3214 1
930 3186 986 3216 ss.
1020 3172 1091 3227 25,
1127 3174 1170 3214 1:
1207 3172 1277 3226 99,
1311 3172 1381 3214 Ξῖ.

445 3247 479 3300 4)
509 3247 644 3290 Deut.
680 3245 751 3301 24,
788 3248 810 3287 1
845 3260 900 3289 ss.

449 3320 481 3375 ⁵)
514 3321 681 3364 Matth.
717 3321 786 3375 19,
820 3321 859 3363 6.

448 3394 481 3445 6)
511 3395 678 3439 Matth.
714 3395 784 3450 19,
816 3397 857 3438 4.

449 3472 482 3524 τ’)
517 3470 584 3513 Cf.
618 3470 783 3522 Pes-cle,
814 3469 1144 3513 Praelectiones
1180 3468 1381 3524 dogmat.
1415 3468 1515 3511 VH.
1550 3483 1593 3512 n.
1630 3468 1713 3511 712
1747 3481 1803 3511 ss.
