<?xml version="1.0" encoding="UTF-8"?>
<!DOCTYPE html PUBLIC "-//W3C//DTD XHTML 1.0 Transitional//EN"
    "http://www.w3.org/TR/xhtml1/DTD/xhtml1-transitional.dtd">
<html xmlns="http://www.w3.org/1999/xhtml" xml:lang="en" lang="en">
 <head>
  <title>
</title>
<meta http-equiv="Content-Type" content="text/html;charset=utf-8" />
  <meta name='ocr-system' content='tesseract 3.04.00' />
  <meta name='ocr-capabilities' content='ocr_page ocr_carea ocr_par ocr_line ocrx_word'/>
</head>
<body>
  <div class='ocr_page' id='page_1' title='image "./summatheologiaem00nold_0053.png"; bbox 0 0 2269 3898; ppageno 0'>
   <div class='ocr_carea' id='block_1_1' title="bbox 771 174 1970 220">
    <p class='ocr_par' dir='ltr' id='par_1_1' title="bbox 771 174 1970 220">
     <span class='ocr_line' id='line_1_1' title="bbox 771 174 1970 220; baseline 0.003 -4"><span class='ocrx_word' id='word_1_1' title='bbox 771 175 838 217; x_wconf 91' lang='lat' dir='ltr'>De</span> <span class='ocrx_word' id='word_1_2' title='bbox 870 174 1046 218; x_wconf 86' lang='lat' dir='ltr'>actibus</span> <span class='ocrx_word' id='word_1_3' title='bbox 1080 176 1304 219; x_wconf 88' lang='lat' dir='ltr'>humanis.</span> <span class='ocrx_word' id='word_1_4' title='bbox 1915 180 1970 220; x_wconf 73' lang='lat'>43</span> 
     </span>
    </p>
   </div>
   <div class='ocr_carea' id='block_1_2' title="bbox 99 307 1975 733">
    <p class='ocr_par' dir='ltr' id='par_1_2' title="bbox 99 307 1975 733">
     <span class='ocr_line' id='line_1_2' title="bbox 99 307 1974 363; baseline 0.002 -14"><span class='ocrx_word' id='word_1_5' title='bbox 99 310 147 350; x_wconf 89' lang='lat' dir='ltr'>et</span> <span class='ocrx_word' id='word_1_6' title='bbox 182 307 377 349; x_wconf 87' lang='lat' dir='ltr'>dolorem</span> <span class='ocrx_word' id='word_1_7' title='bbox 412 310 591 355; x_wconf 89' lang='lat' dir='ltr'>causat;</span> <span class='ocrx_word' id='word_1_8' title='bbox 639 311 721 349; x_wconf 88' lang='lat' dir='ltr'>aut</span> <span class='ocrx_word' id='word_1_9' title='bbox 764 307 859 349; x_wconf 85' lang='lat' dir='ltr'>fieri</span> <span class='ocrx_word' id='word_1_10' title='bbox 897 312 1062 361; x_wconf 89' lang='lat' dir='ltr'>potest,</span> <span class='ocrx_word' id='word_1_11' title='bbox 1106 313 1159 350; x_wconf 85' lang='lat' dir='ltr'>ut</span> <span class='ocrx_word' id='word_1_12' title='bbox 1193 311 1382 352; x_wconf 83' lang='lat' dir='ltr'>effectus</span> <span class='ocrx_word' id='word_1_13' title='bbox 1415 324 1504 351; x_wconf 88' lang='lat' dir='ltr'>non</span> <span class='ocrx_word' id='word_1_14' title='bbox 1538 323 1675 363; x_wconf 86' lang='lat' dir='ltr'>aeque</span> <span class='ocrx_word' id='word_1_15' title='bbox 1708 309 1974 353; x_wconf 72' lang='lat' dir='ltr'>immediate</span> 
     </span>
     <span class='ocr_line' id='line_1_3' title="bbox 102 380 1974 439; baseline 0.002 -16"><span class='ocrx_word' id='word_1_16' title='bbox 102 393 156 424; x_wconf 83' lang='lat' dir='ltr'>ex</span> <span class='ocrx_word' id='word_1_17' title='bbox 190 394 325 423; x_wconf 87' lang='lat' dir='ltr'>causa</span> <span class='ocrx_word' id='word_1_18' title='bbox 358 381 620 434; x_wconf 77' lang='lat' dir='ltr'>procedant,</span> <span class='ocrx_word' id='word_1_19' title='bbox 653 380 759 434; x_wconf 88' lang='lat' dir='ltr'>quia</span> <span class='ocrx_word' id='word_1_20' title='bbox 791 394 928 423; x_wconf 86' lang='lat' dir='ltr'>causa</span> <span class='ocrx_word' id='word_1_21' title='bbox 960 395 1048 424; x_wconf 90' lang='lat' dir='ltr'>non</span> <span class='ocrx_word' id='word_1_22' title='bbox 1084 388 1152 425; x_wconf 87' lang='lat' dir='ltr'>est</span> <span class='ocrx_word' id='word_1_23' title='bbox 1185 397 1210 425; x_wconf 89' lang='lat' dir='ltr'>a</span> <span class='ocrx_word' id='word_1_24' title='bbox 1242 391 1409 426; x_wconf 85' lang='lat' dir='ltr'>natura</span> <span class='ocrx_word' id='word_1_25' title='bbox 1441 384 1498 426; x_wconf 86' lang='lat' dir='ltr'>ad</span> <span class='ocrx_word' id='word_1_26' title='bbox 1531 389 1775 438; x_wconf 88' lang='lat' dir='ltr'>utrumque</span> <span class='ocrx_word' id='word_1_27' title='bbox 1817 386 1974 439; x_wconf 83' lang='lat' dir='ltr'>produ-</span> 
     </span>
     <span class='ocr_line' id='line_1_4' title="bbox 100 454 1974 511; baseline 0.003 -15"><span class='ocrx_word' id='word_1_28' title='bbox 100 455 290 497; x_wconf 86' lang='lat' dir='ltr'>cendum</span> <span class='ocrx_word' id='word_1_29' title='bbox 325 454 645 508; x_wconf 85' lang='lat' dir='ltr'>determinata,</span> <span class='ocrx_word' id='word_1_30' title='bbox 684 459 736 497; x_wconf 86' lang='lat' dir='ltr'>ut</span> <span class='ocrx_word' id='word_1_31' title='bbox 771 454 807 496; x_wconf 85' lang='lat' dir='ltr'>si</span> <span class='ocrx_word' id='word_1_32' title='bbox 842 455 941 508; x_wconf 84' lang='lat' dir='ltr'>quis</span> <span class='ocrx_word' id='word_1_33' title='bbox 975 456 1222 510; x_wconf 81' lang='lat' dir='ltr'>imaginem</span> <span class='ocrx_word' id='word_1_34' title='bbox 1250 457 1405 511; x_wconf 76' lang='lat' dir='ltr'>pingit</span> <span class='ocrx_word' id='word_1_35' title='bbox 1429 458 1485 500; x_wconf 88' lang='lat' dir='ltr'>ad</span> <span class='ocrx_word' id='word_1_36' title='bbox 1510 458 1682 500; x_wconf 85' lang='lat' dir='ltr'>lucrum</span> <span class='ocrx_word' id='word_1_37' title='bbox 1714 458 1974 501; x_wconf 73' lang='lat' dir='ltr'>faciendum</span> 
     </span>
     <span class='ocr_line' id='line_1_5' title="bbox 101 528 1974 585; baseline 0.003 -15"><span class='ocrx_word' id='word_1_38' title='bbox 101 528 228 570; x_wconf 88' lang='lat' dir='ltr'>cuius</span> <span class='ocrx_word' id='word_1_39' title='bbox 261 533 449 582; x_wconf 86' lang='lat' dir='ltr'>aspectu</span> <span class='ocrx_word' id='word_1_40' title='bbox 492 528 610 571; x_wconf 89' lang='lat' dir='ltr'>alius</span> <span class='ocrx_word' id='word_1_41' title='bbox 650 529 708 570; x_wconf 89' lang='lat' dir='ltr'>ad</span> <span class='ocrx_word' id='word_1_42' title='bbox 754 529 1025 582; x_wconf 85' lang='lat' dir='ltr'>peccandum</span> <span class='ocrx_word' id='word_1_43' title='bbox 1060 530 1295 572; x_wconf 84' lang='lat' dir='ltr'>incitatur.</span> <span class='ocrx_word' id='word_1_44' title='bbox 1362 530 1410 572; x_wconf 89' lang='lat' dir='ltr'>In</span> <span class='ocrx_word' id='word_1_45' title='bbox 1452 531 1598 585; x_wconf 90' lang='lat' dir='ltr'>priore</span> <span class='ocrx_word' id='word_1_46' title='bbox 1639 546 1745 574; x_wconf 87' lang='lat' dir='ltr'>casu</span> <span class='ocrx_word' id='word_1_47' title='bbox 1787 534 1974 577; x_wconf 82' lang='lat' dir='ltr'>effectus</span> 
     </span>
     <span class='ocr_line' id='line_1_6' title="bbox 101 601 1975 660; baseline 0.003 -16"><span class='ocrx_word' id='word_1_48' title='bbox 101 601 223 656; x_wconf 90' lang='lat' dir='ltr'>sequi</span> <span class='ocrx_word' id='word_1_49' title='bbox 258 601 427 644; x_wconf 87' lang='lat' dir='ltr'>dieitur</span> <span class='ocrx_word' id='word_1_50' title='bbox 460 615 539 656; x_wconf 88' lang='lat' dir='ltr'>per</span> <span class='ocrx_word' id='word_1_51' title='bbox 571 616 629 656; x_wconf 89' lang='lat' dir='ltr'>se,</span> <span class='ocrx_word' id='word_1_52' title='bbox 672 602 720 644; x_wconf 89' lang='lat' dir='ltr'>in</span> <span class='ocrx_word' id='word_1_53' title='bbox 756 604 1001 657; x_wconf 87' lang='lat' dir='ltr'>posteriore</span> <span class='ocrx_word' id='word_1_54' title='bbox 1034 617 1113 657; x_wconf 88' lang='lat' dir='ltr'>per</span> <span class='ocrx_word' id='word_1_55' title='bbox 1145 604 1374 654; x_wconf 86' lang='lat' dir='ltr'>accidens;</span> <span class='ocrx_word' id='word_1_56' title='bbox 1421 605 1497 647; x_wconf 87' lang='lat' dir='ltr'>sed</span> <span class='ocrx_word' id='word_1_57' title='bbox 1540 606 1587 647; x_wconf 87' lang='lat' dir='ltr'>in</span> <span class='ocrx_word' id='word_1_58' title='bbox 1632 612 1823 660; x_wconf 85' lang='lat' dir='ltr'>utroque</span> <span class='ocrx_word' id='word_1_59' title='bbox 1870 619 1975 649; x_wconf 89' lang='lat' dir='ltr'>casu</span> 
     </span>
     <span class='ocr_line' id='line_1_7' title="bbox 100 676 1973 733; baseline 0.002 -15"><span class='ocrx_word' id='word_1_60' title='bbox 100 689 240 730; x_wconf 86' lang='lat' dir='ltr'>agens</span> <span class='ocrx_word' id='word_1_61' title='bbox 271 676 506 718; x_wconf 85' lang='lat' dir='ltr'>intendere</span> <span class='ocrx_word' id='word_1_62' title='bbox 539 683 691 730; x_wconf 88' lang='lat' dir='ltr'>potest</span> <span class='ocrx_word' id='word_1_63' title='bbox 723 691 880 731; x_wconf 89' lang='lat' dir='ltr'>unum,</span> <span class='ocrx_word' id='word_1_64' title='bbox 921 677 1029 732; x_wconf 87' lang='lat' dir='ltr'>quin</span> <span class='ocrx_word' id='word_1_65' title='bbox 1073 677 1286 720; x_wconf 84' lang='lat' dir='ltr'>intendat</span> <span class='ocrx_word' id='word_1_66' title='bbox 1319 680 1528 721; x_wconf 89' lang='lat' dir='ltr'>alterum.</span> <span class='ocrx_word' id='word_1_67' title='bbox 1592 680 1689 721; x_wconf 90' lang='lat' dir='ltr'>Iam</span> <span class='ocrx_word' id='word_1_68' title='bbox 1725 680 1973 733; x_wconf 71' lang='lat' dir='ltr'>quaeritur,</span> 
     </span>
    </p>
   </div>
   <div class='ocr_carea' id='block_1_3' title="bbox 100 749 1975 877">
    <p class='ocr_par' dir='ltr' id='par_1_3' title="bbox 100 749 1975 877">
     <span class='ocr_line' id='line_1_8' title="bbox 101 749 1975 806; baseline 0.002 -15"><span class='ocrx_word' id='word_1_69' title='bbox 101 762 215 802; x_wconf 89' lang='lat' dir='ltr'>quae</span> <span class='ocrx_word' id='word_1_70' title='bbox 248 749 530 793; x_wconf 81' lang='lat' dir='ltr'>condiciones</span> <span class='ocrx_word' id='word_1_71' title='bbox 563 751 868 805; x_wconf 79' lang='lat' dir='ltr'>requirantur,</span> <span class='ocrx_word' id='word_1_72' title='bbox 902 756 953 793; x_wconf 89' lang='lat' dir='ltr'>ut</span> <span class='ocrx_word' id='word_1_73' title='bbox 988 751 1207 794; x_wconf 85' lang='lat' dir='ltr'>eiusmodi</span> <span class='ocrx_word' id='word_1_74' title='bbox 1243 754 1431 795; x_wconf 83' lang='lat' dir='ltr'>effectus</span> <span class='ocrx_word' id='word_1_75' title='bbox 1467 760 1700 806; x_wconf 83' lang='lat' dir='ltr'>tamquam</span> <span class='ocrx_word' id='word_1_76' title='bbox 1725 754 1975 796; x_wconf 66' lang='lat' dir='ltr'>voluntarii</span> 
     </span>
     <span class='ocr_line' id='line_1_9' title="bbox 100 822 398 877; baseline 0 -12"><span class='ocrx_word' id='word_1_77' title='bbox 100 822 398 877; x_wconf 80' lang='lat' dir='ltr'>imputentur.</span> 
     </span>
    </p>
   </div>
   <div class='ocr_carea' id='block_1_4' title="bbox 100 971 1977 1127">
    <p class='ocr_par' dir='ltr' id='par_1_4' title="bbox 100 971 1977 1127">
     <span class='ocr_line' id='line_1_10' title="bbox 250 971 1977 1037; baseline 0.002 -14"><span class='ocrx_word' id='word_1_78' title='bbox 250 971 343 1023; x_wconf 81' lang='lat'>35.</span> <span class='ocrx_word' id='word_1_79' title='bbox 408 971 804 1025; x_wconf 75' lang='lat' dir='ltr'>Condiciones</span> <span class='ocrx_word' id='word_1_80' title='bbox 861 972 1212 1037; x_wconf 69' lang='lat' dir='ltr'>requisitae,</span> <span class='ocrx_word' id='word_1_81' title='bbox 1274 974 1341 1025; x_wconf 88' lang='lat' dir='ltr'>ut</span> <span class='ocrx_word' id='word_1_82' title='bbox 1402 973 1619 1025; x_wconf 88' lang='lat' dir='ltr'>malum</span> <span class='ocrx_word' id='word_1_83' title='bbox 1676 974 1738 1025; x_wconf 83' lang='grc'>111</span> <span class='ocrx_word' id='word_1_84' title='bbox 1801 989 1977 1026; x_wconf 84' lang='lat' dir='ltr'>causa</span> 
     </span>
     <span class='ocr_line' id='line_1_11' title="bbox 100 1060 904 1127; baseline 0 -14"><span class='ocrx_word' id='word_1_85' title='bbox 100 1060 506 1114; x_wconf 78' lang='lat' dir='ltr'>voluntarium</span> <span class='ocrx_word' id='word_1_86' title='bbox 547 1062 904 1127; x_wconf 86' lang='lat' dir='ltr'>imputetur.</span> 
     </span>
    </p>
   </div>
   <div class='ocr_carea' id='block_1_5' title="bbox 100 1163 1980 2394">
    <p class='ocr_par' dir='ltr' id='par_1_5' title="bbox 100 1163 1977 1500">
     <span class='ocr_line' id='line_1_12' title="bbox 250 1163 1975 1234; baseline 0.001 -19"><span class='ocrx_word' id='word_1_87' title='bbox 250 1184 298 1217; x_wconf 78' lang='grc' dir='ltr'>α.</span> <span class='ocrx_word' id='word_1_88' title='bbox 349 1164 416 1215; x_wconf 74' lang='lat' dir='ltr'>Ut</span> <span class='ocrx_word' id='word_1_89' title='bbox 443 1183 600 1233; x_wconf 61' lang='lat' dir='ltr'>(essens</span> <span class='ocrx_word' id='word_1_90' title='bbox 627 1163 860 1234; x_wconf 55' lang='lat' dir='ltr'>effectum</span> <span class='ocrx_word' id='word_1_91' title='bbox 889 1165 1075 1216; x_wconf 70' lang='lat' dir='ltr'>saltem</span> <span class='ocrx_word' id='word_1_92' title='bbox 1106 1167 1159 1216; x_wconf 73' lang='lat' dir='ltr'>in</span> <span class='ocrx_word' id='word_1_93' title='bbox 1182 1164 1398 1234; x_wconf 75' lang='lat' dir='ltr'>confuso</span> <span class='ocrx_word' id='word_1_94' title='bbox 1422 1166 1754 1234; x_wconf 70' lang='lat' dir='ltr'>praeciderit</span> <span class='ocrx_word' id='word_1_95' title='bbox 1768 1186 1783 1216; x_wconf 92' lang='grc'>.·</span> <span class='ocrx_word' id='word_1_96' title='bbox 1829 1166 1975 1234; x_wconf 85' lang='lat' dir='ltr'>quod</span> 
     </span>
     <span class='ocr_line' id='line_1_13' title="bbox 101 1253 1977 1323; baseline 0.001 -20"><span class='ocrx_word' id='word_1_97' title='bbox 101 1255 248 1304; x_wconf 86' lang='lat' dir='ltr'>enim</span> <span class='ocrx_word' id='word_1_98' title='bbox 292 1253 441 1304; x_wconf 88' lang='lat' dir='ltr'>nullo</span> <span class='ocrx_word' id='word_1_99' title='bbox 485 1254 646 1305; x_wconf 87' lang='lat' dir='ltr'>modo</span> <span class='ocrx_word' id='word_1_100' title='bbox 690 1255 1112 1323; x_wconf 85' lang='lat' dir='ltr'>praecognitum</span> <span class='ocrx_word' id='word_1_101' title='bbox 1155 1266 1252 1319; x_wconf 88' lang='lat' dir='ltr'>est,</span> <span class='ocrx_word' id='word_1_102' title='bbox 1296 1253 1671 1305; x_wconf 77' lang='lat' dir='ltr'>voluntarium</span> <span class='ocrx_word' id='word_1_103' title='bbox 1716 1272 1824 1305; x_wconf 86' lang='lat' dir='ltr'>non</span> <span class='ocrx_word' id='word_1_104' title='bbox 1869 1271 1977 1319; x_wconf 65' lang='lat' dir='ltr'>est,</span> 
     </span>
     <span class='ocr_line' id='line_1_14' title="bbox 100 1342 1975 1412; baseline 0.002 -20"><span class='ocrx_word' id='word_1_105' title='bbox 100 1344 254 1411; x_wconf 87' lang='lat' dir='ltr'>atqui</span> <span class='ocrx_word' id='word_1_106' title='bbox 299 1342 446 1411; x_wconf 87' lang='lat' dir='ltr'>quod</span> <span class='ocrx_word' id='word_1_107' title='bbox 489 1342 637 1394; x_wconf 89' lang='lat' dir='ltr'>nullo</span> <span class='ocrx_word' id='word_1_108' title='bbox 666 1343 828 1394; x_wconf 86' lang='lat' dir='ltr'>modo</span> <span class='ocrx_word' id='word_1_109' title='bbox 861 1343 1236 1394; x_wconf 85' lang='lat' dir='ltr'>voluntarium</span> <span class='ocrx_word' id='word_1_110' title='bbox 1269 1352 1364 1408; x_wconf 80' lang='lat' dir='ltr'>est,</span> <span class='ocrx_word' id='word_1_111' title='bbox 1408 1344 1465 1395; x_wconf 91' lang='lat' dir='ltr'>id</span> <span class='ocrx_word' id='word_1_112' title='bbox 1495 1345 1681 1412; x_wconf 81' lang='lat' dir='ltr'>agenti</span> <span class='ocrx_word' id='word_1_113' title='bbox 1713 1346 1975 1412; x_wconf 83' lang='lat' dir='ltr'>imputari</span> 
     </span>
     <span class='ocr_line' id='line_1_15' title="bbox 101 1433 307 1500; baseline 0.005 -19"><span class='ocrx_word' id='word_1_114' title='bbox 101 1433 307 1500; x_wconf 89' lang='lat' dir='ltr'>nequit.</span> 
     </span>
    </p>

    <p class='ocr_par' dir='ltr' id='par_1_6' title="bbox 100 1519 1978 2023">
     <span class='ocr_line' id='line_1_16' title="bbox 252 1519 1978 1576; baseline 0.002 -15"><span class='ocrx_word' id='word_1_115' title='bbox 252 1535 290 1562; x_wconf 87' lang='grc' dir='ltr'>α.</span> <span class='ocrx_word' id='word_1_116' title='bbox 326 1520 375 1563; x_wconf 89' lang='lat' dir='ltr'>In</span> <span class='ocrx_word' id='word_1_117' title='bbox 408 1522 594 1576; x_wconf 74' lang='lat' dir='ltr'>confuso</span> <span class='ocrx_word' id='word_1_118' title='bbox 627 1522 840 1563; x_wconf 82' lang='lat' dir='ltr'>effectum</span> <span class='ocrx_word' id='word_1_119' title='bbox 874 1519 1155 1575; x_wconf 71' lang='lat' dir='ltr'>praevidisse</span> <span class='ocrx_word' id='word_1_120' title='bbox 1200 1519 1369 1562; x_wconf 88' lang='lat' dir='ltr'>dicitur</span> <span class='ocrx_word' id='word_1_121' title='bbox 1403 1524 1501 1562; x_wconf 90' lang='lat' dir='ltr'>tum</span> <span class='ocrx_word' id='word_1_122' title='bbox 1535 1521 1624 1567; x_wconf 77' lang='lat' dir='ltr'>ille,</span> <span class='ocrx_word' id='word_1_123' title='bbox 1675 1521 1750 1575; x_wconf 85' lang='lat' dir='ltr'>qui</span> <span class='ocrx_word' id='word_1_124' title='bbox 1796 1521 1978 1564; x_wconf 81' lang='lat' dir='ltr'>obscure</span> 
     </span>
     <span class='ocr_line' id='line_1_17' title="bbox 101 1592 1976 1649; baseline -0.001 -11"><span class='ocrx_word' id='word_1_125' title='bbox 101 1601 147 1638; x_wconf 87' lang='lat' dir='ltr'>et</span> <span class='ocrx_word' id='word_1_126' title='bbox 179 1595 462 1649; x_wconf 84' lang='lat' dir='ltr'>indistincte,</span> <span class='ocrx_word' id='word_1_127' title='bbox 495 1600 593 1636; x_wconf 91' lang='lat' dir='ltr'>tum</span> <span class='ocrx_word' id='word_1_128' title='bbox 628 1594 720 1648; x_wconf 88' lang='lat' dir='ltr'>ille,</span> <span class='ocrx_word' id='word_1_129' title='bbox 755 1594 831 1647; x_wconf 87' lang='lat' dir='ltr'>qui</span> <span class='ocrx_word' id='word_1_130' title='bbox 867 1593 1002 1637; x_wconf 86' lang='lat' dir='ltr'>dubie</span> <span class='ocrx_word' id='word_1_131' title='bbox 1035 1599 1080 1636; x_wconf 91' lang='lat' dir='ltr'>et</span> <span class='ocrx_word' id='word_1_132' title='bbox 1114 1594 1257 1636; x_wconf 90' lang='lat' dir='ltr'>solum</span> <span class='ocrx_word' id='word_1_133' title='bbox 1283 1592 1554 1648; x_wconf 84' lang='lat' dir='ltr'>suspicando</span> <span class='ocrx_word' id='word_1_134' title='bbox 1578 1594 1708 1637; x_wconf 88' lang='lat' dir='ltr'>illum</span> <span class='ocrx_word' id='word_1_135' title='bbox 1734 1595 1976 1649; x_wconf 75' lang='lat' dir='ltr'>praevidit.</span> 
     </span>
     <span class='ocr_line' id='line_1_18' title="bbox 101 1668 1978 1725; baseline 0.001 -13"><span class='ocrx_word' id='word_1_136' title='bbox 101 1669 256 1712; x_wconf 87' lang='lat' dir='ltr'>Priore</span> <span class='ocrx_word' id='word_1_137' title='bbox 289 1670 420 1712; x_wconf 89' lang='lat' dir='ltr'>modo</span> <span class='ocrx_word' id='word_1_138' title='bbox 455 1669 624 1711; x_wconf 87' lang='lat' dir='ltr'>malum</span> <span class='ocrx_word' id='word_1_139' title='bbox 659 1668 707 1710; x_wconf 90' lang='lat' dir='ltr'>in</span> <span class='ocrx_word' id='word_1_140' title='bbox 741 1671 926 1712; x_wconf 75' lang='lat' dir='ltr'>confuso</span> <span class='ocrx_word' id='word_1_141' title='bbox 961 1669 1197 1724; x_wconf 82' lang='lat' dir='ltr'>praevidet</span> <span class='ocrx_word' id='word_1_142' title='bbox 1222 1684 1258 1713; x_wconf 92' lang='lat' dir='ltr'>e.</span> <span class='ocrx_word' id='word_1_143' title='bbox 1283 1684 1326 1725; x_wconf 78' lang='lat' dir='ltr'>g.</span> <span class='ocrx_word' id='word_1_144' title='bbox 1353 1669 1569 1723; x_wconf 89' lang='lat' dir='ltr'>medicus,</span> <span class='ocrx_word' id='word_1_145' title='bbox 1604 1670 1678 1723; x_wconf 85' lang='lat' dir='ltr'>qui</span> <span class='ocrx_word' id='word_1_146' title='bbox 1704 1669 1800 1712; x_wconf 86' lang='lat' dir='ltr'>sine</span> <span class='ocrx_word' id='word_1_147' title='bbox 1825 1670 1978 1713; x_wconf 87' lang='lat' dir='ltr'>debita</span> 
     </span>
     <span class='ocr_line' id='line_1_19' title="bbox 100 1744 1976 1799; baseline -0.001 -11"><span class='ocrx_word' id='word_1_148' title='bbox 100 1744 293 1788; x_wconf 87' lang='lat' dir='ltr'>scientia</span> <span class='ocrx_word' id='word_1_149' title='bbox 325 1744 528 1787; x_wconf 79' lang='lat' dir='ltr'>officium</span> <span class='ocrx_word' id='word_1_150' title='bbox 563 1744 725 1786; x_wconf 88' lang='lat' dir='ltr'>medici</span> <span class='ocrx_word' id='word_1_151' title='bbox 759 1744 974 1799; x_wconf 74' lang='lat' dir='ltr'>suscipit:</span> <span class='ocrx_word' id='word_1_152' title='bbox 1007 1758 1097 1787; x_wconf 86' lang='lat' dir='ltr'>non</span> <span class='ocrx_word' id='word_1_153' title='bbox 1129 1745 1246 1788; x_wconf 91' lang='lat' dir='ltr'>enim</span> <span class='ocrx_word' id='word_1_154' title='bbox 1276 1744 1493 1788; x_wconf 86' lang='lat' dir='ltr'>distincte</span> <span class='ocrx_word' id='word_1_155' title='bbox 1526 1744 1709 1798; x_wconf 81' lang='lat' dir='ltr'>singula</span> <span class='ocrx_word' id='word_1_156' title='bbox 1733 1745 1976 1798; x_wconf 78' lang='lat' dir='ltr'>cognoscit,</span> 
     </span>
     <span class='ocr_line' id='line_1_20' title="bbox 101 1819 1978 1876; baseline 0 -14"><span class='ocrx_word' id='word_1_157' title='bbox 101 1820 178 1862; x_wconf 90' lang='lat' dir='ltr'>sed</span> <span class='ocrx_word' id='word_1_158' title='bbox 211 1819 480 1862; x_wconf 86' lang='lat' dir='ltr'>indistincte</span> <span class='ocrx_word' id='word_1_159' title='bbox 514 1819 750 1873; x_wconf 83' lang='lat' dir='ltr'>praevidet</span> <span class='ocrx_word' id='word_1_160' title='bbox 785 1819 1110 1862; x_wconf 79' lang='lat' dir='ltr'>detrimentum</span> <span class='ocrx_word' id='word_1_161' title='bbox 1144 1819 1342 1862; x_wconf 85' lang='lat' dir='ltr'>infirmis</span> <span class='ocrx_word' id='word_1_162' title='bbox 1386 1826 1680 1865; x_wconf 85' lang='lat' dir='ltr'>eventurum:</span> <span class='ocrx_word' id='word_1_163' title='bbox 1730 1821 1978 1876; x_wconf 88' lang='lat' dir='ltr'>posteriore</span> 
     </span>
     <span class='ocr_line' id='line_1_21' title="bbox 100 1893 1977 1949; baseline 0.002 -14"><span class='ocrx_word' id='word_1_164' title='bbox 100 1894 233 1936; x_wconf 87' lang='lat' dir='ltr'>modo</span> <span class='ocrx_word' id='word_1_165' title='bbox 273 1893 366 1948; x_wconf 89' lang='lat' dir='ltr'>ille,</span> <span class='ocrx_word' id='word_1_166' title='bbox 408 1893 482 1947; x_wconf 89' lang='lat' dir='ltr'>qui</span> <span class='ocrx_word' id='word_1_167' title='bbox 527 1893 694 1947; x_wconf 86' lang='lat' dir='ltr'>absque</span> <span class='ocrx_word' id='word_1_168' title='bbox 728 1893 882 1936; x_wconf 89' lang='lat' dir='ltr'>debita</span> <span class='ocrx_word' id='word_1_169' title='bbox 915 1893 1316 1948; x_wconf 77' lang='lat' dir='ltr'>circumspectione</span> <span class='ocrx_word' id='word_1_170' title='bbox 1350 1895 1532 1949; x_wconf 82' lang='lat' dir='ltr'>tegulas</span> <span class='ocrx_word' id='word_1_171' title='bbox 1565 1909 1587 1938; x_wconf 92' lang='lat' dir='ltr'>e</span> <span class='ocrx_word' id='word_1_172' title='bbox 1621 1901 1740 1938; x_wconf 89' lang='lat' dir='ltr'>tecto</span> <span class='ocrx_word' id='word_1_173' title='bbox 1775 1896 1822 1938; x_wconf 91' lang='lat' dir='ltr'>in</span> <span class='ocrx_word' id='word_1_174' title='bbox 1856 1895 1977 1938; x_wconf 86' lang='lat' dir='ltr'>viam</span> 
     </span>
     <span class='ocr_line' id='line_1_22' title="bbox 101 1966 1248 2023; baseline 0 -12"><span class='ocrx_word' id='word_1_175' title='bbox 101 1966 285 2023; x_wconf 87' lang='lat' dir='ltr'>proiicit</span> <span class='ocrx_word' id='word_1_176' title='bbox 318 1981 417 2010; x_wconf 87' lang='lat' dir='ltr'>cum</span> <span class='ocrx_word' id='word_1_177' title='bbox 452 1968 650 2023; x_wconf 89' lang='lat' dir='ltr'>periculo</span> <span class='ocrx_word' id='word_1_178' title='bbox 685 1967 1023 2011; x_wconf 78' lang='lat' dir='ltr'>transeuntium</span> <span class='ocrx_word' id='word_1_179' title='bbox 1060 1968 1121 2023; x_wconf 94' lang='lat' dir='ltr'>(n.</span> <span class='ocrx_word' id='word_1_180' title='bbox 1156 1967 1248 2023; x_wconf 70' lang='lat'>28).</span> 
     </span>
    </p>

    <p class='ocr_par' dir='ltr' id='par_1_7' title="bbox 102 2042 1980 2394">
     <span class='ocr_line' id='line_1_23' title="bbox 255 2042 1979 2097; baseline 0 -12"><span class='ocrx_word' id='word_1_181' title='bbox 255 2043 293 2092; x_wconf 77' lang='grc' dir='ltr'>β.</span> <span class='ocrx_word' id='word_1_182' title='bbox 328 2043 448 2097; x_wconf 80' lang='lat' dir='ltr'>Ergo</span> <span class='ocrx_word' id='word_1_183' title='bbox 481 2056 571 2085; x_wconf 89' lang='lat' dir='ltr'>non</span> <span class='ocrx_word' id='word_1_184' title='bbox 604 2046 672 2085; x_wconf 90' lang='lat' dir='ltr'>est</span> <span class='ocrx_word' id='word_1_185' title='bbox 705 2042 994 2096; x_wconf 85' lang='lat' dir='ltr'>imputabilis</span> <span class='ocrx_word' id='word_1_186' title='bbox 1038 2043 1095 2085; x_wconf 86' lang='lat' dir='ltr'>ad</span> <span class='ocrx_word' id='word_1_187' title='bbox 1138 2047 1372 2097; x_wconf 85' lang='lat' dir='ltr'>peccatum</span> <span class='ocrx_word' id='word_1_188' title='bbox 1414 2042 1608 2086; x_wconf 86' lang='lat' dir='ltr'>ebrietas</span> <span class='ocrx_word' id='word_1_189' title='bbox 1652 2056 1705 2086; x_wconf 80' lang='lat' dir='ltr'>ex</span> <span class='ocrx_word' id='word_1_190' title='bbox 1738 2047 1850 2097; x_wconf 90' lang='lat' dir='ltr'>potu</span> <span class='ocrx_word' id='word_1_191' title='bbox 1882 2042 1979 2085; x_wconf 85' lang='lat' dir='ltr'>vini</span> 
     </span>
     <span class='ocr_line' id='line_1_24' title="bbox 102 2116 1979 2172; baseline 0 -13"><span class='ocrx_word' id='word_1_192' title='bbox 102 2123 270 2170; x_wconf 82' lang='lat' dir='ltr'>secuta,</span> <span class='ocrx_word' id='word_1_193' title='bbox 315 2117 442 2159; x_wconf 88' lang='lat' dir='ltr'>cuius</span> <span class='ocrx_word' id='word_1_194' title='bbox 488 2117 557 2160; x_wconf 82' lang='lat' dir='ltr'>vis</span> <span class='ocrx_word' id='word_1_195' title='bbox 599 2116 828 2160; x_wconf 88' lang='lat' dir='ltr'>inebrians</span> <span class='ocrx_word' id='word_1_196' title='bbox 873 2121 970 2160; x_wconf 90' lang='lat' dir='ltr'>erat</span> <span class='ocrx_word' id='word_1_197' title='bbox 1012 2117 1188 2172; x_wconf 77' lang='lat' dir='ltr'>ignota,</span> <span class='ocrx_word' id='word_1_198' title='bbox 1231 2116 1339 2171; x_wconf 87' lang='lat' dir='ltr'>quia</span> <span class='ocrx_word' id='word_1_199' title='bbox 1380 2131 1470 2160; x_wconf 91' lang='lat' dir='ltr'>non</span> <span class='ocrx_word' id='word_1_200' title='bbox 1515 2123 1584 2160; x_wconf 88' lang='lat' dir='ltr'>est</span> <span class='ocrx_word' id='word_1_201' title='bbox 1617 2117 1837 2172; x_wconf 84' lang='lat' dir='ltr'>praevisa.</span> <span class='ocrx_word' id='word_1_202' title='bbox 1902 2119 1979 2159; x_wconf 83' lang='lat' dir='ltr'>At-</span> 
     </span>
     <span class='ocr_line' id='line_1_25' title="bbox 103 2191 1979 2246; baseline 0.001 -13"><span class='ocrx_word' id='word_1_203' title='bbox 103 2195 257 2234; x_wconf 84' lang='lat' dir='ltr'>tamen</span> <span class='ocrx_word' id='word_1_204' title='bbox 288 2191 429 2245; x_wconf 81' lang='lat' dir='ltr'>rixae,</span> <span class='ocrx_word' id='word_1_205' title='bbox 462 2191 782 2246; x_wconf 86' lang='lat' dir='ltr'>blasphemiae,</span> <span class='ocrx_word' id='word_1_206' title='bbox 817 2204 1041 2235; x_wconf 87' lang='lat' dir='ltr'>sermones</span> <span class='ocrx_word' id='word_1_207' title='bbox 1065 2191 1272 2235; x_wconf 89' lang='lat' dir='ltr'>obscoeni</span> <span class='ocrx_word' id='word_1_208' title='bbox 1296 2197 1342 2234; x_wconf 87' lang='lat' dir='ltr'>et</span> <span class='ocrx_word' id='word_1_209' title='bbox 1365 2192 1602 2246; x_wconf 86' lang='lat' dir='ltr'>eiusmodi,</span> <span class='ocrx_word' id='word_1_210' title='bbox 1637 2206 1751 2246; x_wconf 85' lang='lat' dir='ltr'>quae</span> <span class='ocrx_word' id='word_1_211' title='bbox 1773 2192 1822 2235; x_wconf 88' lang='lat' dir='ltr'>in</span> <span class='ocrx_word' id='word_1_212' title='bbox 1846 2192 1979 2235; x_wconf 86' lang='lat' dir='ltr'>ebrie-</span> 
     </span>
     <span class='ocr_line' id='line_1_26' title="bbox 103 2265 1980 2321; baseline 0.001 -13"><span class='ocrx_word' id='word_1_213' title='bbox 103 2271 202 2308; x_wconf 90' lang='lat' dir='ltr'>tate</span> <span class='ocrx_word' id='word_1_214' title='bbox 220 2265 587 2320; x_wconf 84' lang='lat' dir='ltr'>committuntur,</span> <span class='ocrx_word' id='word_1_215' title='bbox 611 2266 649 2308; x_wconf 89' lang='lat' dir='ltr'>ei</span> <span class='ocrx_word' id='word_1_216' title='bbox 672 2265 894 2320; x_wconf 87' lang='lat' dir='ltr'>imputari</span> <span class='ocrx_word' id='word_1_217' title='bbox 919 2266 1083 2309; x_wconf 88' lang='lat' dir='ltr'>debent</span> <span class='ocrx_word' id='word_1_218' title='bbox 1105 2267 1163 2309; x_wconf 91' lang='lat' dir='ltr'>ad</span> <span class='ocrx_word' id='word_1_219' title='bbox 1187 2271 1439 2321; x_wconf 86' lang='lat' dir='ltr'>peccatum,</span> <span class='ocrx_word' id='word_1_220' title='bbox 1471 2267 1546 2321; x_wconf 88' lang='lat' dir='ltr'>qui</span> <span class='ocrx_word' id='word_1_221' title='bbox 1570 2267 1679 2310; x_wconf 90' lang='lat' dir='ltr'>haec</span> <span class='ocrx_word' id='word_1_222' title='bbox 1696 2267 1743 2310; x_wconf 89' lang='lat' dir='ltr'>in</span> <span class='ocrx_word' id='word_1_223' title='bbox 1760 2267 1980 2310; x_wconf 86' lang='lat' dir='ltr'>ebrietate</span> 
     </span>
     <span class='ocr_line' id='line_1_27' title="bbox 103 2340 1979 2394; baseline 0 -12"><span class='ocrx_word' id='word_1_224' title='bbox 103 2340 387 2383; x_wconf 88' lang='lat' dir='ltr'>committere</span> <span class='ocrx_word' id='word_1_225' title='bbox 428 2341 556 2393; x_wconf 83' lang='lat' dir='ltr'>solet,</span> <span class='ocrx_word' id='word_1_226' title='bbox 601 2341 707 2394; x_wconf 85' lang='lat' dir='ltr'>quia</span> <span class='ocrx_word' id='word_1_227' title='bbox 749 2345 934 2394; x_wconf 87' lang='lat' dir='ltr'>propter</span> <span class='ocrx_word' id='word_1_228' title='bbox 976 2340 1348 2384; x_wconf 87' lang='lat' dir='ltr'>consuetudinem</span> <span class='ocrx_word' id='word_1_229' title='bbox 1393 2340 1615 2384; x_wconf 88' lang='lat' dir='ltr'>eiusmodi</span> <span class='ocrx_word' id='word_1_230' title='bbox 1657 2341 1705 2384; x_wconf 89' lang='lat' dir='ltr'>in</span> <span class='ocrx_word' id='word_1_231' title='bbox 1739 2342 1821 2384; x_wconf 89' lang='lat' dir='ltr'>hoc</span> <span class='ocrx_word' id='word_1_232' title='bbox 1852 2345 1979 2383; x_wconf 89' lang='lat' dir='ltr'>statu</span> 
     </span>
    </p>
   </div>
   <div class='ocr_carea' id='block_1_6' title="bbox 103 2414 1980 2545">
    <p class='ocr_par' dir='ltr' id='par_1_8' title="bbox 103 2414 1980 2545">
     <span class='ocr_line' id='line_1_28' title="bbox 103 2414 1980 2469; baseline 0.001 -13"><span class='ocrx_word' id='word_1_233' title='bbox 103 2414 301 2457; x_wconf 84' lang='lat' dir='ltr'>faciendi</span> <span class='ocrx_word' id='word_1_234' title='bbox 335 2414 448 2457; x_wconf 89' lang='lat' dir='ltr'>satis</span> <span class='ocrx_word' id='word_1_235' title='bbox 481 2415 690 2469; x_wconf 84' lang='lat' dir='ltr'>praevisa</span> <span class='ocrx_word' id='word_1_236' title='bbox 714 2419 844 2465; x_wconf 85' lang='lat' dir='ltr'>sunt;</span> <span class='ocrx_word' id='word_1_237' title='bbox 881 2414 920 2457; x_wconf 90' lang='lat' dir='ltr'>ei</span> <span class='ocrx_word' id='word_1_238' title='bbox 944 2421 1113 2469; x_wconf 89' lang='lat' dir='ltr'>autem,</span> <span class='ocrx_word' id='word_1_239' title='bbox 1147 2416 1223 2469; x_wconf 90' lang='lat' dir='ltr'>qui</span> <span class='ocrx_word' id='word_1_240' title='bbox 1246 2416 1294 2458; x_wconf 90' lang='lat' dir='ltr'>in</span> <span class='ocrx_word' id='word_1_241' title='bbox 1319 2415 1540 2459; x_wconf 90' lang='lat' dir='ltr'>ebrietate</span> <span class='ocrx_word' id='word_1_242' title='bbox 1563 2415 1672 2458; x_wconf 89' lang='lat' dir='ltr'>haec</span> <span class='ocrx_word' id='word_1_243' title='bbox 1696 2415 1980 2458; x_wconf 84' lang='lat' dir='ltr'>committere</span> 
     </span>
     <span class='ocr_line' id='line_1_29' title="bbox 103 2488 1978 2545; baseline 0.002 -14"><span class='ocrx_word' id='word_1_244' title='bbox 103 2502 193 2532; x_wconf 90' lang='lat' dir='ltr'>non</span> <span class='ocrx_word' id='word_1_245' title='bbox 227 2488 414 2543; x_wconf 84' lang='lat' dir='ltr'>solebat,</span> <span class='ocrx_word' id='word_1_246' title='bbox 446 2503 535 2532; x_wconf 89' lang='lat' dir='ltr'>non</span> <span class='ocrx_word' id='word_1_247' title='bbox 568 2489 874 2544; x_wconf 79' lang='lat' dir='ltr'>imputantur,</span> <span class='ocrx_word' id='word_1_248' title='bbox 908 2489 945 2532; x_wconf 88' lang='lat' dir='ltr'>si</span> <span class='ocrx_word' id='word_1_249' title='bbox 978 2491 1096 2533; x_wconf 75' lang='lat' dir='ltr'>forte</span> <span class='ocrx_word' id='word_1_250' title='bbox 1129 2489 1353 2544; x_wconf 86' lang='lat' dir='ltr'>accidant,</span> <span class='ocrx_word' id='word_1_251' title='bbox 1387 2490 1494 2544; x_wconf 84' lang='lat' dir='ltr'>quia</span> <span class='ocrx_word' id='word_1_252' title='bbox 1516 2489 1724 2545; x_wconf 82' lang='lat' dir='ltr'>praevisa</span> <span class='ocrx_word' id='word_1_253' title='bbox 1745 2504 1834 2533; x_wconf 90' lang='lat' dir='ltr'>non</span> <span class='ocrx_word' id='word_1_254' title='bbox 1858 2494 1978 2534; x_wconf 90' lang='lat' dir='ltr'>sunt.</span> 
     </span>
    </p>
   </div>
   <div class='ocr_carea' id='block_1_7' title="bbox 89 2578 1982 2916">
    <p class='ocr_par' dir='ltr' id='par_1_9' title="bbox 89 2578 1982 2916">
     <span class='ocr_line' id='line_1_30' title="bbox 89 2578 1982 2649; baseline 0 -20"><span class='ocrx_word' id='word_1_255' title='bbox 89 2580 129 2621; x_wconf 51' lang='lat' dir='ltr'>&gt;t</span> <span class='ocrx_word' id='word_1_256' title='bbox 255 2579 298 2632; x_wconf 79' lang='lat' dir='ltr'>b.</span> <span class='ocrx_word' id='word_1_257' title='bbox 354 2579 419 2630; x_wconf 72' lang='lat' dir='ltr'>Ut</span> <span class='ocrx_word' id='word_1_258' title='bbox 459 2578 690 2648; x_wconf 76' lang='lat' dir='ltr'>effectum</span> <span class='ocrx_word' id='word_1_259' title='bbox 731 2579 986 2648; x_wconf 75' lang='lat' dir='ltr'>impedire</span> <span class='ocrx_word' id='word_1_260' title='bbox 1018 2583 1273 2649; x_wconf 59' lang='lat' dir='ltr'>potuerit,</span> <span class='ocrx_word' id='word_1_261' title='bbox 1318 2581 1352 2632; x_wconf 90' lang='lat' dir='ltr'>i.</span> <span class='ocrx_word' id='word_1_262' title='bbox 1381 2598 1424 2632; x_wconf 86' lang='lat' dir='ltr'>e.</span> <span class='ocrx_word' id='word_1_263' title='bbox 1458 2592 1518 2630; x_wconf 90' lang='lat' dir='ltr'>ut</span> <span class='ocrx_word' id='word_1_264' title='bbox 1545 2598 1714 2647; x_wconf 83' lang='lat' dir='ltr'>agens</span> <span class='ocrx_word' id='word_1_265' title='bbox 1743 2581 1982 2648; x_wconf 87' lang='lat' dir='ltr'>potuerit</span> 
     </span>
     <span class='ocr_line' id='line_1_31' title="bbox 106 2668 1976 2738; baseline 0 -20"><span class='ocrx_word' id='word_1_266' title='bbox 106 2686 329 2719; x_wconf 86' lang='lat' dir='ltr'>causam</span> <span class='ocrx_word' id='word_1_267' title='bbox 372 2676 466 2719; x_wconf 88' lang='lat' dir='ltr'>aut</span> <span class='ocrx_word' id='word_1_268' title='bbox 507 2686 616 2719; x_wconf 89' lang='lat' dir='ltr'>non</span> <span class='ocrx_word' id='word_1_269' title='bbox 660 2686 860 2737; x_wconf 85' lang='lat' dir='ltr'>ponere</span> <span class='ocrx_word' id='word_1_270' title='bbox 902 2677 996 2719; x_wconf 88' lang='lat' dir='ltr'>aut</span> <span class='ocrx_word' id='word_1_271' title='bbox 1047 2670 1280 2737; x_wconf 87' lang='lat' dir='ltr'>positam</span> <span class='ocrx_word' id='word_1_272' title='bbox 1323 2669 1571 2720; x_wconf 87' lang='lat' dir='ltr'>auferre:</span> <span class='ocrx_word' id='word_1_273' title='bbox 1628 2668 1776 2738; x_wconf 92' lang='lat' dir='ltr'>quod</span> <span class='ocrx_word' id='word_1_274' title='bbox 1832 2670 1976 2719; x_wconf 90' lang='lat' dir='ltr'>enim</span> 
     </span>
     <span class='ocr_line' id='line_1_32' title="bbox 106 2756 1977 2827; baseline -0.001 -19"><span class='ocrx_word' id='word_1_275' title='bbox 106 2756 176 2808; x_wconf 88' lang='lat' dir='ltr'>ab</span> <span class='ocrx_word' id='word_1_276' title='bbox 219 2758 336 2808; x_wconf 90' lang='lat' dir='ltr'>eius</span> <span class='ocrx_word' id='word_1_277' title='bbox 376 2757 658 2808; x_wconf 83' lang='lat' dir='ltr'>voluntate</span> <span class='ocrx_word' id='word_1_278' title='bbox 701 2776 810 2808; x_wconf 89' lang='lat' dir='ltr'>non</span> <span class='ocrx_word' id='word_1_279' title='bbox 854 2757 1144 2826; x_wconf 76' lang='lat' dir='ltr'>dependet,</span> <span class='ocrx_word' id='word_1_280' title='bbox 1205 2776 1316 2809; x_wconf 88' lang='lat' dir='ltr'>non</span> <span class='ocrx_word' id='word_1_281' title='bbox 1358 2766 1536 2827; x_wconf 87' lang='lat' dir='ltr'>potest</span> <span class='ocrx_word' id='word_1_282' title='bbox 1576 2759 1762 2826; x_wconf 83' lang='lat' dir='ltr'>agenti</span> <span class='ocrx_word' id='word_1_283' title='bbox 1805 2759 1977 2826; x_wconf 87' lang='lat' dir='ltr'>impu-</span> 
     </span>
     <span class='ocr_line' id='line_1_33' title="bbox 104 2845 1792 2916; baseline 0.002 -20"><span class='ocrx_word' id='word_1_284' title='bbox 104 2847 224 2913; x_wconf 88' lang='lat' dir='ltr'>tari,</span> <span class='ocrx_word' id='word_1_285' title='bbox 269 2865 393 2897; x_wconf 89' lang='lat' dir='ltr'>cum</span> <span class='ocrx_word' id='word_1_286' title='bbox 435 2846 861 2898; x_wconf 86' lang='lat' dir='ltr'>fundamentum</span> <span class='ocrx_word' id='word_1_287' title='bbox 905 2848 1305 2916; x_wconf 79' lang='lat' dir='ltr'>imputationiS,</span> <span class='ocrx_word' id='word_1_288' title='bbox 1347 2846 1590 2912; x_wconf 85' lang='lat' dir='ltr'>libertas,</span> <span class='ocrx_word' id='word_1_289' title='bbox 1636 2845 1792 2900; x_wconf 86' lang='lat' dir='ltr'>desit.</span> 
     </span>
    </p>
   </div>
   <div class='ocr_carea' id='block_1_8' title="bbox 101 2942 1979 3146">
    <p class='ocr_par' dir='ltr' id='par_1_10' title="bbox 101 2942 1979 3146">
     <span class='ocr_line' id='line_1_34' title="bbox 255 2942 1979 2998; baseline -0.001 -13"><span class='ocrx_word' id='word_1_290' title='bbox 255 2943 374 2985; x_wconf 89' lang='lat' dir='ltr'>Hinc</span> <span class='ocrx_word' id='word_1_291' title='bbox 415 2956 516 2986; x_wconf 87' lang='lat' dir='ltr'>reus</span> <span class='ocrx_word' id='word_1_292' title='bbox 560 2943 787 2998; x_wconf 80' lang='lat' dir='ltr'>sacrilegii</span> <span class='ocrx_word' id='word_1_293' title='bbox 829 2958 917 2986; x_wconf 89' lang='lat' dir='ltr'>non</span> <span class='ocrx_word' id='word_1_294' title='bbox 960 2947 1030 2986; x_wconf 89' lang='lat' dir='ltr'>est</span> <span class='ocrx_word' id='word_1_295' title='bbox 1063 2944 1281 2995; x_wconf 78' lang='lat' dir='ltr'>sacerdos,</span> <span class='ocrx_word' id='word_1_296' title='bbox 1324 2943 1400 2998; x_wconf 85' lang='lat' dir='ltr'>qui</span> <span class='ocrx_word' id='word_1_297' title='bbox 1435 2942 1659 2998; x_wconf 86' lang='lat' dir='ltr'>peccatori</span> <span class='ocrx_word' id='word_1_298' title='bbox 1694 2943 1774 2985; x_wconf 86' lang='lat' dir='ltr'>dat</span> <span class='ocrx_word' id='word_1_299' title='bbox 1807 2956 1979 2985; x_wconf 88' lang='lat' dir='ltr'>sacram</span> 
     </span>
     <span class='ocr_line' id='line_1_35' title="bbox 107 3017 1977 3073; baseline -0.001 -13"><span class='ocrx_word' id='word_1_300' title='bbox 107 3017 482 3071; x_wconf 87' lang='lat' dir='ltr'>communionem,</span> <span class='ocrx_word' id='word_1_301' title='bbox 534 3031 667 3071; x_wconf 85' lang='lat' dir='ltr'>quam</span> <span class='ocrx_word' id='word_1_302' title='bbox 716 3017 770 3060; x_wconf 87' lang='lat' dir='ltr'>ob</span> <span class='ocrx_word' id='word_1_303' title='bbox 819 3018 1023 3073; x_wconf 84' lang='lat' dir='ltr'>sigillum</span> <span class='ocrx_word' id='word_1_304' title='bbox 1073 3018 1400 3061; x_wconf 87' lang='lat' dir='ltr'>sacramentale</span> <span class='ocrx_word' id='word_1_305' title='bbox 1449 3030 1616 3072; x_wconf 82' lang='lat' dir='ltr'>negare</span> <span class='ocrx_word' id='word_1_306' title='bbox 1662 3031 1751 3059; x_wconf 89' lang='lat' dir='ltr'>non</span> <span class='ocrx_word' id='word_1_307' title='bbox 1804 3020 1977 3070; x_wconf 68' lang='lat' dir='ltr'>potest}</span> 
     </span>
     <span class='ocr_line' id='line_1_36' title="bbox 101 3088 1978 3146; baseline -0.003 -11"><span class='ocrx_word' id='word_1_308' title='bbox 101 3088 251 3146; x_wconf 77' lang='lat' dir='ltr'>‘neque</span> <span class='ocrx_word' id='word_1_309' title='bbox 283 3092 464 3135; x_wconf 90' lang='lat' dir='ltr'>omissio</span> <span class='ocrx_word' id='word_1_310' title='bbox 499 3092 614 3134; x_wconf 89' lang='lat' dir='ltr'>sacri</span> <span class='ocrx_word' id='word_1_311' title='bbox 646 3092 908 3135; x_wconf 85' lang='lat' dir='ltr'>voluntaria</span> <span class='ocrx_word' id='word_1_312' title='bbox 942 3097 1010 3135; x_wconf 89' lang='lat' dir='ltr'>est</span> <span class='ocrx_word' id='word_1_313' title='bbox 1053 3091 1107 3146; x_wconf 92' lang='lat' dir='ltr'>ei,</span> <span class='ocrx_word' id='word_1_314' title='bbox 1152 3091 1228 3146; x_wconf 90' lang='lat' dir='ltr'>qui</span> <span class='ocrx_word' id='word_1_315' title='bbox 1273 3105 1425 3134; x_wconf 88' lang='lat' dir='ltr'>curam</span> <span class='ocrx_word' id='word_1_316' title='bbox 1459 3091 1632 3134; x_wconf 89' lang='lat' dir='ltr'>infirmi</span> <span class='ocrx_word' id='word_1_317' title='bbox 1666 3103 1800 3145; x_wconf 81' lang='lat' dir='ltr'>agere</span> <span class='ocrx_word' id='word_1_318' title='bbox 1834 3089 1978 3133; x_wconf 63' lang='lat' dir='ltr'>debet,</span> 
     </span>
    </p>
   </div>
   <div class='ocr_carea' id='block_1_9' title="bbox 108 3179 1979 3584">
    <p class='ocr_par' dir='ltr' id='par_1_11' title="bbox 108 3179 1977 3426">
     <span class='ocr_line' id='line_1_37' title="bbox 128 3179 1976 3257; baseline -0.001 -27"><span class='ocrx_word' id='word_1_319' title='bbox 128 3212 173 3257; x_wconf 35' lang='lat' dir='ltr'>a?</span> <span class='ocrx_word' id='word_1_320' title='bbox 259 3200 296 3232; x_wconf 90' lang='lat' dir='ltr'>c.</span> <span class='ocrx_word' id='word_1_321' title='bbox 348 3180 414 3230; x_wconf 74' lang='lat' dir='ltr'>Ut</span> <span class='ocrx_word' id='word_1_322' title='bbox 455 3179 688 3249; x_wconf 75' lang='lat' dir='ltr'>effectum</span> <span class='ocrx_word' id='word_1_323' title='bbox 728 3182 982 3251; x_wconf 66' lang='lat' dir='ltr'>impedire</span> <span class='ocrx_word' id='word_1_324' title='bbox 1025 3181 1275 3246; x_wconf 69' lang='lat' dir='ltr'>debuerit,</span> <span class='ocrx_word' id='word_1_325' title='bbox 1320 3182 1353 3232; x_wconf 87' lang='lat' dir='ltr'>i.</span> <span class='ocrx_word' id='word_1_326' title='bbox 1400 3200 1443 3234; x_wconf 81' lang='lat' dir='ltr'>e.</span> <span class='ocrx_word' id='word_1_327' title='bbox 1488 3189 1548 3230; x_wconf 86' lang='lat' dir='ltr'>ut</span> <span class='ocrx_word' id='word_1_328' title='bbox 1589 3198 1757 3247; x_wconf 81' lang='lat' dir='ltr'>agens</span> <span class='ocrx_word' id='word_1_329' title='bbox 1798 3187 1976 3229; x_wconf 77' lang='lat' dir='ltr'>tenea-</span> 
     </span>
     <span class='ocr_line' id='line_1_38' title="bbox 108 3266 1977 3338; baseline -0.002 -18"><span class='ocrx_word' id='word_1_330' title='bbox 108 3278 198 3320; x_wconf 87' lang='lat' dir='ltr'>tur</span> <span class='ocrx_word' id='word_1_331' title='bbox 240 3287 462 3320; x_wconf 87' lang='lat' dir='ltr'>causam</span> <span class='ocrx_word' id='word_1_332' title='bbox 504 3278 598 3320; x_wconf 84' lang='lat' dir='ltr'>aut</span> <span class='ocrx_word' id='word_1_333' title='bbox 639 3288 747 3321; x_wconf 89' lang='lat' dir='ltr'>non</span> <span class='ocrx_word' id='word_1_334' title='bbox 791 3288 993 3338; x_wconf 87' lang='lat' dir='ltr'>ponere</span> <span class='ocrx_word' id='word_1_335' title='bbox 1037 3278 1131 3320; x_wconf 86' lang='lat' dir='ltr'>aut</span> <span class='ocrx_word' id='word_1_336' title='bbox 1172 3270 1406 3337; x_wconf 84' lang='lat' dir='ltr'>positam</span> <span class='ocrx_word' id='word_1_337' title='bbox 1448 3268 1680 3332; x_wconf 84' lang='lat' dir='ltr'>auferre,</span> <span class='ocrx_word' id='word_1_338' title='bbox 1727 3285 1794 3317; x_wconf 90' lang='lat' dir='ltr'>ne</span> <span class='ocrx_word' id='word_1_339' title='bbox 1823 3266 1977 3317; x_wconf 86' lang='lat' dir='ltr'>effec-</span> 
     </span>
     <span class='ocr_line' id='line_1_39' title="bbox 108 3357 729 3426; baseline 0 -17"><span class='ocrx_word' id='word_1_340' title='bbox 108 3366 196 3409; x_wconf 87' lang='lat' dir='ltr'>tus</span> <span class='ocrx_word' id='word_1_341' title='bbox 238 3357 412 3408; x_wconf 82' lang='lat' dir='ltr'>malus</span> <span class='ocrx_word' id='word_1_342' title='bbox 454 3366 729 3426; x_wconf 85' lang='lat' dir='ltr'>sequatur.</span> 
     </span>
    </p>

    <p class='ocr_par' dir='ltr' id='par_1_12' title="bbox 110 3449 1979 3584">
     <span class='ocr_line' id='line_1_40' title="bbox 261 3449 1977 3509; baseline -0.001 -15"><span class='ocrx_word' id='word_1_343' title='bbox 261 3468 301 3496; x_wconf 91' lang='grc' dir='ltr'>α.</span> <span class='ocrx_word' id='word_1_344' title='bbox 335 3454 480 3497; x_wconf 87' lang='lat' dir='ltr'>Causa</span> <span class='ocrx_word' id='word_1_345' title='bbox 511 3453 647 3508; x_wconf 86' lang='lat' dir='ltr'>enim,</span> <span class='ocrx_word' id='word_1_346' title='bbox 680 3468 734 3497; x_wconf 82' lang='lat' dir='ltr'>ex</span> <span class='ocrx_word' id='word_1_347' title='bbox 767 3468 854 3509; x_wconf 86' lang='lat' dir='ltr'>qua</span> <span class='ocrx_word' id='word_1_348' title='bbox 886 3453 1092 3508; x_wconf 80' lang='lat' dir='ltr'>sequitur</span> <span class='ocrx_word' id='word_1_349' title='bbox 1123 3454 1312 3496; x_wconf 80' lang='lat' dir='ltr'>effectus</span> <span class='ocrx_word' id='word_1_350' title='bbox 1346 3453 1507 3506; x_wconf 88' lang='lat' dir='ltr'>malus,</span> <span class='ocrx_word' id='word_1_351' title='bbox 1542 3455 1623 3494; x_wconf 88' lang='lat' dir='ltr'>aut</span> <span class='ocrx_word' id='word_1_352' title='bbox 1657 3454 1726 3493; x_wconf 89' lang='lat' dir='ltr'>est</span> <span class='ocrx_word' id='word_1_353' title='bbox 1760 3449 1977 3504; x_wconf 78' lang='lat' dir='ltr'>negativa</span> 
     </span>
     <span class='ocr_line' id='line_1_41' title="bbox 110 3524 1979 3584; baseline -0.003 -13"><span class='ocrx_word' id='word_1_354' title='bbox 110 3534 193 3572; x_wconf 89' lang='lat' dir='ltr'>aut</span> <span class='ocrx_word' id='word_1_355' title='bbox 226 3528 443 3583; x_wconf 85' lang='lat' dir='ltr'>positiva:</span> <span class='ocrx_word' id='word_1_356' title='bbox 481 3527 566 3580; x_wconf 80' lang='lat' dir='ltr'>Qui</span> <span class='ocrx_word' id='word_1_357' title='bbox 598 3529 803 3584; x_wconf 69' lang='lat' dir='ltr'>neqatice</span> <span class='ocrx_word' id='word_1_358' title='bbox 835 3527 1014 3571; x_wconf 88' lang='lat' dir='ltr'>omittit</span> <span class='ocrx_word' id='word_1_359' title='bbox 1046 3540 1194 3582; x_wconf 78' lang='lat' dir='ltr'>agere,</span> <span class='ocrx_word' id='word_1_360' title='bbox 1227 3527 1345 3581; x_wconf 82' lang='lat' dir='ltr'>quod</span> <span class='ocrx_word' id='word_1_361' title='bbox 1378 3539 1512 3581; x_wconf 79' lang='lat' dir='ltr'>agere</span> <span class='ocrx_word' id='word_1_362' title='bbox 1537 3528 1702 3580; x_wconf 90' lang='lat' dir='ltr'>potest,</span> <span class='ocrx_word' id='word_1_363' title='bbox 1736 3524 1979 3567; x_wconf 78' lang='lat' dir='ltr'>manifesto</span> 
     </span>
    </p>
   </div>
   <div class='ocr_carea' id='block_1_10' title="bbox 276 3643 290 3665">
    <p class='ocr_par' dir='ltr' id='par_1_13' title="bbox 276 3643 290 3665">
     <span class='ocr_line' id='line_1_42' title="bbox 276 3643 290 3665; baseline 0 -2"><span class='ocrx_word' id='word_1_364' title='bbox 276 3643 290 3665; x_wconf 78' lang='grc' dir='ltr'><em>Ι</em></span> 
     </span>
    </p>
   </div>
   <div class='ocr_carea' id='block_1_11' title="bbox 115 3649 475 3699">
    <p class='ocr_par' dir='ltr' id='par_1_14' title="bbox 115 3649 475 3699">
     <span class='ocr_line' id='line_1_43' title="bbox 115 3649 475 3699; baseline 0.003 -1"><span class='ocrx_word' id='word_1_365' title='bbox 115 3659 171 3698; x_wconf 77' lang='lat' dir='ltr'>n·</span> <span class='ocrx_word' id='word_1_366' title='bbox 226 3668 286 3693; x_wconf 24' lang='lat' dir='ltr'>w?</span> <span class='ocrx_word' id='word_1_367' title='bbox 345 3649 475 3699; x_wconf 42' lang='grc'>»94-</span> 
     </span>
    </p>
   </div>
   <div class='ocr_carea' id='block_1_12' title="bbox 102 3733 1118 3815">
    <p class='ocr_par' dir='ltr' id='par_1_15' title="bbox 102 3733 1118 3815">
     <span class='ocr_line' id='line_1_44' title="bbox 102 3733 1118 3815; baseline -0.031 -14"><span class='ocrx_word' id='word_1_368' title='bbox 102 3770 193 3815; x_wconf 62' lang='lat' dir='ltr'>m</span> <span class='ocrx_word' id='word_1_369' title='bbox 221 3769 339 3798; x_wconf 46' lang='lat' dir='ltr'>{uz-2.</span> <span class='ocrx_word' id='word_1_370' title='bbox 530 3767 683 3804; x_wconf 69' lang='grc' dir='ltr'><em>ΜΔΕ</em></span> <span class='ocrx_word' id='word_1_371' title='bbox 1062 3733 1089 3780; x_wconf 64' lang='lat' dir='ltr'>fr&lt;</span> <span class='ocrx_word' id='word_1_372' title='bbox 1106 3761 1118 3769; x_wconf 63' lang='lat'><strong><em>„</em></strong></span> 
     </span>
    </p>
   </div>
   <div class='ocr_carea' id='block_1_13' title="bbox 1101 3740 1861 3835">
    <p class='ocr_par' dir='ltr' id='par_1_16' title="bbox 1066 3740 1861 3835">
     <span class='ocr_line' id='line_1_45' title="bbox 1260 3740 1270 3755; baseline 0 -3"><span class='ocrx_word' id='word_1_373' title='bbox 1260 3740 1270 3755; x_wconf 77' lang='grc' dir='ltr'>,ι</span> 
     </span>
     <span class='ocr_line' id='line_1_46' title="bbox 1101 3750 1861 3835; baseline -0.006 -30.22"><span class='ocrx_word' id='word_1_374' title='bbox 1066 3758 1173 3814; x_wconf 50' lang='lat' dir='ltr'>ctu*</span> <span class='ocrx_word' id='word_1_375' title='bbox 1210 3750 1334 3822; x_wconf 55' lang='lat' dir='ltr'>123ss</span> <span class='ocrx_word' id='word_1_376' title='bbox 1527 3765 1585 3835; x_wconf 54' lang='lat' dir='ltr'><em>y</em></span> <span class='ocrx_word' id='word_1_377' title='bbox 1820 3756 1861 3792; x_wconf 41' lang='grc' dir='ltr'>’κε</span> 
     </span>
    </p>
   </div>
   <div class='ocr_carea' id='block_1_14' title="bbox 699 3705 738 3806">
    <p class='ocr_par' dir='ltr' id='par_1_17' title="bbox 699 3705 738 3806">
     <span class='ocr_line' id='line_1_47' title="bbox 699 3705 738 3806; textangle 90"><span class='ocrx_word' id='word_1_378' title='bbox 699 3745 738 3806; x_wconf 36' lang='lat' dir='ltr'>es</span> <span class='ocrx_word' id='word_1_379' title='bbox 722 3705 726 3708; x_wconf 78' lang='lat'><strong>·</strong></span> 
     </span>
    </p>
   </div>
   <div class='ocr_carea' id='block_1_15' title="bbox 970 3817 1065 3845">
    <p class='ocr_par' dir='ltr' id='par_1_18' title="bbox 970 3817 1065 3845">
     <span class='ocr_line' id='line_1_48' title="bbox 970 3817 1065 3845; baseline 0 -22"><span class='ocrx_word' id='word_1_380' title='bbox 970 3818 1000 3825; x_wconf 74' lang='lat'>--</span> <span class='ocrx_word' id='word_1_381' title='bbox 1009 3821 1018 3827; x_wconf 54' lang='grc'>.,</span> <span class='ocrx_word' id='word_1_382' title='bbox 1044 3817 1065 3845; x_wconf 58' lang='lat'>‘3&#39;</span> 
     </span>
    </p>
   </div>
  </div>
 </body>
</html>
