2269 3898
311 177 404 220 340
1037 173 1111 216 VI.
1146 174 1214 217 De
1246 173 1459 228 peccatis.

275 328 284 350 ⁵
461 310 510 363 ὃ.
556 311 599 361 81
642 311 698 359 111
740 307 970 359 articulo
1013 308 1202 358 mortis
1244 306 1312 358 ob
1354 308 1555 359 nimios
1583 307 1794 359 dolores
1830 307 2030 358 velex
2070 308 2198 360 aliis

268 351 278 408 l

264 410 272 466 ξ
314 400 494 450 causis
524 396 802 449 timendus
844 404 984 448 esset
1011 396 1197 466 lapsus
1239 398 1296 447 in
1336 404 1645 466 peccatum,
1688 396 1783 447 alii
1814 397 2037 466 quidem
2069 416 2189 448 cen-

318 497 437 538 sent
490 487 546 538 id
599 487 842 555 permitti
888 503 1057 554 posse,
1110 484 1389 536 Lehmkulzl
1439 494 1622 536 autem
1663 487 1736 554 (n.
1785 485 1912 553 743)
1954 486 2186 554 negaff).

462 575 582 618 Idem
620 578 861 629 propterea
893 578 1045 617 censet
1077 575 1356 617 sacerdotem
1391 573 1674 617 moribundis
1719 574 2011 618 assistentem
2059 575 2194 629 praxi

312 650 587 692 medicorum
622 648 827 703 sepiendi
861 647 1153 691 moribundos
1184 662 1275 691 non
1309 649 1453 691 solum
1488 650 1635 703 quoad
1668 649 1786 703 illos,
1821 648 1897 703 qui
1916 649 1974 692 ad
1997 654 2191 692 mortem

310 724 512 767 nondum
551 722 763 778 dispositi
798 726 920 778 sunt,
957 723 1032 765 sed
1066 722 1206 766 etiam
1241 724 1388 777 quoad
1424 723 1686 778 dispositos,
1719 723 1767 765 in
1801 722 1965 777 quibus
1997 736 2087 765 non
2121 727 2191 765 est

310 799 562 854 periculum
587 797 793 853 graviter
826 796 1056 852 peccandi,
1088 797 1302 842 resistere
1327 797 1507 849 debere;
1544 798 1688 840 solum
1713 797 1861 852 quoad
1884 797 2194 851 moribundos,

309 872 386 926 qui
420 875 528 915 sunt
558 872 606 914 in
642 870 840 926 periculo
874 870 1080 926 graviter
1111 871 1341 926 peccandi,
1374 870 1500 914 illam
1537 871 1714 926 praxim
1746 885 1836 916 non
1870 871 2068 927 positive
2095 862 2194 926 per·

309 946 457 1000 mitti,
493 946 569 989 sed
604 944 786 988 silentio
819 945 1004 988 tolerari
1038 957 1180 999 posse.

947 1180 1241 1239 Articulus
1285 1180 1536 1255 quintus.

1143 1320 1222 1358 De
1254 1319 1352 1359 ira.

457 1468 581 1522 311.
665 1468 712 1518 1.
755 1466 859 1519 Ira
900 1464 1118 1517 definiri
1173 1465 1309 1517 solet
1362 1466 1710 1518 inordinatus
1751 1469 2029 1537 appetitus
2071 1470 2192 1520 vin·

307 1558 502 1610 dictae.
585 1557 674 1608 Ira
715 1555 1111 1607 mansuetudini
1154 1574 1248 1623 per
1290 1574 1576 1607 excessum
1621 1558 1931 1625 opponitur.

464 1660 504 1688 α.
539 1646 615 1688 Ira
646 1644 808 1699 igitur,
842 1648 979 1698 prout
1010 1643 1178 1686 vitium
1203 1648 1286 1697 est,
1321 1657 1398 1687 seu
1422 1643 1662 1687 iracundia
1687 1648 1757 1687 est
1779 1645 1928 1699 passio
1951 1646 2193 1701 appetitus-

307 1720 517 1764 sensitivi
554 1718 843 1772 (irascibilis),
878 1731 991 1772 quae
1022 1717 1071 1760 in
1103 1718 1317 1773 appetitu
1350 1718 1582 1762 vindictae
1616 1719 1841 1763 consistit.

455 1796 493 1837 h.
527 1794 598 1837 Ira
630 1807 710 1848 pro
745 1792 917 1847 duplici
950 1793 1187 1846 elemento,
1222 1793 1339 1847 quod
1374 1793 1592 1847 continet,
1625 1793 1806 1848 proprie
1851 1793 2076 1848 duplicem
2121 1794 2185 1838 in-

307 1868 639 1912 ordinationem
672 1867 886 1921 includit,
920 1867 1112 1910 alteram
1148 1880 1202 1910 ex
1234 1871 1365 1922 parte
1407 1871 1560 1910 motus
1611 1867 1660 1910 in
1705 1867 1919 1922 appetitu
1965 1867 2185 1911 irascibili

303 1957 381 1987 8611
416 1957 469 1987 ex
502 1947 633 1998 parte
667 1940 1082 1996 excandescentiae,
1116 1954 1234 1996 quae
1266 1941 1410 1984 nimia
1443 1944 1527 1996 est,
1560 1942 1752 1984 alteram
1787 1955 1842 1984 ex
1867 1945 1998 1996 parte
2021 1941 2185 1985 obiecti

304 2031 381 2061 seu
414 2031 468 2062 ex
501 2022 632 2073 parte
664 2015 912 2070 vindictae,
945 2015 1080 2070 quam
1113 2015 1293 2071 appetit
1326 2015 1449 2059 iusto
1483 2015 1699 2059 maiorem
1733 2017 1805 2059 vel
1839 2016 1893 2059 ob
1916 2029 2097 2060 causam
2120 2016 2185 2060 in·

302 2093 491 2136 iustam.
556 2092 813 2145 Utrumque
845 2090 1120 2134 elementum
1155 2090 1341 2134 exhibet
1373 2091 1482 2134 haec
1514 2090 1608 2134 irae
1633 2090 1857 2146 definitio,
1876 2105 1964 2146 qua
1991 2091 2187 2134 dicitur:

302 2167 593 2210 inordinatus
626 2166 770 2209 animi
799 2168 945 2208 motus
978 2165 1215 2208 vindictam
1250 2165 1526 2209 inordinate.
1544 2165 1807 2221 appetentis.

453 2256 485 2285 e.
522 2241 838 2295 Inordinatns,
871 2240 977 2294 quia
1009 2245 1109 2283 tum
1144 2240 1294 2295 passio
1329 2253 1407 2283 seu
1454 2244 1607 2284 motus
1653 2240 1748 2284 irae
1797 2244 1897 2284 tum
1947 2239 2190 2295 appetitus.

302 2315 534 2359 vindictae
567 2329 621 2359 ex
655 2328 700 2358 se
731 2314 999 2358 indifferens
1031 2316 1248 2358 honestus
1281 2318 1327 2358 et
1359 2315 1516 2358 licitus
1549 2329 1644 2359 esse
1676 2318 1844 2370 potest,
1879 2315 1916 2358 si
1950 2328 1984 2358 e.
2020 2328 2065 2370 g.
2110 2328 2182 2369 pa·

306 2395 457 2434 rentes
490 2389 752 2433 irascuntur
785 2389 839 2432 ob
872 2390 1029 2445 culpas
1062 2389 1262 2433 filiorum
1298 2398 1461 2444 easque
1493 2390 1733 2446 punitione
1766 2389 2020 2433 vindicant.

379 2522 397 2529 -
449 2480 498 2533 2.
541 2479 648 2544 Ira,
692 2487 853 2548 prout
881 2491 962 2531 est
985 2481 1338 2532 inordinatus*
1367 2489 1533 2531 motus
1561 2481 1840 2549 appetitus
1867 2471 2180 2545 irascibilis)

300 2576 380 2620 est
421 2575 709 2638 peccatum
754 2586 819 2619 6oe
861 2576 964 2619 toto
1004 2586 1187 2637 yenere
1217 2587 1308 2620 suo
1351 2568 1591 2619 veniale:
1633 2585 1892 2634 excessus
1933 2568 2079 2618 enim
2121 2562 2179 2618 111

300 2677 358 2708 18
400 2657 742 2710 indifferenti
784 2675 881 2726 per
923 2675 979 2708 88
1022 2656 1242 2726 culpam
1285 2657 1562 2709 venialem
1604 2675 1715 2708 non
1760 2656 1997 2710 excedit.

450 2768 497 2802 a
542 2747 698 2798 Haec
739 2747 821 2797 ira
862 2747 1239 2813 committitur
1283 2747 1503 2816 quando
1548 2748 1671 2816 quis
1714 2746 2071 2797 excandescit
2111 2745 2183 2796 de

297 2857 371 2905 re,
431 2856 572 2907 quae
615 2838 754 2888 iram
797 2855 906 2888 non
950 2845 1203 2900 melmetur
1260 2837 1349 2889 vel
1391 2837 1534 2888 ultra
1586 2855 1751 2906 quam
1793 2855 1879 2888 res
1920 2844 2183 2902 meretur7

299 2927 386 2978 vel
428 2929 649 2996 saepius
692 2945 857 2996 quam
901 2934 1128 2997 oportet

449 3017 491 3069 b
535 3017 640 3068 Per
680 3017 941 3069 accidens
997 3016 1152 3068 haec
1177 3018 1257 3068 ira
1311 3025 1602 3086 peccatum
1657 2998 1886 3068 mortale
1940 3015 2197 3130 evadere?

298 3114 477 3176 potest
516 3107 727 3158 ratione
784 3108 1022 3158 enormis
1064 3125 1321 3158 excessus
1363 3114 1618 3158 natuiam
1660 3105 1987 3157 rationalem
2028 3108 2182 3206 pror-j

298 3215 388 3247 sus
438 3196 796 3265 deturpantiS‚
853 3196 1073 3266 quando
1129 3199 1251 3266 quis
1307 3196 1628 3271 delibeiate
1635 3197 1737 3269 ita
1786 3196 2008 3265 furiose
2014 3174 2187 3263 agit

297 3303 361 3336 ac
404 3286 445 3336 si
490 3292 631 3336 esset
670 3287 881 3336 ratione
923 3287 1047 3355 11111
1051 3293 1188 3347 atus.
1882 3349 1943 3354 -„„

513 3378 556 3398 ·“
618 3367 706 3407 (3⁰2
875 3409 879 3415 s
961 3382 963 3385 ¹
1054 3382 1074 3403 τ
1122 3393 1126 3396 -
1328 3370 1406 3409 fas
1448 3368 1472 3417 ,‘
1508 3382 1575 3411 ις]
1631 3370 1842 3412 casm

450 3464 480 3518 ¹)
512 3464 578 3509 Cf.
623 3463 829 3507 Lacroix
876 3464 906 3506 l.
955 3464 996 3507 5.
1044 3478 1087 3506 11.
1138 3464 1238 3507 3:31.
1316 3465 1506 3515 Villacla„
1550 3464 1690 3508 Casus
1739 3463 2040 3508 conscientiae
2086 3462 2178 3506 ΠΙ,

295 3551 336 3591 p.
373 3539 473 3580 2309.
2169 3557 2172 3562 .
