2269 3898
651 151 716 193 De
750 149 1045 194 dissolutione
1078 151 1371 194 matrimonii.
1860 153 1943 196 185

79 283 136 332 in
193 281 536 332 confessione
593 282 975 333 sacramentali
1033 283 1151 348 (sed
1199 291 1380 352 posset
1420 285 1585 335 etiam
1628 275 1794 336 extra¹
1824 303 1944 336 con-

82 369 370 421 fessionem
400 371 535 433 fieri)
563 378 684 438 post
712 369 1113 422 absolutionem
1143 390 1173 422 a
1200 374 1453 440 peccatis,
1485 382 1612 424 ante
1642 376 1943 425 orationem

79 459 282 512 Passio.
366 457 621 510 Ceterum
663 466 918 510 accurate
961 460 1299 511 servandum
1342 469 1420 512 est
1459 463 1800 531 rescriptum.

227 561 328 604 Etsi
360 561 408 604 in
441 562 700 616 exequenda
733 562 968 605 sanatione
1017 563 1297 606 matrimonii
1331 564 1379 606 in
1410 564 1560 607 radice
1592 566 1719 608 nulla
1750 566 1946 608 formula

78 636 140 679 sit
171 635 437 689 necessaria,
478 639 584 690 apte
616 639 770 679 tamen
804 637 911 680 haec
944 637 1014 680 vel
1049 637 1212 680 similis
1246 638 1509 681 adhibetur:
1546 639 1644 694 Esso
1678 640 1947 682 auctoritate

76 709 320 765 apostolica
369 710 483 752 milti
528 722 736 753 concessa
784 711 1121 753 matrimom'mn
1171 726 1197 753 a
1246 715 1287 754 te
1335 715 1609 755 confractum
1659 726 1753 755 cnm
1795 714 1852 755 N.
1902 713 1944 755 in

76 783 234 826 radice
266 783 364 826 eins
406 797 517 826 sano
561 786 605 827 et
623 785 803 839 prolem
844 788 1095 841 susceptam.
1140 788 1184 828 et
1224 786 1557 841 snsczpiendam
1596 787 1840 842 leffl'timam
1876 787 1945 829 de-

75 856 214 899 claro.
279 856 334 898 In
367 857 544 900 nomine
581 858 740 901 Patris
773 861 849 901 etc.

230 946 279 1013 6.Γ
323 945 380 997 Si
422 947 880 1015 impedimentum
923 956 1085 999 antea
1126 948 1401 1000 occultum
1444 957 1633 1018 postea
1662 948 1945 1018 publicum

77 1034 188 1100 fiat,
246 1037 460 1087 sanatio
516 1037 572 1087 in
628 1036 816 1088 radice
870 1055 964 1107 pro
1020 1038 1133 1088 foro
1192 1046 1415 1088 externo
1472 1039 1601 1104 (nisi
1643 1039 1807 1089 etiam
1850 1057 1944 1108 pro

77 1123 183 1175 hoc
239 1123 353 1175 foro
417 1143 674 1177 concessa
729 1125 912 1196 fuerit)
971 1125 1108 1177 nihil
1165 1125 1340 1186 valet:
1403 1145 1569 1196 quare
1623 1145 1767 1178 nova
1818 1128 1945 1178 dein

76 1213 315 1282 petenda
358 1223 437 1266 est
479 1214 566 1265 vel
607 1234 638 1266 a
680 1215 911 1267 Dataria
953 1214 1042 1266 vel
1082 1215 1151 1266 ab
1194 1215 1488 1269 ordinario.

670 1789 1014 1880 Quaestio
1067 1793 1351 1856 octava.

460 1956 549 2008 De
594 1953 1058 2009 dissolutione
1102 1956 1565 2008 matrimonii.

229 2115 357 2170 172.
411 2115 639 2185 Triplex
693 2116 1026 2166 matrimonii
1071 2114 1353 2166 dissolutio
1398 2115 1788 2184 distinguenda
1838 2125 1917 2168 est

73 2226 125 2259 a.
169 2206 352 2274 quoad
391 2205 652 2256 vinculum
693 2223 787 2255 seu
829 2203 1021 2273 plena3
1067 2205 1109 2258 Ζ).
1155 2204 1336 2274 quoad
1378 2205 1811 2257 cohabitationem
1852 2224 1946 2257 seu

75 2294 258 2364 quoad
316 2312 561 2345 mensam
618 2302 671 2344 et
726 2302 936 2359 torum3
996 2314 1036 2347 c.
1096 2293 1278 2363 quoad
1332 2302 1528 2346 torum.
1607 2295 1946 2346 Matrimonii
2022 2330 2026 2332 -

74 2384 271 2436 solutio
314 2385 372 2434 in
414 2385 530 2434 iure
572 2383 854 2435 divortium
895 2391 1139 2436 vocatur.
1206 2382 1433 2452 Triplex
1475 2401 1601 2452 ergo
1645 2384 1945 2435 divortium

78 2492 173 2524 seu
216 2474 513 2540 coniugum
557 2474 828 2542 separatio
873 2472 1255 2541 distinguitur:
1309 2492 1356 2524 a.
1400 2491 1430 2523 a
1472 2481 1617 2536 toro;
1672 2473 1716 2524 b.
1759 2493 1789 2524 a
1831 2483 1944 2524 toro

75 2572 130 2615 et
171 2580 362 2614 mensa
403 2581 498 2614 seu
540 2582 572 2614 a
613 2562 1054 2628 cohabitatione3
1110 2582 1148 2614 c,
1191 2562 1447 2631 perfecta.
1525 2562 1642 2613 Iam
1687 2563 1753 2612 de
1808 2561 1947 2613 solu·

76 2654 224 2704 tione
279 2653 617 2703 matrimonii
672 2652 856 2722 quoad
905 2651 1191 2704 vinculum
1234 2660 1285 2702 et
1328 2651 1394 2702 de
1437 2653 1780 2720 separatione
1823 2669 1943 2702 con-

76 2743 267 2810 iugum
322 2741 505 2811 quoad
561 2749 739 2793 torum
795 2740 928 2793 alibi
983 2742 1194 2810 agitur3
1253 2748 1435 2806 restat,
1490 2748 1550 2791 ut
1598 2740 1665 2791 de
1707 2740 1943 2791 divortio

73 2829 258 2900 quoad
301 2830 766 2882 cohabitationem
808 2838 1020 2899 agatur.

725 3094 1020 3152 Articulus
1061 3094 1295 3168 primus.

483 3232 561 3270 De
595 3230 825 3271 divortio
860 3230 1036 3279 quoad
1069 3229 1529 3270 cohabitationem.

226 3393 545 3444 Divortium
575 3391 757 3461 quoad
785 3391 1251 3443 cohabitationem
1281 3399 1536 3442 manente
1568 3390 1789 3442 vinculo
1821 3408 1944 3442 con-

79 3481 249 3552 iugali
291 3500 359 3533 ex
400 3483 557 3533 iustis
598 3481 775 3550 iisque
817 3480 1050 3532 diversis
1092 3481 1271 3532 causis
1307 3480 1425 3531 fieri
1452 3497 1608 3549 posse
1636 3478 1794 3530 docet
1820 3496 1943 3530 con-
