2269 3898
264 169 320 212 66
796 161 851 203 Π.
885 161 951 203 De
983 159 1159 202 actibus
1192 157 1250 200 ad
1283 158 1421 200 finem
1455 155 1591 210 aptis.

263 299 443 343 homine
475 297 657 351 eiusque
688 293 991 337 facultatibus
1021 291 1229 346 (ratione,
1263 290 1522 342 voluntate)
1557 287 1864 343 independens
1896 290 1980 331 est.
2021 287 2134 330 Inde

263 377 347 421 est,
380 372 496 426 quod
529 373 675 413 certae
707 368 906 411 actiones
940 367 1164 409 humanae
1198 377 1371 419 semper
1404 366 1449 406 et
1499 362 1554 405 ab
1587 361 1794 405 omnibus
1829 361 1984 415 bonae,
2016 360 2134 403 aliae

264 460 368 490 vero
402 458 575 499 semper
607 449 652 486 et
685 442 740 486 ab
773 441 981 484 omnibus
1014 440 1161 483 malae
1193 438 1460 481 habeantur.

412 534 449 569 γ.
473 519 664 561 Normae
687 516 925 559 obieeta-ae
943 514 1143 557 actiones
1165 514 1392 555 humanae
1415 510 1687 554 conformari
1711 509 1891 564 debent,
1916 513 1971 551 ut
1991 508 2132 551 bonae

268 595 381 643 sint;
429 592 629 635 actiones
662 594 815 634 autem
850 589 1094 632 secundum
1135 600 1338 630 normam
1387 586 1654 640 diriguntur
1698 599 1724 628 a
1761 584 1963 632 ratione;
2012 582 2133 626 ratio

264 681 384 722 ergo,
417 670 640 721 quatenus
671 678 874 708 normam
908 662 1141 718 cognoscit
1174 665 1220 704 et
1245 659 1499 704 'secundum
1543 660 1671 702 illam
1718 659 1921 702 actiones
1956 658 2134 713 dirigit,

265 746 333 785 est
374 754 532 783 norma
575 739 817 782 snbiectiea
861 737 1150 780 moralitatis.
1214 736 1322 779 Ideo
1365 735 1533 778 bonum
1581 734 1763 789 dicitur,
1805 734 1924 788 quod
1965 736 2035 776 est
2067 746 2134 776 se-

265 815 453 859 cundnm
485 815 724 866 rationem,
756 814 927 856 malum
962 812 1079 866 quod
1113 814 1182 854 est
1214 813 1371 854 eontra
1405 810 1643 853 rationem.

419 934 548 977 Nota
582 934 624 974 1.
690 930 739 976 A
784 944 954 976 norma
997 943 1082 975 seu
1123 928 1365 987 principio
1399 929 1679 971 moralitatis
1713 926 1953 984 distingui
1988 926 2137 971 debet

266 1009 559 1069 principium
594 1005 892 1063 obliqafionia
957 1003 1087 1050 Sane
1133 1003 1269 1049 aliud
1314 1008 1392 1048 est
1437 1016 1696 1060 qua-erere,
1743 1016 1828 1048 cur
1873 1005 2013 1047 actus
2054 1000 2138 1045 hu-

268 1096 437 1129 manus
472 1081 537 1126 sit
570 1081 828 1125 moraliter
861 1080 1012 1123 bonus
1047 1079 1127 1125 vel
1160 1078 1333 1134 malus,
1370 1082 1420 1122 et
1445 1077 1580 1122 aliud
1605 1090 1862 1134 quaerere,
1888 1089 1974 1121 0111·
1997 1079 2138 1120 actus

269 1159 505 1203 humanus
540 1156 605 1199 sit
638 1154 895 1199 moraliter
928 1153 1161 1211 (positive
1195 1152 1275 1197 vel
1309 1151 1563 1209 negative)
1608 1150 1920 1196 necessarius
1956 1163 2043 1194 seu
2078 1162 2139 1194 ex

269 1230 567 1286 obligatione
602 1227 852 1285 ponendus
885 1228 965 1272 vel
1001 1226 1313 1271 omittendus.
1377 1224 1688 1283 Principium
1723 1223 2026 1269 moralitatis
2063 1227 2141 1268 est

267 1305 419 1357 Deus,
453 1308 597 1360 prout·
631 1308 705 1347 est
740 1315 972 1347 summum
1006 1302 1185 1346 bonum
1220 1307 1269 1345 et
1303 1299 1413 1345 finis
1446 1300 1668 1357 ultimus3
1702 1299 1995 1357 principium
2021 1297 2140 1344 obli-

267 1378 480 1437 gationis
517 1382 595 1422 est
624 1375 776 1432 Deus,
811 1380 955 1434 prout
990 1380 1066 1421 est
1100 1388 1353 1433 supremus
1387 1374 1651 1432 legislator
1685 1388 1772 1419 seu
1804 1374 1886 1419 lex
1917 1378 2139 1419 aeterna.

268 1453 422 1498 Multo
456 1451 606 1496 latius
640 1456 781 1509 patet
814 1450 1072 1496 moralitas
1108 1463 1247 1507 quam
1287 1449 1552 1506 obligatio:
1588 1448 1810 1507 quamvis
1845 1447 1974 1493 enim
2009 1447 2139 1493 actio

270 1527 528 1573 moraliter
572 1526 705 1571 mala
752 1525 815 1569 sit
860 1525 1009 1569 etiam
1056 1523 1331 1582 prohibita,
1378 1523 1769 1581 quamplurimae
1813 1528 1980 1569 tamen
2027 1527 2140 1567 sunt

273 1602 491 1647 actiones
516 1599 774 1645 moraliter
797 1600 968 1653 bonae,
1005 1612 1127 1656 quae
1153 1612 1245 1643 11011
1271 1607 1383 1642 311111
1405 1603 1724 1656 praeceptae.
1772 1596 1912 1655 Quae
1941 1596 2136 1654 quidem

273 1683 385 1733 apte
431 1674 782 1720 confirmantur
826 1679 942 1718 nota
984 1687 1017 1718 3.
1057 1673 1300 1728 Anfflzstinz'
1345 1671 1646 1727 definitione,
1692 1671 1959 1717 secundum
1995 1685 2138 1729 quam

270 1751 351 1795 lex
376 1755 580 1794 aeterna
601 1754 675 1794 est
698 1748 829 1793 ratio
855 1752 906 1792 et
928 1748 1156 1793 voluntas
1181 1744 1280 1792 Dei
1305 1747 1526 1792 ordinem
1553 1747 1835 1792 naturalem
1862 1744 2141 1802 (moralem)

273 1824 557 1871 conservari
590 1824 762 1868 iubens
795 1822 1087 1880 perturbari
1119 1827 1296 1866 vetans
1332 1822 1392 1875 (n.
1427 1820 1520 1877 91).

419 1942 551 1984 Nota
584 1940 628 1984 2.
692 1939 771 1984 Ex
814 1939 890 1984 his
939 1938 1311 1984 definitionibus
1356 1943 1500 1997 patet
1533 1952 1623 1984 nec
1656 1938 1995 1984 moralitatem
2031 1937 2141 1983 dari

271 2029 362 2061 nec
397 2014 762 2071 obligationem,
798 2015 839 2060 si
861 2013 1001 2059 Deus
1038 2028 1130 2059 non
1166 2020 1321 2060 esset:
1360 2028 1466 2059 011111
1501 2013 1627 2059 6111111
1651 2014 1945 2072 principium
1974 2027 2142 2072 supre-

272 2104 398 2134 mum
431 2094 531 2134 tum
567 2089 865 2134 moralitatis
899 2095 999 2134 tum
1036 2089 1354 2146 obligationis
1390 2089 1456 2134 sit
1477 2088 1631 2146 Deus,
1666 2102 1757 2134 nec
1790 2088 1898 2135 veri
1929 2088 2138 2134 nominis

273 2163 605 2209 moralitatem
642 2177 732 2208 1160
760 2164 1110 2219 obligationem
1140 2164 1440 2209 constituere
1465 2168 1644 2222 potest,
1679 2163 1758 2221 qui
1784 2164 1844 2208 ab
1871 2162 2142 2208 existentia

272 2235 371 2282 Dei
405 2237 724 2294 praescindit.
779 2236 839 2282 In
872 2238 965 2283 hac
998 2238 1213 2284 veritate
1251 2244 1424 2283 contra
1460 2237 1674 2283 ethicam
1710 2238 1910 2283 atheam
1947 2237 2143 2283 demon-

274 2311 481 2356 stranda
524 2316 599 2356 est
640 2316 795 2356 totum
842 2325 959 2370 opus
1002 2325 1150 2370 supra
1185 2312 1442 2358 laudatum
1489 2312 1546 2355 W.
1580 2312 1849 2365 Schneider,
1885 2311 2142 2359 Gottliche

274 2385 639 2443 1217611011101100Γ
671 2386 768 2431 und
801 2386 1144 2443 religionslose
1179 2385 1507 2432 Sittlichkeit.

887 2622 1181 2679 Articulus
1223 2622 1519 2681 secundus„

696 2744 789 2782 De
837 2742 1177 2784 fontibus
1225 2745 1711 2790 moralitatis.

425 2872 517 2925 56.
573 2874 791 2928 Fontes
832 2875 1218 2939 moralitatis,
1277 2879 1370 2946 qui
1413 2878 1579 2928 etiam
1605 2879 1890 2948 Principia
1930 2878 2144 2931 morali-

277 2962 402 3010 tatis
444 2973 725 3027 vocantur‚
770 2960 896 3015 sunt
938 2964 1028 3015 1lla
1070 2965 1342 3017 elementa
1382 2975 1603 3017 actuum
1647 2966 2032 3031 humanorum,
2076 2987 2146 3019 ex

280 3047 480 3116 quibus
522 3052 577 3100 in
621 3069 709 3102 eos
751 3053 1031 3105 moralitas
1074 3055 1371 3120 derivatur,
1425 3057 1459 3108 i.
1502 3075 1544 3109 6.
1591 3075 1731 3125 quae
1773 3057 2038 3121 efficiunt,
2087 3065 2148 3109 ut

277 3138 518 3188 actiones
559 3139 833 3192 humanae
875 3145 983 3193 sint
1024 3143 1111 3194 vel
1154 3162 1262 3195 non
1298 3146 1414 3195 sint
1455 3153 1683 3197 naturae
1725 3146 1980 3198 rationali
2021 3165 2144 3198 con-

277 3224 491 3279 formes.
574 3228 642 3278 Et
703 3248 824 3280 cum
888 3233 991 3281 tria
1052 3233 1174 3298 sint,
1239 3251 1379 3302 quae
1436 3236 1710 3286 actionem
1774 3237 1832 3287 in
1889 3244 2144 3288 concreto

280 3324 581 3381 spectatam
624 3321 953 3370 constituere
995 3329 1224 3389 possunt
1265 3331 1493 3374 naturae
1522 3324 1777 3376 rationali
1807 3325 2144 3377 conformem

280 3401 363 3452 vel
408 3402 733 3471 difformem,
786 3420 931 3457 recte
986 3419 1092 3460 tres
1146 3401 1507 3464 numerantur
1559 3413 1737 3465 fontes
1790 3404 2143 3466 moralitatis:

279 3489 524 3542 obiectum
564 3495 985 3547 circumstantiae
1027 3508 1079 3548 61
1105 3499 1253 3565 finis,
