2269 3898
271 86 358 130 5252
959 88 1036 130 IV.
1070 89 1136 132 De
1170 89 1458 134 conscientia.

263 220 526 272 moralem
552 220 717 288 longe
741 228 868 271 ante
894 240 941 274 a.
966 222 1127 289 1762,
1153 241 1259 292 quo
1282 222 1578 276 formulam
1595 227 2150 297 aequiprobabilismi

262 312 441 380 primo
484 311 793 379 proposuit3
838 310 1110 363 editiones
1139 321 1325 365 autem
1354 314 1665 385 theologiae
1695 317 1918 369 moralis
1946 318 2149 388 plures,

264 417 404 469 quae
445 407 635 468 postea
663 400 781 468 ipso
812 399 999 452 adhuc
1042 405 1335 472 superstite
1377 405 1716 474 prodierant,
1762 408 1946 477 quoad
1989 427 2148 478 quae·

264 491 467 540 stiones
520 488 883 557 particulares
937 491 1178 543 intactae
1232 504 1668 562 permanserant.
1751 497 1898 565 Ergo
1942 499 1992 549 ei
2032 517 2149 568 per—

262 596 485 629 suasum
529 597 648 630 esse
690 578 897 645 debuit,
942 598 1147 632 novam
1190 582 1485 635 formulam
1528 585 1711 654 quoad
1753 605 1871 638 rem
1909 606 1941 639 a
1967 589 2149 658 priore

260 685 371 719 non
415 667 650 720 differre.

409 757 464 799 Id
498 771 606 800 sane
639 758 820 801 concedi
854 762 1022 813 pot-est,
1067 761 1266 814 practice
1312 776 1413 806 raro
1458 763 1573 818 fieri,
1619 769 1671 807 ut
1722 766 1953 810 sententia
1995 767 2151 822 aliqua

260 831 474 886 theologo
507 836 729 887 appareat
763 837 882 876 certe
918 838 963 877 et
996 835 1260 879 notabiliter
1304 837 1598 893 probabilior,
1649 844 1695 882 et
1738 841 1950 896 opposita
1990 841 2153 885 nihilo·

260 906 412 950 minus
445 906 501 950 ab
547 907 701 950 eodem
736 908 961 951 habeatur
993 923 1097 953 vere
1131 916 1175 953 et
1210 911 1353 954 solide
1391 912 1666 967 probabilis;
1711 915 1784 957 vel
1826 919 1880 958 ut
1920 915 2152 959 sententia

260 995 341 1037 pro
375 981 589 1025 libertate
623 987 926 1038 cognoscatur
958 985 1106 1028 adhuc
1139 999 1243 1029 vere
1277 990 1321 1030 et
1357 987 1499 1030 solide
1537 987 1802 1044 probabilis,
1848 989 1884 1032 si
1927 1003 2035 1045 prae
2078 1004 2153 1046 op-

261 1058 413 1113 posita
444 1070 524 1110 pro
557 1057 659 1112 lege
692 1058 754 1101 sit
788 1059 927 1101 multo
961 1058 1113 1102 minus
1146 1059 1406 1114 probabilis.

905 1298 1204 1357 Articulus
1247 1301 1504 1373 quartus,

791 1439 869 1476 De
903 1438 1226 1478 auctoritate
1259 1449 1295 1478 s,
1330 1439 1614 1488 Alphonsi.

408 1585 537 1639 227.
593 1586 740 1639 Eius
784 1586 1138 1639 auctoritas.
1221 1588 1268 1638 1.
1325 1584 1509 1656 Opera
1552 1586 1782 1639 moralia
1824 1607 1863 1641 S.
1910 1588 2151 1640 doctoris

260 1683 414 1727 sunt:

408 1778 449 1809 a.
489 1763 728 1819 Tlaeeoloqicz
762 1765 972 1817 moralis,
1005 1778 1140 1819 quam
1186 1764 1283 1820 ipse
1323 1765 1479 1808 novies
1521 1765 1669 1808 edidit
1716 1766 1897 1821 saepius
1945 1767 2150 1810 emenda·

258 1838 417 1893 tam1):
453 1838 489 1883 h.
524 1838 671 1881 Homo
705 1839 995 1894 apostolicus,
1029 1839 1347 1893 compendium
1382 1840 1642 1895 theologiae
1664 1840 1873 1892 moralis;
1909 1855 1943 1884 c.
1968 1842 2150 1885 Pravis

259 1913 541 1970 confessarii
571 1913 629 1956 ad
663 1913 773 1957 bene
798 1913 1086 1969 excipiendas
1110 1914 1437 1958 confessiones:
1473 1915 1514 1959 cl.
1539 1915 1922 1969 Dissertatz'ones,
1956 1929 2148 1970 quarum

257 1988 503 2032 nonnullae
537 1992 697 2043 postea
730 1989 853 2044 operi
888 1989 1150 2044 theologiae
1183 1988 1368 2032 moralis
1401 1989 1601 2033 insertae
1635 1996 1756 2036 sunt.

410 2063 457 2115 2.
503 2064 811 2115 Auctoritas
842 2065 1053 2115 interna
1096 2064 1381 2116 doctrinae
1421 2064 1644 2116 moralis
1685 2084 1724 2116 s.
1753 2064 2029 2134 Alphonsi
2056 2066 2149 2116 de-

257 2152 466 2223 pendet
505 2153 574 2204 ab
606 2156 846 2205 auctoris
875 2155 1108 2205 scientia
1158 2163 1211 2205 et
1260 2154 1329 2206 ab
1360 2157 1719 2223 argumentiS,
1779 2154 1982 2224 quibus
2025 2155 2149 2207 doc-

257 2244 462 2294 trinam
515 2261 672 2294 suam
726 2245 1109 2298 communivit.
1190 2244 1308 2296 Iam
1367 2263 1495 2296 vero
1551 2245 1742 2313 negari
1798 2262 1909 2295 non
1970 2252 2150 2314 potest

259 2351 376 2384 esse
416 2332 702 2402 theologos
757 2334 991 2385 morales
1049 2335 1290 2403 ingenio⁷
1352 2336 1552 2386 mentis
1593 2335 1852 2386 acumine
1894 2342 1947 2385 et
1987 2336 2149 2404 copia

260 2423 545 2475 doctrinae
586 2443 626 2475 s.
660 2424 949 2494 Alphonso
993 2443 1104 2476 non
1148 2424 1461 2486 inferiores3
1504 2423 1590 2474 his
1630 2431 1816 2474 tamen
1858 2441 2148 2492 praeroga·

258 2515 389 2564 tivis
433 2515 550 2564 eius
591 2513 871 2584 theologia
922 2514 1143 2566 moralis
1185 2513 1430 2565 excellit:
1487 2514 1799 2580 securitate,
1855 2531 1965 2582 qua
2007 2513 2147 2565 diffi-

261 2602 477 2655 ciliores
507 2603 575 2655 de
607 2605 855 2656 moribus
884 2606 1237 2674 quaestiones
1266 2603 1337 2656 ad
1362 2604 1608 2672 genuina
1631 2604 1910 2672 principia
1929 2602 2151 2654 reducit

260 2700 424 2762 atque
468 2712 537 2744 ex
579 2695 657 2745 eis
698 2694 942 2760 resolvit,
999 2694 1261 2764 prudenti
1302 2693 1546 2761 iudicio,
1592 2712 1698 2763 quo
1757 2692 1973 2745 libratis
2013 2693 2146 2746 hinc

259 2783 389 2834 inde
419 2785 697 2834 rationum
730 2785 1027 2835 momentis
1057 2785 1347 2853 opiniones
1382 2782 1553 2852 eligit,
1596 2801 1661 2834 ac
1701 2782 1928 2834 tandem
1971 2782 2138 2834 erudi-

259 2874 426 2936 tione,
471 2892 577 2942 qua
622 2875 871 2925 omnium
912 2873 1029 2926 fere
1073 2883 1361 2925 auctorum
1404 2891 1571 2942 opera
1613 2872 1909 2942 perlustrat
1937 2890 2150 2924 eorum*

261 2981 366 3031 que
393 2971 721 3030 argumenta
763 2965 1061 3015 examinat.
1125 2963 1218 3015 Ad
1269 2963 1406 3014 haec
1459 2962 1678 3014 accedit
1729 2961 2025 3030 singularis
2067 2980 2142 3013 sa-

261 3052 489 3121 pientia,
533 3071 640 3120 qua
682 3052 923 3103 mediam
955 3054 1103 3104 viam
1136 3053 1340 3104 docens
1376 3052 1508 3104 hinc
1535 3052 1761 3122 quidem
1793 3053 2149 3121 rigorismum

259 3142 669 3206 iansenianum‚
719 3141 849 3192 inde
891 3160 1022 3193 vero
1082 3143 1417 3194 contrarium
1462 3141 1764 3193 laxismum
1806 3140 2145 3210 profligavit.

409 3231 457 3285 3.
521 3229 904 3282 Auctoritatem
958 3240 1231 3283 externam
1284 3233 1635 3301 potissimum
1679 3232 1967 3283 constituit
2007 3229 2147 3282 iudi-

262 3322 425 3384 cium,
470 3320 617 3390 quod
661 3320 727 3372 de
770 3322 888 3372 eius
931 3321 1185 3373 doctrina
1227 3321 1422 3373 morali
1465 3321 1592 3373 tulit
1633 3320 1885 3372 ecclesia.
1928 3319 2149 3372 Iudicia

413 3469 445 3523 ¹)
477 3470 543 3513 Cf.
578 3470 806 3514 Elenchus
841 3470 1160 3524 quaestionum
1193 3472 1545 3514 reformata-rum
1579 3470 1627 3513 in
1660 3471 1752 3513 fine
1784 3468 1944 3525 operis.
