2269 3898
790 159 856 202 De
888 159 988 213 lege
1019 158 1124 200 hum
1132 170 1230 200 ana.
1864 153 1946 195 1-21

75 297 405 348 auctoritate
461 314 523 346 ea
576 301 789 344 tantum
843 292 1160 360 praecipere
1202 297 1394 358 potest,
1438 306 1578 358 quae
1617 287 1837 338 faciunt
1877 286 1946 337 ad

77 386 243 436 finem
271 385 696 446 communitatiS‚
729 383 816 432 cui
842 387 1070 450 praeest,
1091 378 1386 430 dummodo
1417 376 1703 429 altioribus
1731 374 1946 443 legibus

76 493 184 525 non
225 473 601 525 adversentur.

227 591 267 621 a.
324 577 587 620 Inrisdl'ctio
640 577 732 620 late
785 578 969 628 accepta
1023 572 1255 627 significat
1319 575 1595 627 potestatem
1650 569 1946 626 gubernandi.

78 653 199 696 Haec
222 657 375 695 autem
400 652 471 694 vel
505 656 574 695 est
606 655 810 706 potestas
844 649 1127 705 gubernandi
1141 649 1327 703 privata
1350 645 1630 700 (domestica)
1655 658 1731 687 seu
1749 649 1951 698 potest-as

78 725 363 782 gubernandi
397 739 631 780 personam
666 728 747 768 aut-
778 724 1003 767 familiam
1039 723 1322 779 (societatem
1358 719 1689 776 imperfectam)
1720 724 1763 761 et
1786 719 1954 761 dicitur

71 803 280 856 potestas
312 799 601 851 domz‘natica,
633 799 705 841 vel
739 803 808 841 est-
841 802 1044 853 potestas
1078 796 1357 851 gubernandi
1387 795 1566 850 publica
1611 793 1832 848 {politica}
1877 805 1953 834 seu

82 878 285 929 potestas
319 873 602 928 gubernandi
636 872 872 915 civitatem
907 885 984 914 seu
1016 870 1338 925 rempublicam
1379 869 1658 922 (societatem
1693 869 1947 922 perfectam

80 952 128 992 et
161 947 329 990 dicitur
352 950 559 1002 potestas
591 947 921 990 iurisdictionis·
955 960 1031 989 seu
1063 945 1319 988 iurisdictio
1365 943 1524 986 stricte
1557 941 1793 996 accepta'Ju.
1857 941 1952 983 Iam

80 1036 184 1066 vero
217 1023 274 1065 ad
308 1023 431 1077 leges
463 1023 673 1065 ferendas
707 1027 909 1076 potestas
944 1020 1228 1063 dominativa
1260 1033 1349 1062 non
1384 1017 1573 1070 sufficit,
1610 1016 1685 1059 sed
1709 1014 1956 1069 requiritur

80 1101 283 1152 potestas
317 1096 661 1151 iurisdictionis,
695 1109 832 1150 eaque
866 1109 1089 1150 suprema,
1122 1108 1210 1137 non
1244 1107 1294 1137 ea
1328 1107 1440 1148 quae
1472 1093 1519 1135 in
1553 1090 1700 1134 iudice
1733 1088 1956 1143 reperitur

82 1172 139 1214 ad
172 1171 242 1214 ius
277 1170 530 1225 dicendum,
574 1171 651 1214 sed
685 1184 750 1225 ea,
795 1184 908 1224 quae
951 1170 999 1212 in
1032 1182 1137 1224 rege
1180 1174 1225 1212 et
1258 1167 1461 1223 principe
1510 1165 1671 1210 existit
1719 1164 1776 1207 ad
1809 1167 1952 1206 totam

82 1246 317 1289 civitatem
356 1245 711 1301 gubernandam.

233 1336 268 1377 b.
304 1336 520 1378 Potestas·
553 1335 843 1386 dominatira,
877 1347 989 1388 quae
1022 1334 1080 1376 ad
1116 1332 1265 1375 danda
1288 1336 1542 1386 praecepta,
1573 1329 1836 1371 nullatenus
1855 1340 1957 1370 vero

82 1411 140 1454 ad
174 1410 428 1452 condendas
460 1411 583 1465 leges
617 1409 806 1462 sufficit,
841 1408 1018 1451 diversa
1051 1411 1119 1450 est
1153 1420 1232 1461 pro
1268 1406 1443 1448 diverso
1479 1404 1666 1456 obiecto,
1701 1402 1815 1444 circa
1841 1401 1958 1455 quod

83 1490 292 1528 versatur
324 1490 370 1527 et
403 1498 481 1539 pro
517 1485 694 1527 diversa
728 1483 913 1538 origine.
980 1481 1137 1525 Oritur
1169 1480 1287 1524 enim
1322 1480 1393 1522 vel
1434 1493 1488 1522 ex
1530 1478 1626 1520 iure
1659 1482 1849 1519 naturae
1882 1488 1960 1530 per

87 1559 344 1602 naturalem
381 1558 602 1613 originem
637 1563 689 1600 ut
722 1558 769 1600 in
805 1561 935 1612 patre
967 1560 1174 1610 respectu
1208 1555 1308 1609 filii,
1343 1555 1414 1597 vel
1448 1567 1501 1597 ex
1533 1553 1629 1595 iure
1661 1555 1851 1594 naturae
1884 1563 1961 1605 per

85 1634 329 1676 humanam
365 1634 650 1676 voluntatem
697 1637 751 1675 ut
796 1632 844 1674 in
877 1631 1042 1674 marito
1076 1634 1280 1686 respectu
1312 1628 1480 1682 uxoris,
1524 1628 1595 1670 vel
1637 1640 1691 1669 ex
1723 1625 1961 1667 voluntate

85 1709 283 1751 humana
317 1721 396 1762 per
428 1715 584 1750 votum
632 1706 915 1750 obedientiae
957 1710 1010 1748 ut
1052 1705 1100 1747 111
1134 1704 1362 1759 superiore
1394 1702 1592 1758 regulari
1626 1704 1832 1755 respectu
1866 1698 1961 1742 sub-

86 1781 337 1835 dit01·um2>.

244 1888 292 1940 2.
336 1887 442 1937 Pro
487 1885 694 1954 duplici
737 1884 1024 1935 hominum
1055 1884 1448 1934 communitate
1491 1879 1750 1949 perfecta,
1796 1877 1961 1928 eccle—

93 1977 315 2028 siastica
374 1984 426 2026 et
475 1975 644 2036 civili,
701 1974 906 2043 duplex
957 1975 1120 2024 etiam
1165 1970 1559 2040 distinguenda
1601 1977 1681 2020 est
1723 1975 1964 2037 potestas

92 2065 334 2134 legifera,
391 2063 749 2116 ecclesiastica
799 2072 850 2114 et
898 2061 1084 2113 civilis.
1165 2062 1250 2112 De
1290 2061 1411 2128 lege
1454 2059 1828 2112 ecclesiastica
1873 2074 1961 2125 po-

95 2157 367 2206 tissimum
424 2155 656 2221 agimus.
751 2152 884 2203 Ideo
943 2152 1244 2220 praemissa
1302 2150 1458 2201 brevi
1516 2148 1841 2199 tractatione
1897 2145 1962 2197 de

95 2243 474 2295 iurisdictione
518 2241 890 2293 ecclesiastica
934 2239 1221 2292 indicandi
1264 2248 1390 2290 sunt
1426 2239 1480 2300 ii,
1526 2238 1618 2306 qui
1647 2239 1702 2288 in
1734 2235 1964 2287 ccclesia

95 2341 419 2404 potestatem
449 2331 662 2383 ferendi
691 2330 838 2398 leges
867 2329 1090 2394 habent,
1115 2328 1315 2398 quibus
1337 2326 1596 2379 addenda
1620 2333 1700 2377 est
1721 2325 1964 2395 quaestio

99 2424 165 2474 de
206 2422 532 2473 auctoritate
575 2421 1062 2488 congregationum
1106 2435 1476 2470 romanarum.

473 2643 505 2698 ῥ’
539 2647 588 2689 1.
622 2646 706 2688 De
737 2645 1131 2688 iurisdictione
1162 2639 1591 2693 ecclesiastica&

249 2763 377 2817 106.
434 2762 609 2815 Notio
669 2763 728 2815 et
784 2760 1025 2814 divisio.
1118 2757 1422 2809 Ιαν-ίείῖἱοίίο
1482 2754 1833 2807 ecclesiastica
1891 2761 1970 2804 est

100 2860 339 2922 potestas
394 2851 623 2919 regendi
665 2849 854 2902 fideles
897 2851 953 2900 in
994 2848 1200 2911 ordinev
1228 2847 1298 2898 ad
1340 2845 1572 2897 salutem
1614 2850 1895 2895 aeternam
1938 2861 1969 2892 a

105 2941 322 2993 Christo
366 2939 454 2991 vel
495 2939 564 2991 ab
608 2940 840 2991 ecclesia
881 2938 1047 2990 alicui
1092 2954 1371 2988 concessa.

258 3148 287 3202 ¹)
335 3147 614 3191 Vocabulum
657 3144 1000 3198 iurisdictionis,
1049 3143 1167 3198 quod
1211 3155 1266 3185 ex
1308 3155 1353 3184 se
1399 3140 1657 3183 universam
1696 3140 1968 3192 potestatem

102 3222 287 3279 regendi
332 3222 580 3276 significat,
626 3220 891 3274 quandoque
935 3217 1162 3261 strictiore
1203 3229 1336 3259 sensu
1379 3215 1521 3258 solam
1553 3214 1823 3269 potestatem
1858 3209 1973 3252 iudi-

103 3298 259 3342 cialem
305 3296 532 3351 designat.
594 3295 689 3338 Hoc
733 3307 866 3337 sensu
907 3293 955 3336 111
998 3296 1203 3336 tractatu
1247 3291 1300 3334 de
1342 3289 1491 3332 iudice
1523 3291 1569 3330 et
1604 3285 1657 3329 de
1689 3275 1972 3340 poenitentia

103 3384 265 3415 nomen
296 3368 626 3413 iurisdictionis
657 3371 919 3422 usurpatur.

254 3444 292 3491 ²)
325 3444 392 3487 Cf.
428 3443 624 3494 Silures,
661 3442 728 3485 De
759 3441 936 3496 legibus
968 3440 998 3483 1.
1033 3441 1071 3482 1.
1107 3453 1141 3481 6.
1175 3439 1214 3483 8.

256 3517 289 3572 3)
319 3519 386 3562 Cf.
434 3517 608 3567 Werne,
640 3515 714 3558 Ius
749 3514 1041 3558 decretalium
1074 3513 1133 3555 Π.
1167 3527 1210 3555 11.
1244 3512 1270 3553 9
1305 3525 1360 3553 ss.
1394 3509 1479 3552 551
1514 3522 1569 3550 ss.
