2269 3898
647 177 713 220 De
744 177 1083 231 impedimentis
1117 177 1410 220 matrimonii.
1909 179 1964 220 851>

249 311 283 352 h.
318 309 691 364 Hermaphroditi
726 310 971 364 improprie
1003 309 1112 352 dicti
1142 315 1249 352 sunt
1293 310 1496 355 homines
1542 309 1834 354 determinati
1876 310 1967 364 qui-

95 385 195 427 dem
238 397 384 438 sexus,
418 384 494 438 qui
527 388 682 426 tamen
715 389 895 437 praeter
926 396 1096 437 organa
1129 383 1311 438 propria
1344 384 1494 438 aliquo
1530 397 1584 427 ex
1617 383 1800 438 organis
1826 396 1966 426 essen-

46 503 50 507 ,
94 457 284 501 tialibus
316 458 505 500 alterius
539 469 670 500 sexus
705 456 862 499 donati
897 462 1004 499 sunt-
1037 470 1071 499 e.
1107 469 1150 511 g.
1186 471 1281 499 mas
1315 458 1466 500 ovario
1500 459 1571 501 vel
1604 462 1732 501 utero
1757 457 1967 511 femineo,

95 532 268 574 femina
299 531 512 574 testiculo
545 530 682 573 virili.
746 530 808 573 Hi
842 530 1020 585 quidem
1056 531 1113 573 ad
1147 544 1257 585 opus
1291 531 1599 585 generationis
1641 531 1964 586 perficiendum

93 619 186 648 non
221 611 327 648 sunt
359 605 520 659 inepti.

245 693 278 722 c.
326 678 700 733 Hermaphroditi
752 679 1009 734 imperfecti
1051 678 1445 731 (Scheinzwitter)
1493 678 1707 721 dicuntur
1765 678 1968 722 homines

95 752 223 795 dubii
257 766 404 806 sexus,
438 752 515 806 qui
547 765 627 795 nec
661 751 755 794 veri
789 764 935 794 mares
967 765 1048 795 nec
1090 765 1222 795 verae
1265 753 1460 795 feminae
1502 758 1624 806 sunt,
1667 765 1766 795 cuin
1816 766 1966 795 eorum

94 840 266 881 organa
298 827 500 869 sexualia
543 826 612 868 ita
654 828 855 868 formata
900 826 1008 880 sint,
1048 831 1101 868 ut
1143 826 1381 880 utriusque
1423 839 1555 869 sexus
1602 839 1772 880 organa
1814 826 1968 869 haberi

96 901 284 955 possint.
349 900 410 943 Hi
443 900 500 943 ad
534 913 645 954 opus
678 900 986 954 generationis
1019 900 1343 954 perficiendum
1391 900 1616 943 ordinarie
1657 900 1803 954 inepti
1848 904 1966 942 sunt.

93 988 195 1017 cum
228 974 276 1017 in
310 988 359 1018 eo
391 988 471 1017 nec
503 974 652 1017 virum
686 988 765 1017 nec
797 974 1015 1018 feminam
1050 987 1184 1029 agere
1216 973 1443 1029 possint¹).
1507 973 1575 1015 Ab
1610 973 1818 1028 eligendo
1843 978 1968 1016 statu

94 1049 364 1092 sacerdotali
398 1049 469 1091 vel
502 1048 701 1104 regulari
737 1048 958 1091 eiusmodi
991 1049 1194 1091 homines
1228 1048 1409 1092 arcendi
1444 1052 1562 1090 sunt.

811 1213 842 1267 ἑ
876 1211 924 1257 ’7.
964 1214 1262 1267 Liyamen.

241 1332 334 1386 90.
401 1332 624 1385 Natura
676 1331 1121 1398 impedimenti.
1208 1334 1253 1382 1.
1318 1330 1787 1399 Impedimentum
1842 1331 1968 1400 lissa-

93 1422 250 1471 minis
303 1423 359 1470 in
412 1439 472 1470 eo
528 1430 620 1483 est,
675 1420 822 1490 quod
879 1422 1082 1471 coniux
1125 1419 1347 1470 vinculo
1391 1421 1727 1470 matrimonii
1770 1419 1970 1487 ligatus

96 1528 204 1560 non
249 1511 419 1578 possit
460 1509 709 1560 validum
754 1510 1166 1560 matrimonium
1209 1510 1363 1573 inire,
1420 1510 1525 1559 nisi
1580 1510 1732 1577 prius
1788 1510 1970 1559 matri-

97 1601 343 1650 monium
384 1599 486 1649 rite
529 1598 764 1649 solutum
809 1598 1001 1649 fuerit:
1046 1600 1138 1668 qui
1182 1599 1328 1648 enim
1372 1599 1455 1648 ius
1497 1599 1554 1647 in
1584 1616 1781 1666 corpus
1811 1615 1970 1648 suum

96 1689 192 1741 uni
234 1690 344 1739 iam
386 1687 630 1750 tradidit,
690 1705 798 1738 non
850 1695 1028 1756 potest
1076 1687 1224 1737 idem
1267 1688 1351 1737 ius
1393 1686 1547 1737 alteri
1589 1687 1822 1752 tradere7
1867 1687 1971 1737 nisi

95 1779 243 1846 prior
284 1784 595 1828 contractus
636 1776 884 1843 legitime
927 1776 1134 1827 solutus
1177 1776 1306 1838 sit2j).

242 1865 432 1908 Nomine
465 1865 697 1919 lzjqamim's
721 1865 1005 1920 intelligitur
1030 1865 1263 1908 vinculum
1287 1863 1640 1918 matrimoniale,
1675 1877 1760 1918 quo
1783 1870 1972 1918 uterque

46 1980 50 1983 Α
93 1940 257 1984 coniux
290 1940 423 1983 alteri
456 1939 677 1994 alligatus
710 1945 793 1982 est.

247 2016 294 2068 2.
351 2013 819 2083 [mpedimentum
874 2013 978 2065 hoc
1033 2013 1298 2065 fundatur
1348 2014 1403 2063 in
1447 2012 1701 2081 dogmate
1745 2012 1811 2063 de
1852 2015 1968 2063 uni-

95 2112 205 2156 tate
259 2113 310 2155 et
364 2102 847 2155 indissolubilitate
908 2104 1260 2167 matrimonii,
1318 2120 1486 2170 quare
1526 2103 1661 2152 iuris
1700 2102 1971 2153 naturalis

94 2194 401 2245 secundarii
454 2201 558 2259 est,
623 2195 666 2243 si
720 2195 807 2243 vir
864 2191 1016 2243 aliud
1074 2193 1486 2242 matrimonium
1544 2193 1683 2242 inire
1740 2200 1972 2242 attentat

97 2285 323 2334 vivente
365 2282 549 2334 adhuc
591 2301 794 2347 uxore3
853 2283 896 2332 si
954 2290 1138 2333 autem
1187 2298 1327 2331 uxor
1377 2282 1789 2331 matrimonium
1832 2282 1970 2331 inire

94 2379 329 2424 attentat
368 2374 592 2422 vivente
635 2370 820 2423 adhuc
865 2371 997 2435 viro7
1041 2369 1502 2438 impedimentum
1539 2371 1674 2421 iuris
1702 2369 1972 2421 naturalis

90 2463 347 2531 prima-rii
388 2470 481 2515 est.

245 2551 485 2593 Existente
518 2549 665 2605 priore
710 2549 1002 2592 matrimonio
1048 2548 1173 2591 aliud
1215 2561 1383 2590 novum
1433 2546 1776 2590 matrimonium
1820 2546 1972 2589 valide

96 2623 204 2666 iniri
236 2638 326 2667 non
357 2637 499 2679 posse,
533 2624 719 2667 ecclesia
750 2624 876 2667 nullo
909 2637 999 2666 non
1033 2628 1235 2677 tempore
1270 2622 1438 2676 docuit,
1472 2621 1558 2664 etsi
1601 2621 1845 2664 secundum
1880 2634 1972 2663 ma-

96 2698 363 2741 trimonium
399 2703 778 2753 consummat-um,
812 2698 1009 2753 primum
1044 2702 1198 2740 autem
1233 2696 1376 2739 solum
1410 2700 1562 2738 ratum
1605 2694 1761 2737 fuerit.
1827 2693 1972 2746 Quare

97 2773 343 2815 secundum
378 2772 721 2815 matrimonium
755 2773 1026 2827 simpliciter
1058 2785 1137 2826 pro
1172 2756 1476 2814 concubinatu
1520 2768 1671 2822 habet»,
1706 2768 1792 2810 etsi
1833 2767 1970 2810 iudex

97 2846 340 2890 saecularis
374 2847 444 2889 vel
486 2854 608 2890 secta
650 2846 866 2902 religiosa
907 2846 1104 2901 primum
1148 2845 1492 2888 matrimonium
1538 2843 1737 2886 solutum
1781 2842 1972 2885 declara-

97 2921 228 2966 verit.
278 2920 344 2963 ‘In
376 2921 639 2975 polygamia
670 2934 774 2963 vero
807 2921 1065 2963 infidelium
1098 2919 1246 2975 prima
1278 2932 1391 2961 uxor
1424 2917 1632 2960 habenda
1665 2922 1735 2959 est
1767 2929 1846 2971 pro
1865 2915 1971 2970 legi-

97 2995 236 3050 tima,
278 2994 367 3038 nisi
411 2994 464 3037 ob
507 2994 691 3048 aliquod
734 2994 950 3037 dirimens
989 2990 1368 3048 impedimentum
1411 2990 1753 3034 matrimonium
1796 2990 1971 3032 demon-

96 3073 270 3112 stretur
301 3068 571 3112 invalidum.

246 3159 341 3212 91.
387 3158 699 3212 Certitudo
724 3157 796 3210 (le
836 3159 1000 3211 Statu
1032 3157 1249 3210 libero.
1298 3158 1342 3208 1.
1366 3154 1441 3206 Ut
1463 3153 1766 3206 secundum
1790 3154 1949 3203 matri

99 3249 346 3299 monium
389 3248 528 3298 licite
570 3248 698 3298 iniri
740 3248 925 3316 possit,
969 3247 1282 3315 requiritur,
1327 3253 1387 3295 ut
1426 3243 1619 3295 morali
1660 3241 1971 3293 certitudine

257 3381 283 3436 ¹)
318 3381 385 3424 Cf.
419 3383 472 3422 A.
507 3372 762 3432 Esclebach)
795 3378 1143 3434 Disputationes
1177 3377 1433 3432 physiolog.
1467 3376 1668 3430 theolog.
1702 3389 1743 3430 p.
1780 3376 1852 3417 53.

254 3451 284 3507 2)
315 3454 480 3497 Matth.
516 3454 587 3508 19,
620 3454 660 3496 9.
695 3453 728 3495 Ι.
765 3453 862 3497 Cor.
898 3453 939 3507 7,
972 3452 1043 3495 39.
1068 3452 1148 3497 CC.
1183 3451 1411 3507 Accepisti
1446 3451 1472 3492 2
1506 3450 1632 3492 Licet
1667 3449 1694 3490 3
1718 3449 1970 3503 Desponsa

99 3528 290 3571 duorum
325 3528 419 3581 (IV.
453 3528 509 3581 4).
