2269 3898
311 84 397 159 192
1050 112 1118 155 De
1149 111 1455 155 matrimonio.

464 249 501 290 b.
535 249 604 291 Ex
638 247 835 291 divortio
880 245 1155 302 gravissima
1197 245 1319 288 mala
1352 249 1628 299 sequuntur;
1673 257 1831 288 verum
1865 258 1920 289 ex
1951 245 2035 289 hoc
2067 245 2194 289 aliud

315 337 404 366 non
437 322 658 377 sequitur,
706 321 795 365 nisi
844 320 1204 375 cooperationem
1249 319 1308 362 ad
1358 318 1607 362 divortium
1651 323 1789 373 atque
1831 319 1933 363 ideo
1980 319 2039 363 ad
2087 320 2197 364 haec

313 397 435 440 mala
463 396 605 439 solum
642 408 697 438 ex
730 394 1007 451 gravissima
1039 407 1176 438 causa
1197 394 1373 437 licitam
1409 406 1517 437 esse.
1579 393 1723 448 Atqui
1757 406 1894 437 causa
1927 393 2196 449 cooperandi

315 470 656 526 proportionate
688 469 844 524 gravis
867 476 987 512 certe
1020 469 1152 512 adest
1183 469 1232 512 in
1264 469 1345 511 hoc
1379 481 1502 522 casn,
1534 481 1620 523 quo
1652 468 1794 511 iudici
1827 468 2051 512 catholico
2083 467 2198 512 iudi-

314 546 457 589 canda
500 547 720 588 offeratur
753 558 889 588 causa
932 543 1301 598 matrimoniaIiS,
1346 556 1481 598 quam
1514 556 1720 587 recusare
1761 557 1852 587 non
1884 543 2045 599 possit,
2088 542 2199 599 quin

315 619 465 663 officio
498 619 720 674 privetur,
764 619 934 674 privari
977 623 1130 662 autem
1176 617 1328 661 officio
1360 631 1451 661 non
1483 618 1643 673 possit,
1687 618 1797 673 quin
1829 624 1929 662 tum
1974 618 2063 674 ipsi
2096 624 2197 661 tum

315 694 427 737 bono
458 694 685 737 communi
721 693 934 737 damnum
973 700 1204 748 sequatur,
1238 692 1344 748 quia
1377 692 1426 735 in
1459 692 1554 736 eius
1587 692 1734 736 locum
1769 693 2029 737 succederet
2060 692 2200 736 iudex

314 769 460 812 malus
493 774 537 812 et
571 769 754 824 impius.

464 887 496 916 c.
532 873 734 916 Tandem
780 872 838 916 ad
882 872 1206 916 removendum
1253 871 1518 915 scandalum
1560 872 1768 915 fidelium
1811 871 1950 916 iudex
1990 871 2201 928 partibus

316 948 542 991 declarare
576 947 707 991 debet
750 947 1026 991 sententiam
1074 946 1263 990 divortii
1308 960 1399 990 non
1431 946 1479 990 id
1513 947 1706 1001 efficere,
1748 951 1802 990 ut
1835 946 2071 990 vinculum
2103 958 2202 990 con·

314 1022 468 1077 iugale
510 1021 730 1075 solvatur,
776 1022 854 1065 sed
886 1022 934 1065 id
969 1022 1129 1076 solum,
1174 1026 1229 1064 ut
1271 1021 1617 1065 matrimonium
1664 1020 1720 1064 ab
1764 1021 2043 1065 auctoritate
2075 1020 2201 1064 civili

313 1110 402 1140 non
436 1097 633 1151 amplius
655 1104 934 1152 agnoscatur
966 1103 1020 1140 ut
1053 1096 1259 1140 validum
1285 1096 1648 1151 matrimonium,
1683 1096 1801 1151 quod
1833 1095 2024 1152 proinde
2055 1094 2201 1138 validi

314 1171 595 1214 matrimonii
629 1171 805 1215 iuribus
837 1185 926 1215 non
960 1171 1159 1227 amplius
1193 1171 1410 1227 gaudeat.

463 1364 593 1419 179.
633 1364 718 1418 De
759 1365 1074 1433 responsis
1119 1380 1167 1419 s·
1213 1364 1400 1419 sedis.
1483 1378 1725 1438 Quaestio
1769 1379 1971 1438 saepius
2007 1378 2207 1437 agitata

314 1460 389 1499 est
432 1453 482 1498 in
527 1453 998 1512 congregationibus
1042 1453 1260 1500 romanis
1306 1460 1353 1500 et
1397 1454 1541 1514 plura
1588 1454 1683 1500 hac
1725 1454 1784 1500 de
1830 1467 1883 1500 re
1920 1453 2057 1500 edita
2091 1457 2209 1500 sunt

313 1527 605 1586 responsa¹).

463 1647 504 1675 a.
537 1631 740 1679 Nullum
776 1640 913 1679 extat
950 1632 1205 1680 decretum
1241 1634 1497 1692 generale,
1540 1634 1666 1692 quod
1699 1634 1828 1680 hanc
1862 1634 2204 1692 quaestionem

315 1707 530 1764 dirimat,
581 1707 725 1753 immo
776 1721 803 1753 a
854 1707 1135 1755 dirimenda
1186 1708 1476 1766 quaestione
1528 1716 1705 1755 sancta
1761 1709 1905 1756 sedes
1954 1709 2206 1767 hucusque

315 1781 536 1827 consulto
572 1781 829 1828 abstinuit.

465 1887 501 1929 b.
526 1885 682 1932 Plura
719 1893 894 1934 extant
929 1887 1134 1934 decreta
1158 1888 1509 1946 particularia,
1546 1902 1748 1946 quorum
1774 1890 1876 1936 alia
1902 1889 2206 1937 sententiam

315 1961 517 2008 divortii
551 1962 601 2008 in
627 1961 800 2009 Gallia
833 1962 1082 2020 illicitam,
1118 1963 1220 2010 alia
1256 1972 1420 2010 autem
1455 1964 1506 2010 in
1532 1963 1714 2024 Belgio
1749 1964 1959 2012 eandem
1993 1963 2207 2011 tolerari

314 2050 453 2095 posse
490 2037 703 2083 edicunt.

465 2156 498 2185 c.
532 2141 702 2199 Ratio,
754 2143 811 2188 ob
847 2156 991 2202 quam
1026 2144 1243 2190 ecclesia
1290 2144 1690 2204 cooperationem
1734 2145 1911 2191 iudicis
1947 2145 2012 2191 ad
2045 2144 2208 2191 divor-

314 2216 435 2262 tium
471 2216 617 2263 civile
653 2217 702 2263 in
749 2217 862 2264 aliis
895 2218 1017 2264 locis
1051 2219 1365 2276 toleraverit,
1411 2219 1462 2266 in
1497 2220 1609 2266 aliis
1656 2225 1822 2266 autem
1866 2219 2206 2276 interdixerit,

313 2291 437 2337 haec
472 2305 578 2337 esse
613 2291 826 2339 videtur.
892 2292 1024 2351 Quia
1067 2308 1242 2352 nempe
1287 2294 1340 2340 in
1381 2294 1472 2342 hoc
1508 2308 1626 2342 casu
1672 2295 1842 2354 agitur
1876 2295 1936 2342 de
1974 2308 2205 2354 coopera-

314 2365 447 2412 tione
482 2366 532 2412 in
568 2368 866 2425 exequendis
899 2368 1109 2427 legibus,
1159 2383 1283 2427 quae
1321 2369 1657 2417 adversantur
1701 2371 1894 2418 iuribus
1929 2376 1980 2417 et
2011 2370 2209 2429 legibus

316 2441 586 2498 ecclesiae;
623 2442 861 2490 eiusmodi
895 2450 1061 2490 autem
1097 2445 1384 2505 cooperatio
1417 2459 1620 2505 prorsus
1654 2446 1836 2493 illicita
1872 2451 1964 2503 est,
2011 2445 2209 2505 quando

316 2516 449 2562 cedit
493 2516 542 2562 in
589 2517 817 2564 damnum
865 2532 1115 2566 commune
1160 2519 1422 2567 ecclesiae.
1486 2520 1597 2567 Iam
1637 2535 1757 2568 vero
1790 2521 2043 2579 iudicium,
2092 2535 2208 2567 num

315 2590 452 2648 leges
504 2591 677 2638 civiles
722 2593 772 2638 in
817 2607 1068 2640 commune
1115 2594 1348 2641 damnum
1394 2595 1640 2643 ecclesiae
1686 2596 1883 2654 cedant,
1935 2596 1999 2643 ad
2047 2597 2206 2655 ipsam

317 2665 580 2712 ecclesiam
615 2668 859 2725 pertinet:
907 2682 1058 2727 quare
1094 2670 1143 2715 in
1186 2670 1580 2729 particularibus
1626 2671 1822 2718 casibus
1869 2671 1933 2719 ad
1968 2686 2004 2718 s.
2038 2671 2207 2719 sedem

316 2741 670 2788 recurrendum
706 2752 794 2788 est.

471 2965 502 3017 ¹)
534 2965 581 3008 S.
610 2966 816 3023 Officium
841 2969 882 3012 3.
915 2983 1010 3025 apr.
1043 2971 1157 3015 1577
1192 2971 1249 3015 ad
1284 2971 1543 3028 episcopum
1578 2971 1847 3028 sangallen„
1880 2972 2001 3028 quod
2033 2971 2210 3015 iudices

316 3037 364 3081 in
399 3038 576 3083 casibus
609 3042 964 3096 particularibus
986 3057 1214 3090 recurrere
1246 3045 1389 3090 iubet.
1423 3071 1482 3077 —
1516 3046 1563 3091 S.
1593 3047 1800 3105 Officium
1825 3047 1896 3090 27.
1930 3045 2041 3090 maii
2075 3045 2211 3102 1886,

322 3113 439 3165 quod
474 3127 554 3168 pro
579 3114 730 3159 Gallia
753 3119 1030 3162 sententiam
1066 3119 1254 3164 divortii
1277 3121 1500 3176 prohibet.
1537 3148 1592 3152 —-
1624 3121 1833 3166 Litterae
1854 3121 2010 3166 nuntii
2043 3134 2115 3177 ap.
2148 3120 2209 3164 ad

318 3187 580 3232 ministrum
624 3192 755 3246 regni
801 3192 848 3236 in
882 3193 1043 3250 Belgio
1085 3196 1156 3238 14.
1190 3200 1307 3252 sept.
1341 3197 1473 3252 1886,
1517 3195 1594 3240 ubi
1640 3196 1811 3240 dicitur
1851 3195 2207 3252 prohibitionem

320 3275 398 3316 pro
423 3263 575 3307 Gallia
609 3265 781 3309 editam
814 3281 904 3311 non
938 3282 1032 3313 esse
1065 3271 1400 3315 extendendam
1435 3271 1494 3315 ad
1527 3271 1755 3328 Belgium.
1789 3297 1844 3302 -
1878 3270 2208 3315 S.Poen1·tent.

274 3378 278 3383 ,
320 3336 391 3379 24.
425 3342 540 3393 sept.
575 3339 708 3395 1887,
742 3354 856 3396 quae
888 3344 1166 3388 sententiam
1192 3345 1381 3389 divortii
1414 3346 1462 3390 in
1496 3360 1602 3391 casu
1625 3346 1895 3403 particulari
1925 3344 2212 3400 (lucionensi)

321 3410 501 3455 tolerat.
538 3438 591 3444 —
627 3413 674 3457 S.
698 3415 953 3461 Poem'tent.
987 3419 1028 3461 4.
1062 3419 1157 3463 iun.
1193 3420 1324 3476 1890,
1359 3434 1473 3476 quae
1496 3421 1697 3466 declarat
1724 3435 1877 3467 casum
1900 3421 2207 3466 lucionensem

321 3497 410 3528 non
444 3499 572 3540 posse
606 3488 663 3531 ad
697 3490 810 3534 alios
843 3504 972 3536 casus
1005 3495 1203 3538 extendi.
