2269 3898
300 125 384 168 136
1037 121 1103 163 De
1134 120 1438 163 matrimonio.

301 275 459 309 nemo
503 256 796 324 cognoscit⁷
852 254 989 305 adeo
1043 261 1101 304 ut
1154 271 1222 304 ne
1264 271 1361 321 per
1403 253 1539 305 duos
1582 254 1808 322 quidem
1848 262 2011 306 testes
2053 274 2169 324 pro-

299 346 418 397 bari
478 346 676 413 possit3
740 351 791 394 et
849 341 1160 412 simpliciter
1218 342 1486 406 occultum,
1555 343 1702 412 quod
1763 342 1946 395 adhuc
2007 343 2171 396 celari

301 442 491 503 potest,
536 434 789 502 quamvis
830 431 1109 500 aliquibus
1150 433 1399 500 personis
1440 432 1550 482 iam
1592 440 1783 483 notum
1827 434 1909 486 sit.
2119 434 2122 435 ⁷

451 537 565 590 Quot
583 536 801 592 personis·
832 540 991 578 notum
1025 548 1120 578 esse
1153 535 1319 590 possit,
1367 539 1421 577 ut
1453 535 1602 578 adhuc
1649 536 1875 579 occultum
1926 542 2176 591 censeatur,

299 610 536 666 prudentis
568 610 733 652 iudicis
765 609 954 652 arbitrio
986 609 1332 663 relinquendum
1367 616 1450 652 est.
1515 609 1754 653 Ordinarie
1777 611 1926 654 adhuc
1949 611 2175 654 occultum

299 689 504 729 censetur
535 684 930 739 impedimentum,
964 684 1082 738 quod
1114 684 1162 726 in
1184 697 1302 738 pago
1326 683 1488 738 tribus,
1522 683 1570 727 in
1594 684 1760 739 oppido
1784 698 1874 733 sex,
1907 684 1956 728 in
1987 685 2177 728 civitate

299 764 397 802 octo
429 759 630 814 personis
664 757 964 813 prudentibus
998 763 1044 801 et
1076 757 1321 801 taciturnis
1354 757 1573 801 innotuit.

446 848 827 902 Impedimentum
871 847 1278 902 consantquinitatis
1322 852 1368 890 et
1411 848 1690 903 cognationis
1732 847 2012 902 spiritualis,
2064 861 2177 902 quae

297 930 463 967 natura
496 937 577 966 sua
608 922 791 977 publica
823 926 944 976 sunt,
979 922 1155 964 occulta
1188 935 1283 964 esse
1314 926 1521 976 possunt,
1555 922 1593 964 si
1628 921 1837 964 oriuntur
1877 935 1932 964 ex
1976 921 2176 966 crimine.

299 1014 339 1040 α.
374 998 443 1041 Sic
477 998 514 1040 si
548 997 682 1040 Caius
717 997 875 1039 ducere
908 996 1111 1039 intendit
1143 996 1377 1049 Bertham,
1411 1010 1524 1050 quae
1557 1010 1583 1039 a
1615 1000 1762 1039 matre
1795 1009 1876 1038 sua
1919 995 2176 1048 audiverat,

298 1087 343 1116 se
377 1077 552 1127 patrem
586 1071 749 1114 habere
782 1070 878 1113 Caii
912 1070 1204 1124 avunculum,
1237 1070 1358 1113 inter
1391 1070 1549 1113 Caium
1583 1076 1629 1113 et
1670 1071 1888 1113 Bertham
1932 1069 2176 1112 intercedit

297 1147 675 1201 impedimentum
710 1146 936 1188 occultum
971 1144 1389 1200 consanguinitatis
1421 1144 1470 1187 in
1505 1145 1698 1188 secundo
1733 1145 1894 1200 gradu.
1951 1145 1990 1194 β.
2025 1143 2096 1187 Sic
2139 1143 2177 1186 si

299 1221 450 1263 Titius
485 1222 644 1263 ducere
676 1219 880 1262 intendit
929 1219 1256 1274 Semproniam,
1306 1233 1419 1273 quae
1468 1233 1522 1263 ex
1571 1233 1695 1262 sacro
1744 1221 1872 1262 fonte
1920 1222 2178 1274 susceperat

297 1297 467 1341 amicae
501 1308 606 1339 sua-e
639 1294 782 1337 filiam
817 1296 1012 1349 Annam,
1046 1294 1173 1338 cuius
1203 1294 1430 1338 naturalis
1474 1297 1605 1349 pater
1644 1297 1713 1336 est
1746 1293 1913 1348 Titius,
1955 1293 2077 1337 inter
2108 1293 2179 1337 Ti-

297 1372 413 1414 tium
449 1374 495 1413 et
543 1369 853 1424 Semproniam
902 1369 1147 1413 intercedit
1186 1369 1567 1424 impedimentum
1617 1369 1842 1411 occultum
1891 1368 2179 1423 cognationis

299 1445 568 1501 spiritualis,
603 1457 716 1499 quae
749 1449 817 1487 est
851 1444 972 1487 inter
1003 1445 1233 1487 levantem
1267 1444 1498 1498 levatique
1531 1448 1722 1499 patrem.

447 1557 487 1588 c.
529 1535 996 1604 lmpedimentum
1041 1543 1218 1604 potest
1266 1553 1381 1586 esse
1434 1533 1786 1585 materialiter
1815 1532 2091 1603 publicum
2132 1541 2180 1582 ct·

284 1625 599 1696 formaliter
641 1624 908 1690 occultum,
965 1626 1008 1675 si
1050 1624 1257 1675 factum
1313 1625 1533 1691 sciatur,
1592 1624 1687 1675 sed
1740 1625 2021 1692 ignoretur
2074 1621 2177 1674 hoc

296 1715 503 1766 factum
556 1713 818 1765 inducere
873 1714 1353 1783 impedimentum,
1413 1722 1473 1764 ut
1514 1715 1558 1765 si
1610 1713 1835 1780 factum7
1893 1711 2041 1782 quod
2083 1713 2177 1762 im-

297 1803 676 1873 pedimentum
743 1803 973 1869 inducit,
1056 1822 1126 1854 ex
1191 1810 1362 1872 parte,
1440 1821 1549 1854 non
1617 1811 1801 1853 autem
1870 1801 2175 1853 secundum

297 1894 482 1944 omnia
538 1892 822 1958 elementa,
884 1912 1024 1962 quae
1080 1893 1151 1943 ad
1208 1892 1668 1962 impedimentum
1727 1891 2175 1943 constituendum

295 1984 661 2052 requirantur,
693 1989 883 2033 notum
912 1983 995 2035 sit.
1077 1982 1369 2034 Eiusmodi
1398 1981 1860 2051 impedimentum
1889 1990 2173 2050 tamquam

297 2072 572 2123 occultum
615 2072 1010 2124 consideratur.

448 2191 581 2234 Caius
615 2204 649 2234 e.
686 2204 730 2246 g.
765 2205 864 2233 cum
900 2190 1164 2245 Sempronia
1197 2190 1351 2244 vidua,
1386 2203 1519 2244 quam
1557 2189 1718 2233 ducere
1739 2189 1959 2244 intendit,
1992 2189 2177 2237 vivente

297 2266 461 2309 marito
509 2266 786 2309 adulterium
827 2265 1055 2308 commisit
1098 2265 1227 2320 eique
1270 2264 1612 2308 matrimonium
1658 2264 1893 2319 promisit;
1933 2269 2179 2318 utrumque

297 2342 380 2383 hoc
411 2342 586 2383 factum
620 2345 779 2382 notum
814 2344 896 2394 est,
930 2347 979 2383 at
1012 2339 1222 2394 ignotum
1258 2344 1328 2382 est
1361 2339 1672 2394 Semproniam
1707 2353 1756 2382 eo
1789 2346 1992 2394 tempore
2022 2337 2177 2380 matri-

297 2415 446 2458 monio
478 2415 682 2458 iunctam
715 2414 869 2457 fuisse.

447 2549 594 2592 Not-a.
659 2549 744 2592 Ubi
788 2548 946 2604 agitur
990 2549 1043 2591 de
1087 2549 1392 2591 contrahendo
1437 2548 1744 2602 matrimonio,
1793 2548 1945 2590 omnia
1991 2547 2178 2601 impedi-

298 2628 453 2667 menta
485 2622 710 2666 habentur
743 2623 924 2678 publica
956 2623 1027 2666 ‘nis
1071 2623 1218 2666 tribus
1267 2623 1489 2678 exceptis:
1543 2636 1584 2665 a.
1633 2622 1868 2665 affinitate
1916 2635 1970 2665 ex
2018 2621 2180 2675 copula

296 2698 480 2751 illicita3
517 2698 553 2742 b.
589 2697 796 2749 crimine;
833 2712 865 2741 c.
901 2697 1082 2752 publica
1114 2698 1352 2741 honestate
1386 2711 1439 2741 ex
1473 2696 1772 2752 sponsalibus,
1804 2697 2046 2740 dummodo
2069 2697 2179 2739 haec

297 2772 625 2827 impedimenta
656 2774 778 2815 facto
813 2772 990 2815 occulta
1023 2771 1129 2814 sint.

452 2936 580 2989 135.
610 2937 692 2988 De
720 2938 1018 3004 potestate
1048 2937 1269 2990 summi
1296 2936 1624 3003 pontificis.
1706 2934 1967 2986 Summus
2003 2938 2177 3005 ponti-

300 3026 393 3076 fex
445 3026 562 3076 iure
617 3025 895 3076 ordinario
952 3025 1270 3095 dispensare
1322 3033 1500 3094 potest
1540 3026 1597 3076 in
1651 3025 1909 3077 omnibus
1949 3025 2176 3094 impedi-

302 3115 502 3166 mentis
562 3116 696 3166 iuris
754 3114 1128 3168 ecclesiastici.
1209 3114 1276 3166 In
1333 3116 1747 3183 impedimentis
1809 3115 1945 3166 iuris
1999 3114 2176 3165 divini

302 3202 581 3254 declarare
634 3211 811 3271 potest
868 3223 930 3255 ea
984 3206 1041 3255 in
1095 3206 1257 3256 certis
1309 3205 1584 3256 adiunctis
1638 3224 1748 3256 non
1803 3204 2063 3274 obligare,
2123 3213 2179 3255 at

300 3294 517 3361 proprie
560 3292 878 3361 dispensare
919 3313 1030 3345 non
1071 3302 1265 3363 potest.

450 3410 561 3457 Non
592 3416 760 3458 tamen
793 3412 843 3458 in
867 3413 1087 3459 omnibus
1112 3413 1477 3472 impedimentis
1502 3414 1625 3460 iuris
1651 3412 1986 3460 ecclesiastici
2009 3412 2176 3471 reipsa

303 3485 570 3544 dispensat.
