2269 3898
660 173 726 216 De
758 172 1008 215 virtutibus
1041 171 1360 214 cardinalibus.
1858 171 1945 213 275

75 307 253 351 relictis
286 307 453 361 dignis,
484 305 713 348 iustitiam
747 304 1123 347 commutativam
1157 303 1316 358 violat,
1348 317 1437 346 non
1478 303 1659 357 quidem
1703 315 1812 357 erga
1855 315 1948 356 per<

83 394 215 423 sonas
248 380 468 435 privatas,
501 392 614 433 quae
645 391 724 433 per
757 391 802 420 se
833 377 904 420 ius
938 377 1149 419 strictum
1183 377 1240 419 ad
1284 377 1437 420 officia
1478 377 1550 419 vel
1599 375 1817 419 beneficia
1858 389 1948 419 non

84 454 265 508 habent,
298 455 374 497 sed
407 466 515 508 erga
547 453 779 495 ecclesiam
803 453 875 494 vel
899 464 992 493 rem
1017 450 1258 504 publicam.
1323 450 1367 492 Si
1391 453 1543 493 autem
1569 450 1720 505 dignis
1745 451 1950 493 conferat

85 527 238 570 officia
270 527 446 570 omissis
481 525 778 580 dignioribus,
810 525 882 567 ius
915 524 1125 567 strictum
1158 537 1249 566 non
1280 524 1492 578 laeditur,
1545 524 1651 578 quia
1693 525 1750 567 ad
1793 528 1949 578 aptam

84 616 174 644 non
224 606 377 644 autem
426 600 484 643 ad
532 599 751 654 optimam
800 597 1246 641 administrationem
1296 597 1456 640 stricta
1516 597 1735 651 obligatio
1795 599 1950 640 adesse

87 679 305 718 censetur.
373 675 409 722 β.
444 673 499 715 In
532 672 860 715 distribuendis
893 671 1105 714 oneribus·
1138 684 1173 714 e.
1223 683 1265 725 g.
1315 670 1363 713 in
1410 671 1696 726 imponendis
1746 671 1950 726 tributis,

88 749 267 803 quando
300 747 496 790 subditis
529 747 676 790 maius
710 760 820 789 onus
852 745 1118 799 imponitur,
1151 758 1285 799 quam
1319 745 1465 799 exigit
1509 745 1673 788 bonum
1718 739 1970 788 commune

88 823 333 865 secundum
368 821 651 875 singulorum
683 821 951 863 facultates:
989 819 1163 862 subditi
1196 818 1315 861 enim
1338 818 1409 861 ius
1447 818 1657 861 strictum
1682 819 1864 873 habent,
1897 833 1953 862 ne

87 896 327 951 priventur
359 895 486 938 bonis
520 895 628 949 suis,
659 894 747 937 nisi
783 894 945 936 bonum
980 905 1214 935 commune
1237 892 1480 935 secundum
1504 905 1761 935 mensuram
1785 892 1952 935 virium

80 971 133 1013 id
167 970 336 1025 exigat.

240 1061 276 1102 b.
313 1060 423 1103 Cum
456 1059 639 1102 iustitia
672 1058 938 1101 vindicatiecz
973 1057 1109 1100 simul
1141 1055 1341 1099 laeditur
1382 1054 1566 1098 iustitia
1606 1056 1952 1110 commutativa,

92 1139 193 1177 tum
228 1134 265 1177 si
300 1134 613 1188 delinquentes
646 1146 744 1176 cum
780 1133 943 1175 damno
967 1131 1193 1174 communi
1215 1144 1304 1173 non
1327 1129 1593 1185 puniantur,
1626 1133 1725 1171 tum
1750 1129 1787 1171 si
1812 1142 1955 1183 poena

93 1209 215 1251 iusto
249 1208 457 1262 graviore
487 1209 769 1262 plectantur:
803 1207 940 1249 iudex
973 1205 1092 1249 enim
1127 1204 1289 1247 stricta
1321 1203 1599 1257 obligatione
1632 1207 1814 1246 tenetur
1847 1216 1955 1257 erga

90 1281 415 1336 rempublicam
449 1281 610 1336 punire
643 1281 955 1335 delinquentes
996 1283 1042 1322 et
1082 1291 1190 1332 erga
1224 1276 1536 1331 delinquentes
1569 1290 1641 1319 eos
1672 1290 1762 1319 non
1795 1277 1956 1331 punire

92 1356 216 1398 ultra
248 1356 539 1410 condignum.
603 1355 647 1398 Si
682 1369 787 1410 ergo
819 1368 921 1397 reus
953 1367 1097 1409 poena
1126 1353 1248 1395 iusto
1273 1351 1480 1406 graviore
1502 1350 1705 1405 punitur,
1739 1364 1816 1405 per
1839 1351 1958 1393 hunc

89 1443 260 1486 poenae
292 1443 520 1473 excessum
555 1430 690 1472 simul
721 1429 904 1472 iustitia
937 1426 1268 1471 commutativa
1300 1438 1408 1479 erga
1439 1437 1564 1467 reum
1596 1424 1807 1467 laeditur.

240 1535 272 1563 c.
308 1520 418 1562 Cum
458 1518 643 1561 iustitia
684 1518 824 1573 leqali
869 1517 1005 1559 simul
1051 1515 1251 1559 laeditur
1296 1513 1480 1556 iustitia
1528 1513 1870 1567 commutativa‚
1921 1513 1957 1555 si

93 1595 304 1650 princeps
336 1593 505 1647 iniquis
537 1592 714 1646 legibus
748 1595 793 1634 et
827 1591 1017 1634 statutis
1052 1589 1249 1632 subditis
1280 1588 1328 1630 in
1371 1587 1498 1630 bonis
1543 1601 1692 1630 eorum
1741 1588 1957 1630 damnum

93 1672 283 1713 inferat:
319 1669 491 1712 subditi
525 1668 645 1711 enim
677 1668 748 1710 ius
782 1667 992 1710 strictum
1027 1666 1197 1709 habent
1229 1663 1456 1719 exigendi,
1490 1676 1545 1706 ne
1586 1662 1698 1717 ipsis
1743 1662 1959 1704 damnum

97 1745 314 1792 bonorum
349 1757 529 1786 suorum
562 1742 802 1785 inferatur.

753 2020 1045 2081 Articulus
1085 2019 1312 2078 tertius,

812 2161 890 2198 De
930 2157 1254 2198 fortitudine.

250 2321 377 2376 249.
444 2321 590 2375 Eius
657 2322 888 2373 natura.
986 2318 1260 2369 Fortitudo
1326 2316 1518 2368 latiore
1584 2322 1635 2366 et
1700 2316 1966 2366 strictiore

100 2431 266 2465 sensu
307 2412 593 2480 accipitur.

253 2550 300 2583 α.
344 2530 561 2582 Latiore
618 2546 778 2579 sensu
833 2534 912 2577 est
965 2527 1135 2577 animi
1189 2526 1417 2576 firmitas
1475 2524 1531 2573 in
1585 2521 1965 2591 prosequendo

101 2618 246 2670 bono
287 2618 532 2669 honesto.
613 2617 734 2668 Hoc
762 2635 924 2667 sensu
952 2614 1214 2666 fortitudo
1244 2632 1354 2664 non
1383 2619 1463 2663 est
1490 2613 1666 2662 virtus
1695 2609 1965 2680 specialiS,

105 2708 200 2758 sed
242 2706 491 2758 condicio
534 2707 801 2775 cuiusque
855 2706 1074 2755 virtutis
1115 2702 1404 2772 perfectae.
1488 2698 1781 2764 Quaelibet
1821 2699 1967 2750 enim

106 2799 282 2846 virtus
322 2794 564 2864 perfecta
606 2794 819 2845 efficere
863 2793 1041 2857 debet,
1085 2799 1144 2843 ut
1183 2791 1364 2856 homo,
1411 2790 1503 2858 qui
1543 2787 1786 2857 possidet
1826 2805 1964 2854 eam,

106 2885 264 2936 firmo
308 2893 359 2935 et
401 2884 671 2934 constanti
713 2883 988 2951 proposito
1030 2882 1088 2931 in
1130 2878 1452 2931 exercendis
1493 2878 1713 2928 virtutis
1754 2875 1969 2927 actibus

96 2976 272 3025 *etiam
315 2975 372 3023 in
413 2972 690 3023 adiunctis
732 2970 1053 3022 difficilibus
1094 2975 1422 3038 perseveret.

260 3093 302 3144 b.
347 3092 628 3144 Strictiore
670 3098 722 3140 et
762 3090 980 3158 proprio
1023 3106 1184 3139 sensu
1215 3086 1474 3138 definitur
1514 3087 1689 3136 virtus
1732 3084 1973 3149 moralis,

110 3200 250 3251 quae
278 3181 555 3234 hominem
585 3179 764 3230 firmat
805 3181 861 3229 in
902 3177 1065 3229 rebus
1094 3174 1432 3240 difficilibus,
1475 3175 1795 3243 praesertim
1839 3191 1969 3225 vero

109 3273 166 3322 in
208 3268 465 3340 periculis
505 3269 693 3319 mortis
734 3266 1072 3319 sustinendis
1114 3264 1203 3315 vel
1230 3263 1588 3333 repellendis.
1875 3258 1880 3266 ⁸

260 3374 329 3415 Ex
363 3371 567 3414 doctrina
599 3384 634 3414 s.
673 3370 864 3412 Tllomae
905 3369 1040 3412 fortis
1088 3366 1357 3423 simpliciter
1406 3366 1492 3409 dici
1540 3380 1629 3409 non
1683 3369 1847 3420 potest,
1896 3365 1972 3419 qui

110 3461 264 3491 omnes
297 3446 477 3501 quidem
510 3444 644 3487 huius
677 3444 802 3487 vitae
833 3443 1066 3487 molest-ias
1098 3443 1279 3497 tolerat,
1323 3444 1513 3484 mortem
1557 3444 1709 3483 autem
1750 3438 1976 3483 sustinere

109 3526 302 3576 paratus
333 3534 422 3563 non
455 3522 536 3562 est.

1715 3585 1796 3628 18³
