2269 3898
239 160 296 205 8⁶2
774 152 832 195 Π.
868 153 934 194 De
967 150 1143 194 actibus
1177 149 1234 192 ad
1267 150 1405 192 finem
1439 148 1575 203 aptis.

389 294 437 345 2.
481 290 818 358 Aryumenta.
875 305 921 337 α.
965 284 1043 337 Ut
1083 285 1226 335 actio
1271 285 1341 334 sit
1379 282 1611 333 honesta
1652 299 1749 332 seu
1790 288 1914 332 ente
1954 281 2116 332 ratio·-

241 383 351 437 nali
395 381 578 447 digna,
622 394 732 428 non
773 375 1084 444 requiritur,
1139 380 1198 423 ut
1239 390 1455 440 semper
1496 389 1566 421 ex
1607 371 1713 422 fine
1755 372 1825 422 sit
1864 369 2114 435 honesta,

241 473 336 525 sed
378 468 597 531 sufficit,
653 473 711 516 ut
766 483 836 516 ex
890 462 1317 514 circumstantiis
1359 462 1429 511 sit
1468 459 1716 526 honesta,
1771 460 1934 511 modo
1988 458 2116 510 finis

243 580 352 614 non
395 560 464 609 sit
504 555 696 619 malm,
741 553 836 605 sed
865 553 1218 617 indifferens3
1263 551 1416 619 atqui
1445 551 1607 615 acti0,
1652 550 1809 600 cuius
1835 548 2115 600 obiectum

243 659 323 703 est
375 667 460 700 res
512 645 663 696 utilis
716 643 803 694 vel
848 640 1205 706 delectabilis,
1265 639 1361 691 sed
1416 639 1723 691 secundum
1777 639 2118 709 praescripta

241 739 471 793 rationis
512 741 814 804 temperata
856 739 1020 801 atque
1062 730 1332 795 ordinata,
1393 747 1462 779 ex
1517 728 1733 779 obiecto
1776 727 1845 779 ob
1889 729 2117 778 circum·
2189 738 2196 745 ·

242 829 472 882 stantias
529 831 609 875 est
664 830 894 874 naturae
954 819 1210 871 rationali
1273 819 1614 870 conveniens
1674 817 1910 887 ideoque
1971 816 2119 868 bona

243 928 407 989 atque
462 915 705 966 honesta.
788 911 1016 979 Semper
1073 908 1296 979 quidem
1355 908 1669 977 requiritur,
1728 915 1788 958 ut
1841 907 2004 959 homo
2062 907 2120 956 in

243 1005 556 1060 actionibus
597 1003 708 1054 suis
752 1000 1070 1052 deliberatis
1112 1006 1368 1068 operetur
1409 1006 1469 1048 ut
1502 996 1665 1050 homo
1696 1005 1748 1048 et
1774 1004 1935 1066 prout
1962 996 2121 1047 decet

245 1105 496 1149 naturam
557 1090 913 1154 rationalem,
973 1089 1064 1140 sed
1122 1089 1216 1158 qui
1265 1087 1505 1139 intendit
1558 1087 1783 1157 quidem
1833 1088 1890 1137 in
1933 1084 2119 1154 aliqua

244 1187 459 1238 actione
503 1181 924 1233 delectationem
968 1178 1058 1229 vel
1108 1177 1459 1229 commodum
1502 1185 1751 1242 naturae,
1797 1174 1892 1226 sed
1933 1182 2118 1226 tamen

246 1273 550 1326 secundum
609 1287 858 1320 normam
916 1268 1147 1319 rationis
1201 1275 1588 1336 temperatum,
1645 1283 1754 1317 non
1808 1266 1922 1334 agit
1968 1282 2120 1315 more

248 1364 552 1427 brutorum,
599 1359 694 1411 sed
736 1367 796 1409 ut
838 1377 933 1409 ens
975 1357 1261 1420 rationale,
1306 1355 1516 1408 scilicet
1551 1355 1854 1407 deliberate
1885 1363 1938 1427 et
1964 1355 2120 1405 iuxta

245 1453 647 1523 praescriptum
689 1449 933 1501 rationis.

396 1542 443 1594 b.
484 1541 677 1604 Actus,
722 1556 827 1607 quo
871 1545 1159 1588 exercetur
1191 1538 1367 1587 virtus
1416 1535 1653 1601 moraliS,
1697 1542 1777 1586 est
1816 1542 1970 1585 actus
2012 1551 2118 1584 mo—

245 1632 433 1685 raliter
480 1630 684 1681 bonus:
743 1627 1053 1693 honestum,
1107 1628 1261 1680 aits.
1315 1628 1558 1694 Thoonem,
1615 1626 1834 1695 proprie
1876 1625 1934 1675 in
1974 1623 2122 1675 idem

245 1723 478 1774 refertur
532 1738 656 1771 cum
711 1718 992 1785 virtute1);
1047 1718 1199 1786 atqui
1255 1725 1383 1768 sunt
1423 1725 1594 1783 actus,
1650 1733 1883 1786 quorum
1940 1713 2124 1765 obiec-

247 1822 364 1863 tum
407 1817 459 1861 et
498 1808 624 1859 finis
666 1816 747 1859 est
788 1807 1127 1873 indifferens,
1173 1815 1226 1857 et
1268 1808 1360 1876 qui
1405 1824 1466 1857 eo
1510 1806 1687 1858 solum
1714 1806 2126 1857 constituuntur

247 1908 402 1953 actus
456 1900 742 1965 virtutum,
798 1897 944 1966 quod
1000 1915 1131 1948 usus
1183 1915 1385 1963 rerum,
1442 1897 1536 1965 qui
1579 1897 1635 1947 in
1679 1895 2028 1946 commodum
2071 1900 2125 1944 et

250 1989 669 2042 delectationem
732 1987 1044 2056 suscipitur,
1111 1986 1261 2037 omni
1318 2004 1386 2036 ex
1445 1993 1601 2055 parte
1662 1987 1733 2036 sit
1790 1991 2126 2054 temperatus

249 2082 404 2131 iuxta
432 2096 680 2130 normam
717 2078 962 2143 rationis,
1003 2075 1313 2127 cuiusmodi
1344 2082 1423 2126 est
1453 2077 1627 2126 virtus
1655 2073 2123 2144 temperantiae2).

253 2256 370 2301 tutis
396 2255 611 2310 politicae
637 2255 790 2310 (alicui
814 2255 937 2309 loqui
961 2268 1014 2298 ex
1038 2256 1233 2310 quadam
1258 2255 1383 2298 civili
1403 2255 1611 2298 amicitia
1631 2280 1683 2284 —
1703 2258 1832 2298 actus
1855 2252 2124 2296 indifferens

250 2344 306 2374 ex
338 2332 429 2374 fine
461 2330 764 2384 indifferenti)
794 2344 884 2373 non
917 2335 987 2373 est
1020 2333 1148 2373 actus
1181 2330 1464 2385 indifferens,
1513 2330 1592 2373 sed
1623 2329 1672 2372 in
1706 2342 1753 2372 se
1785 2328 1928 2371 bonus
1962 2331 2032 2371 est
2064 2330 2124 2379 et,

250 2405 290 2449 si
325 2405 386 2448 sit
419 2404 573 2459 gratia
605 2404 896 2460 informatus,
930 2404 1018 2448 erit
1051 2405 1356 2449 meritorius“.
1407 2405 1454 2448 S.
1483 2405 1676 2448 Thomas
1708 2404 1748 2446 2.
1784 2403 1890 2446 dist.
1912 2402 1984 2445 40.
2019 2416 2059 2456 q.
2085 2402 2124 2443 1.

249 2494 290 2523 a.
324 2480 363 2524 5.
414 2479 628 2534 „Duobus
662 2479 808 2522 modis
841 2483 993 2534 potest
1026 2480 1158 2523 homo
1193 2479 1369 2534 operari
1403 2483 1589 2535 propter
1621 2478 1948 2522 sublevandam
1981 2489 2125 2520 neces-

251 2554 438 2597 sitatem
470 2557 663 2597 naturae
695 2554 767 2597 vel
802 2554 941 2597 etiam
976 2554 1173 2609 corporis
1197 2554 1594 2598 commoditatem:
1630 2553 1776 2609 primo
1801 2551 2126 2596 considerando

250 2631 392 2673 solum
429 2631 675 2672 humanam
708 2634 923 2673 naturam
955 2634 1010 2673 ut
1042 2629 1302 2685 animalem,
1349 2631 1438 2673 alio
1472 2631 1605 2673 modo
1639 2628 1964 2673 considerando
1996 2628 2123 2671 illam

253 2704 393 2747 etiam
427 2708 481 2746 ut
513 2704 799 2760 rationalem,
842 2705 960 2759 quod
993 2706 1065 2759 fit,
1099 2706 1279 2759 quando
1314 2706 1371 2748 ad
1408 2705 1687 2760 operandum
1720 2707 1907 2759 propter
1939 2715 2126 2746 commo-

253 2779 448 2821 ditatem
483 2782 676 2822 naturae
709 2779 899 2823 adhibet
931 2780 1064 2822 homo
1096 2779 1289 2823 rationis
1323 2781 1530 2835 regulam
1565 2783 1611 2823 et
1643 2779 1819 2822 iudicat
1851 2778 1980 2821 illam
2014 2790 2127 2820 com-

254 2853 523 2896 moditatem
559 2853 644 2895 sibi
678 2867 774 2898 esse
806 2854 1150 2898 convenientem
1199 2854 1338 2898 etiam
1383 2859 1438 2898 ut
1481 2854 1660 2898 ratione
1707 2854 1933 2909 regulato.
1997 2851 2128 2895 Prior

252 2940 361 2982 ergo
394 2928 553 2969 modus
585 2941 674 2970 non
708 2927 884 2971 sufficit
916 2928 974 2971 ad
1007 2917 1293 2972 honestatem
1337 2929 1546 2972 actionis.
1612 2928 1658 2972 Si
1706 2931 1862 2972 autem
1912 2930 2127 2982 operatur

253 3002 447 3045 secundo
481 3002 626 3055 modo,
659 3002 707 3044 id
741 3003 853 3045 satis
887 3006 956 3046 est
989 3004 1046 3046 ad
1079 3003 1366 3047 honestatem
1400 3003 1638 3047 actionis“.
1703 3003 1886 3046 Suara&
1927 3001 1976 3044 in
2011 3001 2049 3044 1.
2084 3000 2125 3043 2.

253 3080 311 3118 tr.
346 3076 416 3118 33.
453 3075 566 3130 disp.
601 3076 641 3118 9.
676 3081 781 3119 sect.
818 3075 856 3118 3.
890 3091 934 3119 n.
970 3078 1011 3119 9.
1054 3077 1255 3132 „Vocare
1288 3079 1484 3122 solemus
1516 3077 1840 3122 recreationem
1873 3077 2128 3130 honestam,

254 3151 381 3193 lusus
405 3151 618 3193 honestos
642 3155 741 3205 etc⁸>
765 3156 989 3205 quatenus
1012 3152 1060 3195 in
1083 3165 1235 3195 eorum
1261 3153 1640 3208 delectabilitate,
1672 3165 1786 3208 quae
1815 3155 1886 3196 est
1913 3150 2033 3195 ratio
2055 3163 2127 3194 vo—

254 3224 378 3267 lendi
411 3227 456 3268 et
481 3223 706 3268 obiectum
733 3227 921 3270 formale
943 3227 1108 3270 talium
1133 3232 1335 3284 actuum,
1359 3242 1573 3272 mensura
1596 3243 1623 3272 a
1644 3228 1822 3272 ratione
1844 3225 2128 3283 praescripta

256 3307 478 3352 servatur,
503 3304 549 3342 et
567 3299 621 3342 ob
643 3300 757 3343 hanc
781 3314 1038 3344 mensuram
1062 3308 1290 3347 servatam
1315 3305 1506 3349 honesta
1527 3303 1869 3349 nominantur“.
1899 3299 2129 3344 Mastrins

256 3372 286 3415 l.
323 3375 358 3417 1.
396 3374 509 3428 disp.
544 3374 584 3419 ὃ,
619 3388 659 3429 q.
694 3374 734 3416 4.
768 3389 807 3417 a.
841 3376 880 3417 4.
915 3390 958 3418 n.
996 3377 1093 3420 196.

415 3448 446 3501 ⁵)
480 3447 663 3490 Summa
697 3449 756 3492 Π.
790 3448 849 3494 ΙΙ.
885 3463 924 3504 q.
960 3450 1057 3495 145.
1092 3465 1129 3494 a.
1166 3453 1203 3494 1.

408 3519 441 3575 2)
476 3521 519 3563 S.
561 3522 752 3565 Thomas
783 3522 835 3565 ΙΙ.
869 3523 919 3566 ΙΙ.
956 3538 995 3579 q.
1032 3525 1130 3567 141.
1165 3540 1203 3569 a.
1239 3527 1278 3570 6.
1330 3527 1396 3570 Cf.
1432 3527 1572 3571 etiam
1606 3527 1640 3570 I.
1676 3527 1737 3572 ΙΙ.
1771 3541 1811 3582 q.
1845 3526 1915 3570 64.
1950 3539 1988 3569 a.
2025 3526 2065 3569 1.
