2269 3898
742 181 809 223 De
830 155 1019 224 'actibus
1051 181 1310 225 meritoriis.
1898 185 1953 227 97

87 312 164 363 sed
200 326 241 354 α.
275 311 382 366 quia
415 312 515 355 vita
562 313 923 367 supernaturalis
970 326 1070 356 cum
1111 314 1203 357 fide
1243 314 1408 370 incipit
1452 318 1498 358 et
1541 329 1567 358 a
1600 316 1690 358 fide
1735 316 1956 370 dependet

84 389 247 440 utpote
289 400 316 429 a
362 386 622 430 condicione
672 387 925 442 gratiarum
975 388 1245 441 actualium;
1295 391 1335 439 β.
1385 389 1490 443 quia
1538 391 1651 433 fides
1698 396 1851 433 movet
1898 391 1956 433 ad
2001 424 2007 430 .

85 473 220 515 opera
252 460 368 503 bona
400 462 647 504 exercenda
681 466 727 504 et
760 462 843 504 hac
874 461 1050 504 ratione
1092 463 1150 505 ad
1192 462 1568 507 iustificationem
1603 465 1954 508 conservandam

83 538 220 590 atque
252 535 507 590 augendam
541 535 779 578 concurrit.

840 773 1113 784 mmmm—xnssxv
1121 774 1153 784 χ
1184 782 1193 783 7

678 1071 1017 1155 Quaestio
1068 1074 1353 1153 quarta.

465 1225 567 1278 De
626 1224 986 1277 actibus
1042 1224 1555 1278 meritoriis.

734 1384 1028 1441 Articulus
1068 1385 1303 1456 primus..

655 1522 749 1560 De
797 1522 1067 1560 natura
1114 1521 1380 1560 meriti.

229 1667 324 1721 82.
380 1668 687 1721 Definitio.
769 1668 1020 1718 Meritum
1073 1666 1346 1734 abstracte
1401 1668 1810 1720 consideratum
1871 1678 1952 1722 est

79 1756 171 1809 illa
224 1759 458 1808 actionis
514 1757 789 1808 humanae
846 1758 1176 1831 proprietas,
1233 1759 1288 1807 vi
1347 1759 1504 1818 cuius
1560 1760 1802 1826 praemio
1858 1758 1951 1812 ivel

79 1864 257 1916 poena
299 1845 468 1914 digna,
511 1854 617 1903 est:
674 1848 816 1897 actio
872 1828 1018 1897 enim
1067 1846 1213 1897 bona
1256 1848 1312 1897 in
1355 1847 1679 1916 obsequium
1725 1848 1950 1900 alterius

80 1935 226 1987 facta
270 1935 439 2004 digna
482 1945 562 1987 est
602 1937 866 2005 praemio,
909 1938 1050 1987 actio
1095 1954 1225 1987 vero
1270 1935 1430 1998 mala⁷
1488 1955 1629 2006 quae
1684 1938 1739 1988 in
1792 1938 1952 1989 detri-

80 2032 328 2076 mentum
371 2024 595 2077 a-lterius
639 2026 799 2089 cedit,
847 2026 1014 2094 digna,
1056 2032 1137 2077 est
1177 2043 1369 2094 poena.
1430 2025 1688 2076 Meritum
1719 2036 1952 2078 concrete

81 2115 488 2166 consideratum
533 2124 612 2166 est
653 2133 788 2185 opus
832 2117 1074 2184 praemio
1118 2114 1205 2165 vel
1246 2133 1424 2183 poena
1466 2114 1712 2182 dignum.
1772 2115 1950 2167 Ratio-

80 2223 205 2255 nem
249 2222 376 2272 ergo
431 2206 610 2255 meriti
666 2204 889 2274 aliquod
945 2222 1082 2273 opus
1139 2222 1199 2255 eo
1256 2204 1440 2270 habet,
1496 2204 1643 2273 quod
1697 2205 1843 2256 cedit
1895 2207 1951 2257 in

79 2293 286 2345 bonum
330 2294 419 2346 vel
461 2293 854 2345 detrimentum
896 2293 1133 2345 alterius.
1194 2293 1452 2344 Meritum
1497 2293 1831 2366 theoloqicztm
1873 2301 1954 2345 est

79 2401 231 2452 opus,
288 2383 434 2452 quod
492 2400 675 2434 coram
718 2385 831 2434 Deo
886 2386 1130 2452 praemio
1189 2382 1276 2433 vel
1333 2401 1510 2451 poena
1566 2383 1796 2451 dignum
1840 2391 1948 2448 est3

79 2474 319 2541 pressius
373 2479 557 2523 autem
614 2474 870 2523 meritum
923 2471 1294 2539 theologicum
1349 2471 1485 2523 illud
1541 2472 1758 2539 dicitur,
1803 2471 1950 2541 quod

79 2579 149 2613 ex
188 2561 526 2613 revelatione
570 2564 826 2613 novimus
872 2570 924 2612 et
964 2562 1033 2612 ad
1076 2561 1242 2612 finem
1285 2561 1758 2629 supernaturalem
1802 2564 1950 2612 vitae

79 2659 336 2703 aeternae
378 2652 630 2718 refertur7
675 2652 742 2703 de
784 2670 889 2721 quo
934 2651 1121 2702 valent
1163 2650 1360 2710 verba:
1402 2650 1588 2701 reddet
1629 2651 1764 2700 enim
1805 2651 1949 2700 Deus

78 2742 354 2810 unicuique
394 2742 676 2792 secundum
717 2759 882 2811 opera
921 2742 1097 2797 eius&

227 2829 419 2873 Bonitas
455 2831 526 2873 vel
559 2829 741 2873 malitia
774 2830 958 2873 moralis
999 2834 1128 2873 actus
1169 2828 1370 2881 humani,
1420 2832 1555 2883 prout
1598 2828 1647 2870 in
1687 2826 1949 2882 obsequium

78 2904 150 2947 vel
195 2905 414 2947 offensam
459 2904 542 2947 Dei
584 2904 718 2958 cedit,
764 2908 833 2947 est
877 2918 1015 2947 cansa
1060 2903 1233 2956 meriti3
1283 2902 1535 2958 praemium
1578 2903 1650 2945 vel
1695 2915 1838 2957 poena
1880 2906 1949 2945 est

79 2978 232 3021 meriti
274 2979 476 3034 effectus.
543 2977 640 3021 Usu
686 2978 940 3033 theologico
980 2978 1195 3022 meritum
1236 2980 1365 3021 actus
1409 2975 1513 3019 boni
1546 2975 1846 3019 communiter
1876 2988 1949 3018 no·
2011 2986 2020 2996 ·

78 3051 200 3095 mine
238 3052 395 3094 meriti
434 3051 736 3109 intelligitur,
781 3067 881 3096 cum
922 3052 1136 3096 meritum
1178 3056 1307 3095 actus
1350 3051 1459 3094 mali
1493 3050 1647 3106 potius
1680 3050 1948 3093 demeritum

78 3125 229 3168 vocari
262 3126 419 3171 soleat.

229 3273 324 3327 83.
366 3274 626 3330 Divisio.
670 3296 717 3329 α.
749 3276 1010 3327 Meritum
1041 3274 1310 3326 dividitur
1337 3275 1394 3325 in
1420 3273 1667 3356 naturale
1695 3281 1746 3322 et
1773 3290 1948 3341 super-

78 3363 344 3430 naturale,
388 3372 552 3432 prout
592 3364 881 3416 ordinatur
920 3364 990 3415 ad
1033 3365 1340 3434 praemium
1383 3362 1649 3428 naturale,
1700 3360 1848 3430 quod
1888 3361 1947 3412 in

229 3541 262 3598 1)
296 3543 425 3586 Rom.
459 3543 500 3596 2,
533 3543 575 3585 6.
637 3543 803 3585 Matth.
839 3542 909 3597 16,
941 3542 1012 3585 27.

169 3632 261 3663 Nol
277 3634 386 3674 din,
412 3634 469 3663 De
493 3633 705 3672 principiis.
1740 3612 1764 3654 7
