2269 3898
264 123 351 167 352
1034 123 1173 166 Index
1205 136 1370 168 rerum.

383 258 545 312 tuplex
576 257 657 308 sit;
693 270 914 312 quaenam
938 256 1138 300 virtutes
1160 255 1360 299 habeant
1382 256 1582 300 medium
1607 270 1662 301 ex
1684 261 1816 313 parte
1841 258 2006 303 obiecti
2028 260 2138 314 2313

382 345 525 375 nexus
557 331 785 374 virtutum
820 331 920 373 232.

263 405 460 449 Virtutes
492 406 716 448 morales:
751 418 865 459 quae
887 405 982 448 sint
1005 405 1116 459 2303
1151 405 1322 449 habent
1353 405 1553 448 medium
1589 419 1643 448 ex
1675 410 1807 461 parte
1838 406 2001 450 obiecti
2025 407 2136 460 231;

384 493 537 522 earum
570 493 714 523 nexus
747 479 859 534 2323
894 480 1015 523 unde
1049 480 1316 522 desumatur
1347 492 1501 522 earum
1527 479 1764 524 distinctio
1800 482 2013 536 specifica
2034 482 2134 524 233.

294 579 347 582 —
383 553 672 596 cardinales:
699 558 809 609 quot
827 557 873 596 et
891 566 1005 609 quae
1023 553 1118 596 sint
1135 553 1242 606 2343
1268 566 1423 596 earum
1443 553 1669 597 obiectum
1689 558 1734 599 et
1755 555 2011 599 subiectum
2029 555 2137 609 234;

382 627 629 682 tripliciter
661 627 937 672 considerari
969 631 1160 683 possunt
1193 627 1299 681 2363
1336 641 1489 672 earum
1523 634 1677 684 partes
1711 643 1913 673 annexae
1947 630 2048 673 235.

293 726 346 730 ——
382 703 790 757 supernaturales:
822 716 931 745 num
956 702 1051 746 sint
1076 703 1130 745 17
1145 715 1153 755 3
1190 716 1305 757 quae
1328 703 1422 746 sint
1446 704 1516 746 18.
1545 704 1621 755 19;
1658 704 1767 759 quid
1793 708 2040 759 operentur
2056 705 2137 758 :20;

381 777 602 830 quomodo
637 777 855 821 differant
887 778 943 820 ab
976 776 1214 832 acquisitis
1247 777 1318 821 20.

292 876 347 880 —
381 851 681 908 tlzeoloffl'eae:
724 852 833 907 quid
874 852 968 896 sint
1007 857 1053 896 et
1092 856 1204 907 quot
1246 852 1355 907 sint,
1399 852 1579 906 quando
1623 857 1884 908 augeantur
1917 857 1964 897 et
2004 852 2135 897 amit--

379 930 541 969 tantur
574 929 642 970 18.

263 999 585 1045 voluntarium:
629 1001 738 1056 quid
783 1001 845 1044 sit
887 1001 964 1054 293
1013 1001 1170 1045 differt
1203 1015 1230 1044 a
1261 1001 1420 1057 volito,
1465 1006 1730 1057 spontaneo,
1771 1001 1913 1046 libero
1947 1002 2018 1045 29.
2053 1003 2140 1055 30;

381 1076 632 1130 quotuplex
673 1076 735 1118 sit
775 1076 853 1129 303
898 1075 1212 1119 voluntarium
1257 1077 1505 1120 secundum
1554 1076 1664 1131 quid
1706 1080 1776 1120 est
1820 1077 2136 1120 voluntarium

379 1150 632 1203 perfectum
667 1151 744 1203 30;
790 1163 899 1193 num
944 1150 1090 1205 possit
1133 1163 1229 1193 esse
1260 1151 1574 1194 voluntarium
1615 1164 1728 1206 pure
1760 1151 2033 1206 negativum
2066 1152 2140 1195 32.

292 1248 346 1252 —
381 1224 424 1266 in
460 1238 624 1267 causa:
658 1224 767 1279 quid
802 1224 864 1267 sit
896 1224 973 1278 333
1007 1238 1117 1267 num
1151 1225 1311 1280 agenti
1344 1225 1602 1280 imputetur
1632 1225 1713 1277 343
1750 1225 1832 1269 sub
1857 1225 2020 1280 quibus
2042 1239 2140 1269 eon-

382 1297 635 1342 dieionibus
668 1299 748 1351 353
785 1299 965 1353 quando
998 1298 1256 1354 imputetur
1288 1300 1479 1342 effeetus
1512 1300 1660 1342 malus
1693 1300 1764 1345 36.

261 1372 481 1420 Vomitus:
514 1387 623 1417 num
657 1378 894 1428 peecatum
929 1387 1069 1429 grave
1103 1374 1164 1416 sit
1197 1374 1427 1417 comedere
1459 1387 1601 1429 usque
1634 1374 1692 1417 ad
1725 1374 1952 1418 vomitum
1986 1374 2087 1418 305.
