2269 3898
648 128 713 171 De
747 127 1042 171 dissolutione
1076 128 1368 172 matrimonii.
1854 132 1937 173 187

225 261 272 312 3.
332 260 489 312 Haec
542 260 792 311 adiuncta
850 260 1074 312 divortii
1128 270 1349 330 propter
1402 261 1733 313 adulterium
1791 264 1936 314 insti-

74 349 265 399 tuendi
308 348 549 399 notanda
591 355 742 400 sunt:

224 457 271 489 α.
329 437 463 488 Pars
503 438 767 488 innocens
807 445 999 506 potest,
1055 438 1149 489 sed
1191 457 1298 489 non
1341 447 1557 490 tenetur
1597 449 1807 508 partem
1850 441 1937 491 ad-

76 525 308 577 ulteram
371 526 671 589 dimittere,
734 533 786 576 et
837 534 958 594 post
1017 526 1316 577 divortium
1380 529 1545 578 etiam
1607 528 1940 579 iudicialiter

72 614 278 665 factum
323 632 442 666 eam
484 632 697 682 semper
750 632 1011 666 revocare
1066 623 1272 683 potest:
1331 615 1630 667 divortium
1684 618 1830 668 enim
1884 619 1936 667 in

74 705 191 754 eius
230 702 474 754 favorem
518 702 726 754 factum
768 711 862 768 est,
905 704 992 754 cui
1034 703 1211 754 favori
1253 705 1372 773 ipsa
1401 707 1717 757 renuntiare
1746 714 1937 774 potest.

223 790 368 844 Quare
408 804 512 845 pars
553 792 763 835 adultera
805 806 885 836 nec
926 791 1192 847 religionem
1236 793 1416 847 ingredi
1458 807 1539 837 nec
1581 808 1727 838 sacros
1762 795 1939 838 ordines

75 865 299 920 suscipere
333 869 508 920 potest;
543 865 580 908 si
614 871 769 909 tamen
801 879 906 921 pars
938 866 1151 909 innocens
1186 870 1359 910 statum
1394 867 1544 922 eligit,
1578 868 1654 922 qui
1688 869 1811 912 vitae
1844 882 1938 912 con-

71 939 241 994 iugalis
274 939 664 983 continuationem
698 940 1023 995 impossibilem
1058 941 1235 995 reddat,
1279 941 1417 984 etiam
1463 956 1566 996 pars
1612 956 1687 986 rea
1720 943 1938 986 eiusmodi

72 1018 245 1056 statum
280 1013 446 1068 eligere
479 1017 643 1068 potest.

222 1089 266 1140 b.
324 1089 380 1140 Si
435 1089 778 1157 separatione
825 1090 1086 1158 privatim
1141 1089 1287 1140 facta
1334 1108 1460 1159 pars
1509 1092 1772 1142 innocens
1821 1093 1939 1159 ipsa

72 1176 403 1228 adulterium
434 1178 740 1244 committit,
779 1177 847 1228 ad
883 1185 1094 1245 partem
1123 1186 1474 1230 revocantem
1501 1180 1679 1231 redire
1707 1187 1936 1231 tenetur.

73 1266 130 1318 Si
190 1265 336 1317 facta
397 1267 740 1335 separatione
800 1267 1034 1317 iuridica
1100 1285 1226 1335 pars
1284 1268 1549 1320 innocens
1610 1270 1728 1338 ipsa
1786 1268 1938 1338 lapsa

71 1355 250 1423 fuerit,
296 1374 405 1407 non
448 1362 664 1406 tenetur
705 1355 929 1424 quidem
970 1355 1148 1406 redire
1190 1356 1261 1407 ad
1304 1365 1639 1426 compartem
1680 1376 1937 1409 revocan-

70 1454 196 1511 tem,
242 1446 371 1514 quia
412 1462 507 1513 per
549 1445 878 1495 sententiam
920 1444 1121 1496 iudicis
1162 1444 1379 1496 adulter
1404 1447 1512 1497 iam
1544 1446 1807 1516 spoliatus
1836 1447 1940 1498 fuit

71 1534 217 1584 omni
273 1534 390 1584 iure
442 1534 742 1585 revocandi
799 1535 1178 1593 innocentem;
1237 1542 1480 1586 attamen
1542 1536 1938 1587 consulendum

72 1631 165 1689 est7
208 1630 268 1673 ut
309 1622 773 1673 cohabitationem
815 1632 1137 1675 restaurent.

222 1762 353 1817 17⁴4.
395 1763 699 1817 Haeresis.
757 1767 801 1817 1.
845 1764 1061 1832 Lapsus
1104 1766 1267 1816 unius
1303 1766 1552 1834 coniugis
1581 1767 1637 1817 in
1667 1765 1935 1817 haeresim

74 1852 160 1903 vel
210 1854 545 1922 apostasiam
599 1871 630 1903 a
683 1852 792 1903 fide
846 1852 1001 1904 alteri
1055 1854 1193 1920 parti
1250 1852 1344 1904 dat
1392 1856 1476 1905 ius
1531 1873 1586 1906 se
1628 1854 1936 1924 separandi,

71 1942 238 2011 idque
281 1960 389 1993 non
431 1950 544 1993 tam
585 1951 808 2010 propter
859 1943 1228 2011 perversionis
1283 1943 1606 2012 periculum,
1662 1962 1827 2013 quam
1883 1945 1937 1994 in

70 2049 304 2100 poenam
346 2030 684 2082 infidelitatis
726 2038 778 2081 et
819 2032 875 2082 in
918 2030 1195 2082 horrorem
1242 2034 1379 2083 tanti
1423 2032 1732 2101 criminisl).

220 2121 269 2173 2.
313 2119 370 2172 Si
407 2122 463 2171 in
493 2139 622 2171 casu
652 2119 894 2172 haeresis
924 2121 1223 2172 divortium
1254 2140 1350 2191 per
1379 2123 1708 2173 sententiam
1737 2122 1937 2173 iudicis

69 2209 276 2261 factum
330 2218 426 2275 est,
481 2208 632 2261 nulla
681 2217 761 2260 est
810 2209 1071 2278 obligatio
1125 2211 1431 2279 recipiendi
1473 2210 1842 2277 emendatum,
1886 2217 1938 2261 et

70 2299 301 2368 proinde
355 2318 480 2367 pars
535 2300 800 2350 innocens
857 2299 1072 2368 ingredi
1134 2308 1310 2369 potest
1367 2299 1688 2368 religionem
1746 2307 1798 2350 et
1854 2301 1939 2351 vir

69 2390 346 2458 suscipere
387 2407 569 2440 sacros
610 2389 858 2455 ordines;
902 2388 1096 2458 quodsi
1135 2391 1406 2458 separatio
1437 2389 1580 2440 facta
1609 2397 1688 2440 est
1717 2390 1937 2458 propria

69 2480 411 2542 auctoritate,
468 2496 593 2547 pars
647 2479 913 2529 innocens
968 2479 1260 2546 coniugem
1314 2480 1559 2547 recipere
1607 2485 1839 2544 tenetur,
1891 2479 1934 2528 si

69 2565 160 2619 hic
200 2570 398 2619 iterum
441 2576 809 2620 convertatur.

219 2709 347 2763 175.
390 2709 628 2763 Mutuus
672 2723 1019 2764 consensus.
1076 2712 1118 2763 1.
1147 2709 1465 2760 Divortium
1494 2710 1566 2761 ad
1595 2717 1790 2779 tempus
1821 2710 1937 2760 sive

70 2797 295 2850 brevius
348 2800 465 2850 sive
516 2798 734 2867 longius
791 2818 859 2850 ex
916 2807 1107 2850 mutuo
1165 2817 1449 2865 consenSU‚
1506 2799 1551 2850 si
1603 2797 1748 2849 adsit
1795 2799 1937 2849 iusta

72 2906 238 2939 causa
280 2906 324 2942 e.
355 2907 405 2957 g.
437 2887 670 2939 alicuius
709 2889 933 2956 negotii⁷
975 2887 1124 2939 licite
1161 2888 1277 2939 fieri
1318 2896 1496 2957 potest
1536 2887 1605 2939 ad
1648 2887 1936 2938 arbitrium

71 2979 385 3046 coniugum.

220 3067 268 3120 2.
314 3067 633 3118 Divortium
666 3074 978 3136 perpetuum
1019 3084 1088 3116 ex
1131 3073 1320 3117 mutuo
1364 3084 1634 3117 consensu
1670 3066 1739 3117 ab
1770 3065 1933 3117 eccle-

70 3157 150 3207 sia
203 3157 537 3225 permittitur
585 3157 640 3206 in
685 3154 893 3224 duplici
936 3173 1083 3222 casti,
1135 3156 1180 3206 si
1221 3154 1481 3206 alteruter
1522 3156 1818 3225 coniugum
1860 3172 1934 3205 re·

69 3245 330 3314 ligionem
373 3244 590 3313 ingredi
631 3252 725 3296 aut
768 3246 851 3296 vir
892 3259 1075 3296 sacros
1117 3245 1336 3295 ordines
1374 3246 1651 3313 suscipere
1680 3243 1932 3309 intendit,

71 3352 196 3384 cum
239 3334 512 3385 Dominus
554 3334 728 3385 dicat:
780 3333 976 3399 Omnia,
1019 3333 1108 3402 qui
1145 3333 1418 3402 reliquerit
1456 3352 1664 3384 uxorem
1711 3377 1932 3386 .....

224 3479 259 3537 ¹)
292 3481 337 3524 O.
373 3480 609 3534 Quaesivit
642 3482 668 3524 2
701 3481 746 3525 O.
780 3482 847 3524 De
878 3481 959 3524 illa
992 3482 1018 3524 6
1051 3482 1123 3524 De
1156 3481 1363 3524 divortiis
1393 3481 1484 3534 (IV.
1521 3480 1606 3533 19).
