2269 3898
739 174 806 217 De
840 173 1134 216 distinctione
1167 177 1467 227 peccatorum.
1947 172 2031 213 299

317 310 365 362 2.
409 308 650 359 Positive.
734 327 781 359 α.
825 307 1093 357 Imminuit
1130 305 1400 374 fervorem
1452 306 1714 356 caritatis.
1795 304 2034 354 Fervore

166 399 412 449 caritatis
465 397 786 462 designatur
827 413 936 446 non
980 394 1152 445 solum
1196 395 1531 462 promtitudo
1574 401 1626 444 et
1666 390 1902 443 facilitas
1945 391 2034 441 eli-

167 486 348 537 ciendi
405 493 559 536 actus
615 483 891 534 ferventes
933 484 1192 547 caritatiS,
1252 483 1345 533 sed
1398 485 1562 533 etiam
1604 480 1941 550 promtitudo
1985 490 2036 531 et

166 574 402 626 facilitas
445 571 740 624 exercendi
770 579 923 622 actus
951 572 1329 640 cuiuscunque
1371 572 1590 622 virtutis
1631 570 1752 639 plus
1781 571 2034 620 minusve

167 666 435 714 intensos:
480 680 576 730 per
615 669 770 712 actus
797 661 943 711 enim
973 661 1241 711 Virtutum
1267 660 1444 711 fervet
1473 661 1671 710 caritas
1713 661 1768 709 in
1811 658 2034 709 homine

166 753 323 805 iuste.
364 750 484 802 Iam
528 768 656 801 vero
700 768 824 799 cum
866 757 1158 818 peccatum
1202 748 1418 799 veniale
1460 748 1726 817 impediat
1768 755 1819 798 et
1860 747 2036 797 immi-

165 849 301 892 nuat
340 841 665 891 exercitium
708 841 992 904 virtutum,
1038 857 1097 889 eo
1141 839 1258 907 ipso
1289 839 1568 888 imminuit
1597 837 1869 887 fervorem
1903 836 2034 886 cari-

164 929 319 994 tatis3
363 938 415 979 et
457 947 582 978 cum
610 928 812 979 fervori
841 936 1150 996 opponatur
1179 926 1455 996 tepiditas,
1499 934 1788 995 peccatum
1820 923 2034 975 veniale

167 1017 369 1069 dicitur
408 1017 654 1068 inducere
696 1016 1042 1086 tepiditatem.

316 1129 361 1181 b.
402 1130 612 1180 I'nclucit
649 1137 853 1179 reatum
893 1126 1110 1196 culpae:
1150 1145 1279 1178 nam
1310 1128 1475 1178 etiam
1503 1133 1792 1195 peccatum
1818 1122 2035 1174 veniale

166 1219 286 1270 Deo
324 1219 552 1287 praebet
592 1220 792 1269 iustam
835 1235 1058 1268 causam
1102 1215 1483 1285 displicentiae
1527 1223 1579 1266 et
1618 1214 2034 1282 indignationis,

166 1326 308 1376 quae
350 1316 533 1358 tamen
575 1307 878 1357 amicitiam
921 1306 1170 1357 divinam
1214 1324 1324 1356 non
1367 1305 1544 1357 solvit.

314 1431 354 1464 c.
397 1411 609 1461 Inducit
658 1419 861 1461 reatum
891 1429 1118 1479 poenae,
1180 1428 1288 1460 non
1348 1408 1571 1478 quidem
1633 1408 1837 1472 damni,
1897 1423 2036 1474 quae

164 1499 460 1568 respondet
500 1511 745 1567 peccato,
807 1507 968 1567 prout
1025 1505 1105 1549 est
1165 1499 1379 1548 aversio
1438 1516 1468 1548 a
1512 1497 1647 1563 Deo,
1712 1496 1807 1547 sed
1864 1494 2037 1546 solum

165 1607 400 1657 poenam
443 1606 633 1639 sensus
674 1589 731 1639 in
774 1588 1090 1656 purgatorio
1133 1586 1410 1638 luendam.

319 1699 368 1751 d.
424 1699 514 1749 Ad
554 1711 829 1769 peccatum
883 1698 1100 1749 mortale
1145 1697 1416 1767 pau-latim
1458 1697 1709 1766 disponit,
1773 1714 1833 1747 eo
1895 1696 2043 1765 quod

165 1789 397 1839 virtutes
439 1790 726 1857 acquisitas
771 1787 1039 1854 debilitat,
1094 1795 1274 1838 motus
1329 1787 1810 1855 concupiscentiae
1864 1785 2040 1853 magis

167 1879 372 1928 excitat
428 1896 492 1928 ac
547 1877 771 1928 tandem
829 1876 1016 1940 efficit,
1074 1885 1134 1926 ut
1174 1878 1330 1926 Deus
1384 1877 1667 1943 graviores
1709 1876 2040 1925 tentationes

169 1967 451 2035 permittat
492 1975 545 2017 et
583 1968 788 2035 gratias
829 1965 1071 2016 actuales
1113 1967 1288 2016 rarius
1331 1964 1614 2016 concedat.

318 2160 447 2213 274.
492 2159 883 2214 Condiciones
924 2159 1156 2226 peccati
1196 2158 1469 2211 venialis.
1546 2158 1730 2208 Etiam
1759 2156 1828 2207 ad
1852 2175 2038 2225 pecca-

169 2256 286 2298 tum
329 2248 547 2299 veniale
603 2248 1050 2298 constituendum
1106 2248 1212 2298 tria
1263 2249 1647 2316 requiruntur:
1709 2267 1755 2299 α.
1814 2247 2037 2297 materia

168 2337 355 2406 aliqua
414 2337 606 2388 saltem
662 2336 818 2401 levis,
881 2355 975 2387 seu
1031 2336 1122 2387 lex
1179 2335 1369 2387 saltem
1429 2336 1528 2386 sub
1587 2335 1697 2386 levi
1756 2334 2037 2402 obligans,

170 2426 215 2477 b.
260 2427 589 2477 advertentia
616 2427 802 2476 mentis
831 2425 1022 2476 saltem
1052 2424 1353 2494 semiplena
1383 2424 1452 2475 ad
1484 2424 1751 2476 malitiam
1781 2426 2035 2486 actionis3

170 2535 210 2568 c.
261 2534 539 2566 consensus
580 2514 880 2565 voluntatis
933 2513 1123 2565 saltem
1168 2513 1503 2582 semiplenus
1545 2515 1600 2564 in
1647 2514 1915 2565 malitiam
1958 2532 2040 2563 ac-

169 2605 348 2656 tioniS.

321 2721 361 2748 α.
395 2706 601 2761 Peccata,
636 2720 749 2760 quae
782 2721 882 2750 cum
926 2706 1176 2761 semiplena
1224 2707 1514 2750 advertentia
1561 2712 1607 2749 et
1656 2706 1901 2760 semipleno
1945 2719 2041 2748 con-

173 2793 306 2823 sensu
339 2780 706 2835 committuntur,
731 2785 917 2835 peccata
939 2781 1308 2824 semideliberata
1334 2780 1421 2823 dici
1442 2782 1602 2833 solent,
1636 2794 1749 2835 quae
1773 2794 1878 2835 ergo
1902 2780 2040 2823 etiam

169 2854 218 2897 in
250 2854 444 2897 materia
476 2854 606 2909 gravi
642 2869 699 2897 ex
732 2855 1070 2912 imperfectione
1104 2858 1231 2898 (cetus
1263 2855 1463 2898 venialia
1495 2860 1614 2898 sunt.

327 2944 363 2993 β.
400 2944 590 2986 Peccata
623 2943 942 2996 indeliberata,
975 2944 1012 2987 si
1045 2945 1154 2988 haec
1186 2958 1274 2987 vox
1307 2945 1465 2987 stricte
1498 2944 1764 2998 accipiatur,
1804 2957 1910 2986 vera
1949 2956 2042 2998 pec-

171 3022 274 3061 cata
307 3031 400 3061 esse
432 3031 521 3060 non
554 3022 766 3072 possunt;
818 3019 977 3073 quodsi
1010 3023 1165 3062 tamen
1197 3019 1316 3062 ratio
1359 3019 1532 3073 peccati
1581 3018 1645 3062 eis
1692 3018 1927 3071 tribuitur,
1974 3017 2043 3059 ita

172 3091 347 3147 concipi
382 3091 559 3145 debent,
593 3099 676 3147 „ut
705 3092 807 3147 ipsa
838 3093 972 3148 actio,
1007 3106 1120 3147 quae
1152 3097 1386 3148 peccatum
1421 3093 1749 3147 denominetur,
1782 3092 1829 3135 in
1864 3105 1908 3134 se
1941 3105 2040 3134 cum

172 3167 302 3209 nulla
335 3165 625 3209 advertentia
655 3167 781 3209 facta
813 3166 874 3209 sit
905 3168 976 3220 <ut
1009 3167 1246 3210 distractio
1279 3167 1327 3209 in
1370 3165 1609 3222 oratione),
1654 3167 1730 3210 sed
1775 3180 1828 3209 ex
1871 3178 2042 3220 praece-

173 3239 299 3282 denti
343 3239 496 3293 aliqua
537 3240 825 3295 negligentia
866 3241 1132 3296 p1·odierit“,
1173 3241 1282 3284 adeo
1326 3245 1380 3284 ut
1420 3241 1537 3284 actio
1570 3255 1660 3284 non
1692 3241 1740 3283 in
1773 3254 1832 3295 se,
1877 3240 1953 3282 sed
1993 3239 2042 3281 in

175 3327 310 3357 causa
341 3318 575 3369 peccatum
609 3313 721 3367 sit¹).

329 3521 357 3576 ¹>
390 3521 649 3564 Lelcmhnltl
678 3521 713 3563 Ι.
748 3535 791 3563 n.
825 3522 924 3564 2⁶21.
