2269 3898
703 96 770 139 De
802 95 1051 140 cessatione
1084 96 1390 152 obligationis.
1893 101 1977 144 187

105 241 207 272 eam
243 227 515 283 simpliciter
547 230 757 272 aufertur
780 228 1002 284 obligatio
1025 230 1138 285 voti,
1172 244 1259 285 qua
1282 231 1438 276 ablata
1460 231 1669 276 ulteriori
1688 233 1980 278 matrimonio

102 302 220 346 nihil
254 302 420 346 obstat.

253 450 382 505 165.
411 451 884 506 Renuntiatione
908 451 1266 520 dispensati.
1297 473 1345 506 α.
1368 455 1979 524 Dispensationifactae

104 539 339 610 quilibet
377 542 695 592 renuntiare
736 549 930 610 potest,
973 543 1079 594 nisi
1121 544 1456 611 renuntiatio
1516 545 1676 596 cedat
1732 546 1788 597 in
1831 546 1979 598 dam-

106 648 256 705 111113]θ
282 630 546 694 ἓῌρζηῑιις
592 640 651 682 ut
692 639 876 682 autem
918 650 1016 701 per
1056 633 1523 684 renuntiationem
1563 643 1735 686 cesset
1764 635 1979 705 dispen-

106 704 242 771 satio
295 737 572 785 concessa,
634 722 903 790 superiori
958 722 1301 773 innotescere
1354 722 1425 773 ab
1478 741 1650 793 eoque
1703 728 1979 794 acceptari

107 808 297 861 debet:
342 808 602 878 obligatio
646 811 793 862 enim
834 829 932 879 per
960 809 1302 862 voluntatem
1332 813 1628 881 superioris
1659 812 1844 865 ablata
1870 833 1979 866 non

105 906 282 969 potest
322 899 502 950 denuo
546 900 693 962 oriri,
736 900 842 950 nisi
884 918 981 969 per
1007 899 1351 952 voluntatem
1381 901 1630 953 eiusdem
1665 905 1978 972 superioris

107 988 152 1041 b.
195 988 945 1058 Non-Qudispensationis
999 1008 1097 1059 per
1153 1008 1208 1041 se
1250 993 1980 1060 ngnpewstwsignummrenun-

106 1079 383 1130 tiationis:
448 1097 730 1130 non-usus
773 1080 917 1130 enim
962 1079 1122 1130 simul
1165 1081 1462 1131 consistere
1503 1089 1681 1150 potest
1723 1101 1848 1134 cum
1890 1101 1981 1134 vo·

105 1167 316 1220 luntate
356 1177 546 1238 postea
588 1168 781 1220 utendi
832 1169 1266 1238 dispensatione3
1327 1171 1420 1240 qui
1464 1189 1590 1240 ergo
1633 1171 1982 1241 dispensatus

108 1266 189 1309 est
230 1277 261 1309 a
303 1259 509 1309 ieiunio
540 1257 629 1309 vel
670 1278 700 1310 a
730 1258 922 1310 divino
965 1259 1166 1324 officio,
1210 1268 1388 1328 potest
1430 1259 1842 1330 dispensatione
1883 1263 1978 1325 uti,

108 1349 209 1399 etsi
251 1350 476 1401 obtenta
518 1350 627 1399 iam
672 1348 1085 1417 dispensatione
1114 1366 1212 1417 per
1240 1348 1465 1418 aliquod
1494 1357 1710 1418 tempus
1738 1350 1982 1402 officium

105 1438 423 1489 recitaverit
464 1437 552 1488 vel
593 1439 941 1491 ieiunaverit.

255 1527 408 1581 Neque
441 1531 569 1569 actus
604 1525 858 1570 contrarius
892 1539 970 1581 per
1003 1539 1049 1569 se
1082 1526 1439 1569 renuntiationis
1473 1527 1658 1582 signum
1692 1533 1785 1578 est;
1835 1528 1899 1572 sic
1944 1528 1981 1572 si

106 1600 208 1655 quis
242 1600 531 1655 dispensatus
564 1601 622 1644 ad
656 1600 1000 1644 matrimonium
1045 1600 1295 1644 ineundum
1345 1615 1445 1644 cum
1490 1602 1661 1645 Bertha
1704 1602 1831 1646 ducit
1863 1603 1979 1647 Sem-

100 1674 334 1731 proniam,
368 1675 449 1718 hoc
482 1675 580 1730 ipso
612 1689 702 1719 non
734 1675 971 1719 renuntiat
1007 1675 1339 1731 dispensationi
1373 1681 1596 1731 acceptae.

255 1825 383 1880 166.
444 1825 633 1879 Morte
677 1825 1091 1893 dispensantis
1154 1835 1272 1877 tum
1325 1827 1500 1879 solum
1545 1837 1720 1879 cessat
1767 1828 1982 1898 dispen-

106 1915 261 1981 satio,
305 1915 350 1966 si
393 1932 653 1966 concessa
696 1914 799 1966 fuit
848 1914 950 1966 hac
992 1915 1081 1966 vel
1122 1915 1288 1967 simili
1332 1915 1602 1968 clausula:
1651 1917 1982 1989 OldstOSM'Mm

106 2003 387 2074 arbitrg'zfflz
429 2003 516 2077 vel
558 2004 719 2055 donec
751 2004 1040 2075 placuerit,
1097 2007 1227 2075 quia
1284 2014 1457 2057 morte
1500 1989 1854 2059 concedentis
1897 2007 1982 2058 de-

104 2077 236 2144 sinit
276 2078 653 2163 quodcunque
687 2095 804 2144 eius
848 2093 1258 2163 beneplacitum
1298 2103 1464 2166 atque
1506 2094 1829 2162 arbitrium3
1873 2114 1983 2148 non

106 2191 283 2233 cessat
308 2191 509 2249 autem,
553 2184 597 2233 si
640 2183 767 2234 data
806 2171 912 2234 ‘fuit
952 2167 1201 2235 absolute
1243 2194 1338 2236 aut
1380 2184 1484 2236 hac
1514 2185 1602 2236 vel
1642 2185 1809 2237 simili
1840 2176 1984 2237 clau·

105 2270 251 2324 sula:
305 2273 468 2325 donec
508 2282 791 2340 revocetur,
837 2275 967 2343 quia
1009 2281 1091 2325 est
1129 2276 1307 2342 gratia
1349 2274 1496 2326 facta
1514 2277 1758 2344 gaegratia
1799 2283 1982 2327 autem

1339 2332 1372 2337 .-..
1379 2330 1414 2337 ι-
1421 2330 1497 2337 —au—

104 2362 252 2414 facta
305 2380 415 2414 non
470 2364 687 2432 expirat
743 2374 917 2414 morte
972 2363 1348 2426 concedentiS‚
1410 2365 1510 2416 etsi
1572 2365 1818 2417 nondum
1862 2383 1983 2416 exe-

105 2454 315 2504 cutioni
357 2453 621 2505 mandata
662 2453 844 2518 fuerit⁷
888 2453 995 2504 nisi
1039 2471 1108 2504 ex
1137 2455 1387 2505 terminis
1430 2456 1803 2506 concessionis
1833 2454 1983 2505 aliud

106 2551 332 2596 constet.

258 2632 326 2675 De
358 2632 558 2674 formula
590 2636 746 2674 tamen
780 2632 841 2674 ad
874 2632 1196 2687 beneplacitum
1231 2634 1435 2674 nostrum
1480 2632 1733 2674 notandum
1778 2636 1846 2675 est
1887 2645 1985 2675 eam

106 2720 239 2762 saepe
271 2706 477 2750 adhiberi
502 2711 736 2760 tamquam
758 2706 1125 2761 aequivalentem
1148 2707 1373 2749 formulae
1397 2719 1537 2760 nsque
1561 2706 1621 2748 ad
1641 2706 1986 2757 revocationem,

106 2785 245 2836 atque
275 2780 325 2824 in
357 2781 476 2823 hunc
509 2794 689 2823 sensum
724 2780 765 2823 S.
801 2781 846 2825 C.
881 2782 965 2836 Ep,
1000 2786 1046 2824 et
1079 2781 1192 2836 Reg.
1230 2781 1297 2823 19.
1331 2780 1425 2823 iun.
1469 2781 1583 2824 1866
1625 2781 1673 2823 in
1717 2780 1985 2836 particulari

106 2871 213 2901 casu
248 2856 418 2899 decidit
450 2856 698 2899 facultates
735 2857 867 2900 datas
901 2856 984 2899 sub
1017 2857 1101 2900 hac
1147 2857 1347 2899 formula
1395 2861 1541 2899 morte
1590 2855 1790 2910 episcopi
1840 2868 1986 2899 conce-

111 2932 263 2975 dentis
295 2945 385 2974 non
419 2932 640 2986 cessare¹).

260 3037 403 3087 Num
445 3035 601 3087 liceat
640 3037 718 3087 uti
758 3037 1153 3107 dispensatione
1183 3044 1336 3087 eoetra
1362 3035 1654 3089 dioecesim.
1705 3035 1830 3086 Non
1860 3034 1987 3085 licet

110 3127 189 3177 uti
233 3125 661 3195 dispensatione,
717 3142 857 3194 quae
907 3125 1446 3200 inflegeng-qm-n‘iuni
1487 3123 1729 3193 generali
1772 3122 1984 3174 indulto

108 3234 206 3285 pro
249 3222 364 3266 tota
406 3213 645 3265 dioecesi
689 3232 948 3265 concessa
990 3222 1096 3265 est:
1142 3212 1281 3265 haec
1323 3214 1471 3264 enim
1513 3231 1687 3282 aeque
1729 3230 1793 3262 ac
1834 3230 1983 3280 prae·

113 3312 336 3374 ceptum
393 3321 685 3355 commune
742 3302 1085 3355 territorialis
1146 3311 1254 3369 est3
1320 3302 1731 3372 dispensatione
1796 3307 1984 3352 autem

265 3467 300 3524 ¹)
335 3467 402 3511 Cf.
437 3466 925 3509 Ballerini-Palmieri
954 3466 1006 3509 V.
1040 3480 1085 3509 n.
1120 3466 1221 3509 355.
