2269 3898
781 174 844 216 De
877 174 1074 228 peccatis
1104 174 1310 217 internis.
1892 176 1977 217 321

112 306 204 357 hic
246 308 532 374 accipitur,
576 306 645 356 ad
687 325 801 357 rem
845 309 1211 375 praeteritam,
1250 306 1538 358 delectatio
1583 325 1712 358 vero
1755 307 1825 358 ad
1865 326 1978 358 rem

118 403 463 465 praesentem
505 395 764 459 refertur3
809 395 973 461 vulgo
1016 403 1199 446 autem
1242 395 1378 446 haec
1405 398 1590 446 omnia
1625 396 1977 465 comprehen-

118 484 324 536 duntur
363 484 463 535 sub
508 485 729 534 nomine
771 485 1106 551 coqitationis
1147 484 1334 535 malae.

266 589 313 639 12.
350 587 618 639 Gaudium
646 596 693 637 ct
723 587 1001 638 delectatio
1029 587 1261 656 specifice
1290 606 1392 638 ozon
1425 587 1699 657 differunt:
1734 589 1983 639 differen-

115 678 192 728 tia
232 677 377 726 enim
421 678 477 726 in
521 694 581 726 eo
625 674 797 726 solum
856 677 1119 742 consistit,
1175 677 1322 745 quod
1380 677 1655 727 obiectum
1709 679 1766 728 in
1810 676 1979 728 delec-

116 766 324 816 tatione
366 773 425 815 ut
472 783 749 832 praesens,
793 766 849 815 in
892 765 1095 832 gaudio
1151 774 1211 816 ut
1265 768 1620 834 praeteritum
1673 784 1977 834 repraesen-

112 861 286 917 tetur3
347 853 441 903 sed
500 852 638 904 haec
694 854 1007 904 differentia
1062 872 1209 904 mere
1264 863 1495 905 externa
1550 854 1620 904 ad
1662 855 1980 923 specificum

115 942 408 993 discrimen
452 943 897 993 constituendum
942 961 1048 993 non
1092 942 1308 995 sufficit.

260 1047 309 1097 3.
354 1045 648 1097 Delectatio
692 1047 984 1115 (gaudium)
1015 1055 1061 1096 ct
1098 1046 1415 1097 desiderium
1443 1047 1673 1115 specifice
1703 1045 1984 1116 differzmt,

113 1134 263 1186 aliud
305 1154 435 1186 sane
479 1143 559 1185 est
601 1135 860 1186 delectari
904 1136 969 1186 de
1000 1136 1201 1185 iniuria
1232 1137 1485 1204 proximi,
1529 1135 1679 1186 aliud
1722 1136 1981 1185 iniuriam

112 1226 364 1293 proximo
407 1224 754 1275 inferendam
798 1224 1139 1275 desiderare:
1200 1224 1469 1275 desiderio
1513 1226 1658 1274 enim
1712 1244 1797 1275 res
1839 1225 1982 1275 mala

113 1321 172 1363 ut
213 1332 374 1382 opere
417 1314 752 1382 perficienda
812 1313 1122 1376 exhibetur,
1181 1315 1237 1364 in
1294 1313 1655 1364 delectatione
1708 1312 1775 1364 ab
1820 1331 1981 1381 opere

110 1410 338 1453 externo
380 1403 800 1470 praescinditur.

761 1666 1052 1724 Articulus
1095 1667 1327 1739 primus

625 1789 718 1828 De
753 1788 1159 1828 desideriis
1190 1789 1459 1837 pravis.

260 1934 391 1988 294.
435 1935 737 1990 Notiones.
783 1941 827 1988 1.
871 1935 1212 1986 Desiderium
1240 1954 1472 2003 pravum
1505 1943 1583 1986 est
1611 1944 1764 1987 actus
1791 1936 1979 1988 volun-

109 2026 255 2089 tatis,
300 2043 405 2093 quo
449 2027 572 2093 quis
630 2024 927 2076 deliberate
985 2043 1098 2075 rem
1153 2024 1354 2074 malam
1410 2024 1671 2092 perficere
1724 2025 1977 2078 intendit.

257 2128 305 2180 2.
351 2128 570 2179 Dicitur
611 2129 820 2198 cfficaoe,
865 2128 1083 2197 quando
1127 2130 1247 2197 quis
1277 2127 1524 2178 absolute
1568 2129 1824 2196 proponit
1864 2145 1976 2177 rem

105 2215 306 2267 malam
349 2234 510 2285 opere
553 2220 770 2285 exequi,
814 2227 864 2267 et
890 2217 1157 2286 i‘nefficaoe,
1201 2217 1421 2286 quando
1449 2218 1569 2286 quis
1599 2216 1980 2268 condicionate

107 2312 171 2368 (e.
214 2323 265 2373 g.
323 2302 371 2355 εἶ
415 2326 643 2375 possem,
698 2308 746 2356 si
796 2305 992 2372 liceret)
1047 2325 1163 2356 rem
1220 2305 1419 2357 malam
1481 2306 1681 2374 exequi
1725 2306 1977 2357 intendit.

110 2394 271 2460 Quod
315 2395 545 2463 proinde
589 2395 655 2445 de
701 2395 972 2446 desiderio
1017 2395 1235 2461 dicitur,
1279 2394 1499 2463 aequali
1526 2396 1739 2445 ratione
1770 2394 1837 2445 de
1861 2414 1978 2463 pro-

101 2485 278 2554 posito
323 2483 492 2536 valet:
537 2487 875 2553 propositum
922 2487 1067 2536 enim
1112 2494 1193 2535 est
1237 2484 1570 2535 desiderium
1614 2483 1828 2533 efficax.

256 2587 410 2631 Etiam
446 2588 725 2631 desiderium
759 2589 978 2645 inefficax
1010 2601 1088 2643 per
1114 2601 1160 2631 se
1182 2587 1335 2631 tendit
1357 2587 1405 2629 in
1428 2600 1520 2629 rem
1549 2588 1712 2630 malam
1729 2600 1736 2640 3
1774 2586 1980 2641 quocirca

96 2677 189 2719 per
231 2677 280 2706 se
324 2663 478 2706 eadem
525 2663 706 2706 malitia
750 2663 1008 2717 theologica
1055 2666 1101 2705 et
1149 2663 1359 2716 specifica
1402 2661 1441 2703 ei
1488 2660 1609 2704 inest
1657 2674 1707 2703 ac
1759 2660 1979 2704 desiderio

107 2737 304 2786 efficaci;
340 2741 477 2791 atque
499 2738 600 2781 ideo
632 2751 811 2781 necesse
843 2751 932 2780 non
965 2742 1048 2791 est,
1081 2742 1134 2780 ut
1158 2737 1207 2779 in
1231 2735 1509 2779 confessione
1534 2736 1799 2789 declaretur,
1822 2741 1978 2777 utrum

110 2812 383 2856 desiderium
419 2814 583 2855 efficax
614 2813 758 2856 fuerit
790 2826 848 2855 an
881 2812 1110 2854 inefficax.

260 2962 390 3016 295.
432 2961 768 3029 Principia.
852 2962 899 3014 1.
946 2959 1298 3010 Desiderium
1341 2958 1560 3022 (efficax
1603 2965 1655 3008 et
1696 2957 1979 3022 inefficax)

107 3052 187 3102 rei
230 3050 405 3102 malae
446 3061 737 3119 peccatum
767 3058 849 3102 est
875 3049 1122 3100 eiusdem
1152 3049 1442 3117 gravitatis
1471 3056 1522 3098 et
1552 3048 1771 3116 speciei,
1816 3065 1978 3116 quam

109 3138 281 3192 habet
337 3139 614 3191 obiectum
672 3144 851 3205 (actus
900 3140 1200 3201 externus),
1251 3139 1308 3188 in
1363 3135 1510 3206 quod
1549 3136 1742 3189 tendit.
1821 3135 1978 3186 Ratio

101 3231 273 3299 primi
313 3237 409 3295 est,
463 3231 596 3298 quia
641 3227 976 3279 desiderium
1033 3227 1298 3278 malitiam
1354 3226 1560 3295 accipit
1621 3224 1690 3275 ab
1746 3223 1976 3287 obiectO,

110 3319 168 3369 in
210 3318 356 3387 quod
398 3318 591 3383 tendit,
636 3316 979 3386 proindeque
1021 3317 1077 3366 in
1120 3335 1175 3366 re
1216 3315 1374 3383 gravi
1431 3332 1618 3382 grave,
1673 3314 1730 3364 in
1771 3331 1829 3362 re
1870 3311 1979 3362 levi

110 3405 232 3457 leve
274 3414 370 3459 est.
450 3407 611 3458 Ratio
671 3407 888 3457 secundi
943 3413 1038 3471 est,
1107 3407 1236 3474 quia
1299 3392 1635 3455 desiderium
1692 3400 1870 3452 tendit
1922 3401 1978 3449 in

110 3497 289 3564 ipsam
328 3515 443 3547 rem
487 3504 771 3546 externam
815 3504 871 3545 ut
916 3504 1104 3563 postea
1144 3492 1556 3562 perficiendam,
1612 3490 1733 3541 ideo
1791 3506 1981 3540 omnes

203 3616 287 3647 Nol
299 3617 399 3655 din,
424 3616 481 3645 De
506 3615 718 3654 principiis.
1746 3593 1797 3635 ‘21
