2269 3898
781 217 849 260 De
880 216 1057 260 actibus
1091 215 1351 260 moralibus.
1942 216 1998 258 69

126 360 237 418 tur,
291 353 369 402 rei
424 351 635 403 alienae
689 350 921 414 ablatio3
978 351 1254 402 obiectum
1296 347 1535 418 formale
1593 348 1796 400 dicitur
1850 348 1998 400 idem

133 441 410 493 obiectum
453 438 752 501 materiale,
796 447 958 508 prout
999 457 1123 489 cum
1169 438 1480 507 cognitione
1524 437 1848 489 moralitatis
1884 439 1999 488 eius

132 528 303 580 libere
359 528 429 580 ab
484 536 681 596 agente
737 529 1026 595 attingitur
1080 546 1124 579 e.
1168 546 1216 595 g.
1277 527 1724 595 concupiscentia
1766 525 1855 577 vel
1908 526 1998 577 ab·

133 618 262 669 latio
305 619 383 669 rei
427 617 640 668 alienae
683 618 918 668 scienter
959 624 1011 666 et
1051 615 1223 666 libere
1266 616 1425 667 facta.

698 810 730 865 ὃς
766 812 821 854 2.
856 812 942 853 Dc
972 812 1437 855 circumstantiis.

281 929 374 983 59.
416 929 589 982 Notio
633 931 692 982 et
731 943 1037 982 numerus.
1097 930 1144 981 1.
1197 927 1631 980 Circumstantiae
1662 934 1789 979 sunt
1816 927 1999 979 condi-

132 1021 336 1085 ciones,
366 1037 505 1088 quae
535 1018 604 1069 ad
634 1018 1001 1070 substantiam
1033 1026 1186 1068 actus
1216 1017 1435 1069 moralis
1464 1018 1737 1070 accedunt
1764 1035 2000 1086 eumque

130 1107 313 1177 aliquo
357 1106 517 1159 modo
559 1107 827 1173 afficiunt,
871 1115 930 1158 ut
972 1109 1027 1158 in
1069 1107 1213 1158 furto
1257 1108 1672 1158 circumstantia
1712 1105 1817 1157 loci
1860 1108 1999 1157 sacri

132 1197 221 1248 vel
260 1198 337 1248 rei
381 1215 583 1249 sacrae.
665 1197 812 1260 Quia
854 1197 1268 1247 circumstantia
1311 1195 1380 1247 ad
1422 1203 1605 1247 actum
1640 1194 1901 1247 moralem
1944 1196 1999 1246 in

132 1304 229 1337 sua
258 1286 567 1337 substantia
594 1288 702 1337 iarn
733 1288 1090 1337 constitutum
1122 1286 1412 1349 accedunt,
1456 1286 1751 1337 accidentia
1776 1294 1998 1336 actuum

132 1375 420 1426 moralium
465 1375 737 1428 dicuntur.

280 1464 662 1508 Circumstantiae
694 1469 879 1507 actuum
913 1464 1156 1507 moralium
1190 1463 1297 1506 illae
1330 1466 1513 1506 tantum
1546 1462 1828 1505 condiciones
1851 1462 2000 1505 vocari

133 1539 293 1593 solent,
327 1552 440 1593 quae
474 1540 530 1581 ad
564 1538 870 1582 substantiam
905 1539 1121 1582 moralem
1166 1542 1295 1582 actus
1338 1551 1414 1580 seu
1458 1537 1515 1579 ad
1560 1540 1713 1580 actum
1762 1537 1810 1579 in
1856 1538 2001 1592 specie

132 1613 292 1656 morali
324 1613 415 1656 iam
450 1613 753 1656 constitutum
787 1613 1023 1668 accedunt,
1067 1613 1130 1656 sic
1162 1612 1209 1655 in
1241 1614 1367 1655 furto
1400 1612 1464 1655 rei
1498 1624 1649 1654 sacrae
1681 1625 1770 1654 non
1805 1612 1999 1654 alienum

130 1700 246 1739 esse,
279 1687 355 1730 sed
389 1687 533 1730 solum
566 1701 746 1730 sacrum
781 1701 881 1730 esse
914 1687 1261 1730 circumstantia
1294 1691 1422 1730 actus
1458 1685 1643 1729 dicitur.

285 1777 333 1830 2.
390 1776 597 1846 Septem
653 1779 930 1828 numerari
987 1777 1160 1828 solent
1214 1777 1655 1836 circumstantiae,
1719 1792 1858 1844 quae
1912 1793 1998 1825 ex-

131 1864 393 1917 hibentur
432 1866 600 1917 hocce
640 1865 940 1917 versiculo:

287 1955 411 2008 Quis,
444 1955 564 2010 qnid,
598 1956 688 2007 nbi,
721 1956 880 2010 quibus
913 1955 1117 2010 auxiliis,
1152 1969 1246 2010 θην,
1281 1954 1508 2010 quomodo,
1544 1953 1734 2009 qnando.

283 2029 390 2082 Quis
421 2028 595 2072 indicat
628 2029 867 2084 specialem
902 2029 1173 2084 qualitatem
1208 2042 1440 2084 personae,
1474 2041 1587 2083 quae
1621 2031 1848 2083 operatur,
1882 2041 1916 2071 e.
1954 2040 1997 2082 g.

130 2103 248 2158 quod
282 2103 343 2146 sit
376 2103 576 2158 clericus,
607 2106 714 2146 voto
746 2104 819 2146 vel
852 2103 1142 2147 matrimonio
1176 2104 1364 2158 ligatus.

283 2177 399 2230 Quid
431 2178 618 2220 denotat
651 2177 811 2220 obiecti
846 2178 991 2233 ipsius
1015 2178 1287 2232 qualitatem
1311 2178 1381 2221 vel
1407 2177 1739 2232 quantitatem:
1774 2189 1883 2219 num
1908 2189 1999 2230 per-

130 2251 275 2294 cussio
309 2251 463 2306 gravis
497 2251 568 2293 vel
610 2251 738 2306 levis,
784 2252 929 2306 patris
962 2253 1034 2296 vel
1079 2251 1284 2296 extranei
1327 2252 1402 2306 sit,
1445 2265 1553 2294 num
1586 2264 1655 2294 res
1687 2252 1812 2294 furto
1846 2249 2000 2294 ablata

130 2338 299 2379 magna
331 2326 402 2368 vel
436 2339 591 2380 parva,
624 2338 749 2368 sacra
781 2326 852 2368 vel
886 2329 1078 2381 profana
1111 2327 1185 2369 sit.

289 2400 375 2442 Ubi
405 2399 640 2454 significat
671 2399 894 2443 rationem
927 2401 1027 2456 loci,
1060 2405 1215 2444 utrum
1250 2414 1372 2444 sacer
1403 2414 1461 2443 an
1494 2401 1724 2456 profanus,
1758 2403 1912 2443 utrum
1938 2413 2000 2442 oc-

129 2474 280 2517 cultus
313 2488 371 2517 an
404 2473 610 2529 publicus
643 2473 799 2528 fuerit,
832 2479 885 2517 ut
919 2475 1181 2518 scandalum
1217 2474 1325 2517 oriri
1357 2474 1572 2529 potuerit.

282 2549 450 2602 Quibus
472 2549 662 2591 auxiliis
685 2547 920 2603 significat
938 2549 1176 2604 specialem
1195 2548 1419 2592 rationem
1438 2548 1704 2604 mediorum,
1727 2561 1839 2603 quae
1862 2560 2000 2602 agens

130 2622 342 2666 adhibuit
366 2627 420 2665 ut
442 2622 634 2677 pecunia
655 2623 780 2664 furto
804 2622 960 2666 ablata
983 2636 1029 2666 se
1054 2623 1291 2676 inebriare,
1326 2621 1464 2664 armis
1488 2622 1730 2676 prohibitis
1748 2622 2000 2665 vulnerare.

283 2697 374 2740 Cur
405 2698 542 2739 finem
577 2697 806 2751 operantis
839 2697 1029 2752 indicat,
1062 2701 1116 2740 ut
1147 2698 1292 2740 fiirari
1326 2698 1384 2740 ad
1418 2710 1463 2740 se
1494 2696 1828 2740 inebriandum.
1873 2695 1999 2739 Licet

128 2771 236 2814 finis
276 2772 331 2814 ad
377 2771 743 2814 circumstantias
787 2771 1031 2827 pertineat,
1082 2772 1135 2815 ob
1168 2771 1441 2827 peculiarem
1486 2774 1642 2814 tamen
1682 2770 1908 2813 influxum
1952 2771 2000 2814 in

131 2846 438 2889 moralitatem
472 2845 743 2900 peculiarem
777 2845 1184 2889 considerationem
1224 2849 1436 2889 meretur.

284 2919 506 2972 Quomodo
539 2919 731 2963 actionis
764 2920 947 2962 modum
981 2920 1217 2975 significat
1249 2924 1349 2963 tum
1382 2919 1612 2963 interioris
1644 2922 1696 2962 ut
1730 2919 1907 2962 intense
1929 2920 1999 2962 vel

129 2994 328 3049 remisse,
360 2994 651 3037 advertenter
682 2994 754 3037 vel
786 2993 1143 3049 inadvertenter,
1190 2994 1306 3037 bona
1337 2994 1409 3037 vel
1444 2994 1565 3036 mala
1597 2994 1687 3036 fide
1720 3006 1867 3048 agere,
1901 2997 1999 3036 tum

130 3068 367 3112 exterioris
408 3071 461 3111 ut
495 3067 693 3111 occidere
725 3080 894 3111 veneno
927 3068 999 3111 vel
1033 3068 1203 3122 gladio,
1253 3081 1352 3110 cum
1398 3067 1670 3111 crudelitate
1711 3066 1999 3110 membratim

131 3142 374 3186 concidere.

285 3216 470 3269 inccnclo
503 3217 690 3259 denotat
722 3214 940 3270 temporis
972 3214 1280 3269 quantitatem
1314 3219 1360 3258 et
1393 3214 1683 3269 qualitatem:
1733 3220 1887 3257 utrum
1923 3213 2000 3256 diu

131 3305 190 3335 an
222 3291 387 3346 obiter,
421 3296 622 3345 tempore
653 3304 777 3334 sacro
810 3303 868 3333 an
900 3303 989 3332 non
1022 3302 1146 3332 sacro
1179 3288 1355 3343 aliquid
1386 3290 1561 3331 factum
1595 3288 1670 3332 sit.

282 3381 330 3431 3.
386 3379 510 3429 Non
565 3378 739 3430 solum
791 3378 1007 3429 obiecta
1059 3385 1186 3428 sunt
1238 3378 1626 3442 indifferentia,
1682 3376 1778 3427 sed
1835 3377 1999 3427 etiam

133 3468 442 3537 complures
484 3469 905 3519 circumstantiae
948 3466 1218 3519 dicendae
1260 3473 1387 3517 sunt
1428 3463 1802 3534 indifferentes,
1860 3483 2000 3534 quae

133 3558 192 3608 in
231 3557 596 3609 moralitatem
637 3564 792 3607 actus
821 3573 931 3607 non
957 3555 1199 3607 influunt
1226 3573 1404 3624 neque
1440 3553 1607 3604 ullam
1637 3551 1998 3604 moralitatem
