2269 3898
794 170 861 212 De
892 175 1058 212 natura
1090 169 1278 224 peccati.
1882 171 1966 213 285

103 315 137 344 s.
171 301 398 356 scriptura
430 302 519 344 ait:
543 304 779 356 peccatum
813 304 882 343 est
913 302 1130 355 iniqnitas·
1163 301 1398 355 (c’woui'a¹)‚
1441 306 1486 345 et
1519 307 1752 357 peccatum
1781 316 1970 357 praera-

102 374 405 430 ricationetffl)
437 379 574 429 atque
604 373 989 428 inobedientiam&
1024 376 1241 429 appellat.

253 450 289 493 b.
322 450 562 492 Peccatum
599 448 753 491 differt
776 448 831 491 ab
854 448 1207 504 impelfectione.
1252 448 1362 492 Tria
1385 462 1551 503 genera
1574 449 1968 503 iniperfectionum

44 517 50 522 ⁸
104 523 330 578 distingui
379 523 539 576 solent,
594 535 782 575 quorum
826 522 1023 576 primum
1073 522 1276 564 continet
1316 522 1681 576 imperfectiones
1714 522 1968 577 negativas,

105 598 192 640 duo
235 597 485 651 posteriora
526 596 748 651 positivas
793 603 839 638 et
870 596 1082 638 morales.
1148 611 1188 637 α.
1221 596 1513 650 Imperfectio
1556 597 1724 640 dicitur
1767 598 1969 640 defectus

102 670 337 713 ulterioris
384 670 675 725 perfectionis
722 670 771 712 in
812 669 990 712 actibus
1031 669 1244 712 humanis
1288 683 1324 712 e.
1360 684 1403 724 g.
1448 685 1574 713 amor
1605 671 1688 713 Dei
1733 685 1887 714 carens
1919 684 1970 714 ea

102 744 392 798 perfectione,
443 757 575 798 quam
617 743 781 786 habere
821 747 993 798 posset:
1046 744 1154 786 haec
1201 743 1487 798 imperfectio
1537 744 1744 787 omnibus
1792 745 1968 787 actibus

103 817 314 860 humanis
346 821 513 860 natura
545 831 626 860 sua
657 817 865 861 inhaeret
898 817 1176 872 proindeque
1208 821 1443 872 peccatum
1477 832 1566 861 non
1599 822 1681 861 est.
1734 820 1769 867 ,3,
1805 819 1968 873 Imper-

99 891 236 935 fectio
271 891 439 934 dicitur
472 892 774 946 transgressio
818 892 1119 934 indeliberata
1163 891 1279 946 legis
1315 892 1497 935 divinae
1530 891 1717 935 minoris
1751 892 1968 935 momenti

101 979 136 1008 e.
170 979 212 1020 g.
247 965 559 1009 involuntaria
593 966 832 1009 distractio
864 966 912 1008 in
946 965 1162 1017 oratione,
1195 966 1523 1009 indeliberatus
1557 979 1763 1009 excessus
1794 966 1842 1009 in
1874 966 1969 1008 risu

103 1040 175 1083 vel
207 1039 340 1082 iocis:
375 1040 484 1082 haec
515 1040 800 1094 imperiectio
834 1043 902 1082 est
934 1040 1033 1083 leve
1066 1044 1301 1094 peccatum
1336 1040 1587 1095 materiale,
1622 1054 1721 1083 cum
1755 1040 1815 1083 sit
1849 1041 1968 1083 actio

99 1128 282 1168 prorsus
323 1114 648 1157 involuntaria.
711 1129 751 1166 γ.
796 1114 1081 1168 Imperfectio
1129 1113 1297 1156 dicitur
1340 1115 1459 1157 actio
1504 1115 1575 1157 vel
1620 1114 1815 1169 omissio,
1856 1127 2017 1168 quae„
2134 1164 2137 1165 ⁷
2165 1169 2178 1176 a
2215 1148 2243 1161 ,,

99 1188 369 1230 adversatur
401 1188 586 1230 consilio
611 1201 654 1244 ke.
690 1201 733 1242 g.
767 1201 856 1230 non
890 1187 1191 1230 obsecundare
1223 1187 1516 1242 inspirationi
1562 1188 1758 1242 divinae,
1798 1189 1968 1231 violare

99 1265 279 1303 statuta
312 1261 669 1315 communitatis,
711 1275 801 1304 non
842 1261 1020 1304 obedire
1055 1261 1294 1304 dictamini
1328 1261 1521 1305 rat-ionis
1554 1263 1757 1306 moventi
1791 1264 1848 1306 ad
1882 1277 1967 1306 mo-
1998 1253 2031 1274 '³'

98 1335 257 1377 raliter
289 1335 489 1390 meliora,
524 1336 734 1378 omittere
767 1348 918 1390 preces
950 1336 1205 1378 matutinas
1239 1337 1310 1378 vel
1343 1336 1629 1390 vespertinas
1663 1341 1746 1380 etc.
1802 1338 1966 1391 Imper-

96 1409 316 1452 fectiones
347 1410 479 1464 istae,
512 1424 612 1452 cum
635 1424 725 1453 non
754 1410 846 1452 sint
870 1414 1027 1453 contra
1048 1411 1194 1464 legem
1220 1409 1321 1463 Dei,
1355 1423 1433 1464 per
1456 1423 1501 1452 se
1524 1425 1613 1454 non
1637 1419 1744 1453 sunt
1769 1416 1966 1465 peccata,

98 1486 304 1526 attamen
338 1483 375 1526 si
410 1483 655 1526 deliberate
689 1484 1057 1537 committuntur,
1089 1483 1267 1526 ratione
1300 1484 1478 1538 motivi,
1512 1489 1697 1539 propter
1731 1485 1848 1538 quod
1871 1498 1968 1527 con-

98 1556 251 1599 silium
301 1558 548 1612 omittitur,
591 1572 690 1601 raro
731 1564 865 1601 erunt
909 1558 1004 1600 sine
1049 1558 1199 1612 aliquo
1241 1564 1424 1612 peccato
1465 1559 1794 1613 sensualitatis,
1828 1559 1967 1613 negli-

97 1632 295 1686 gentiae,
329 1632 623 1687 curiositatis,
657 1632 837 1676 acediae
871 1639 954 1675 etc.
1019 1632 1203 1675 Etenim
1237 1633 1311 1675 lex
1343 1638 1536 1675 naturae
1569 1639 1714 1688 vetat,
1746 1647 1802 1677 ne
1834 1635 1965 1676 homo

95 1705 143 1748 in
176 1706 431 1749 actionibus
466 1706 559 1749 suis
592 1720 645 1749 ex
678 1707 850 1749 motivo
882 1706 1188 1750 irrationabili
1230 1720 1275 1749 se
1310 1706 1606 1758 determinet-;
1653 1708 1689 1750 si
1734 1721 1839 1762 ergo
1881 1721 1965 1750 ino-

96 1776 260 1832 tiVum,
294 1780 348 1822 ob
381 1781 499 1834 quod
532 1780 769 1823 consilium
795 1780 1041 1834 omittitur,
1075 1789 1144 1823 est
1166 1781 1493 1835 irrationabile,
1528 1782 1709 1825 omissio
1733 1789 1965 1837 peccatum

97 1860 178 1896 est.
245 1853 329 1906 Qui
363 1868 399 1897 e.
434 1868 478 1909 g.
512 1868 565 1897 ex
597 1855 897 1897 immoderato
931 1869 1081 1898 amore
1125 1855 1292 1909 quietis
1326 1856 1571 1910 corporalis
1604 1857 1784 1900 omittit
1816 1869 1965 1911 preces

99 1928 353 1971 matutinas
386 1929 457 1971 vel
491 1942 681 1983 sacrum,
715 1929 881 1984 absque
915 1929 1050 1972 dubio
1084 1930 1325 1972 venialiter
1357 1936 1512 1984 peccat
1545 1937 1604 1985 (n.
1640 1932 1724 1985 76).

248 2080 374 2133 261.
433 2079 824 2132 Condiciones
890 2079 962 2132 ad
1024 2081 1331 2146 peccatum
1390 2081 1741 2147 requisitae.
1835 2081 1966 2131 Tria

98 2170 267 2236 igitur
307 2169 377 2219 ad
420 2186 579 2219 omne
621 2178 909 2237 peccatum
952 2170 1260 2219 necessario
1291 2170 1671 2237 requiruntur:
1717 2191 1766 2223 α.
1812 2171 1963 2235 actio,

97 2275 238 2326 quae
280 2259 348 2307 sit
390 2265 581 2308 contra
620 2256 796 2324 legem
839 2256 962 2321 Dei,
1006 2256 1241 2326 ideoque
1283 2260 1425 2308 actio
1467 2258 1643 2323 malem
1694 2259 1739 2310 ὂ.
1784 2260 1966 2325 Q

97 2347 262 2398 tentia
303 2348 502 2397 inentis
543 2345 614 2397 ad
657 2345 923 2397 malitiam
966 2348 1198 2418 actionis
1252 2355 1303 2397 et
1359 2367 1398 2399 c.
1443 2366 1722 2399 consensus
1777 2348 1962 2398 volun·

559 2415 731 2423 μου..
736 2413 886 2421 μ-ω---ψ-..νσι

95 2437 251 2487 tatis:
294 2454 487 2486 verum
529 2437 675 2486 enim
717 2443 1006 2504 peccatum
1049 2444 1130 2486 est
1171 2437 1312 2486 actio
1356 2435 1618 2502 humana,
1662 2456 1801 2507 quae
1843 2441 1962 2490 sine

95 2525 442 2576 advertentia
482 2526 680 2575 mentis
722 2532 774 2575 et
815 2542 1084 2575 consensu
1126 2522 1427 2575 Voluntatis
1470 2544 1580 2576 non
1622 2526 1870 2579 habetur.

247 2630 294 2680 1.
338 2629 683 2680 Advertentia
724 2628 794 2679 acl
836 2627 1103 2679 malitiam
1145 2629 1378 2679 actionis
1421 2628 1589 2681 debet
1626 2649 1741 2682 esse
1784 2640 1960 2682 actua—

95 2716 194 2780 lis;
246 2735 357 2768 non
399 2717 603 2768 sufficit
656 2719 1090 2786 interpretativa,
1143 2717 1347 2768 sufficit
1400 2726 1583 2770 autem
1638 2720 1961 2790 imperfecta

94 2815 258 2875 atque
301 2805 558 2857 confusa:
600 2815 889 2874 peccatum
931 2808 1077 2857 enim
1121 2815 1198 2858 est
1238 2806 1411 2858 libera
1440 2810 1797 2876 transgressio
1826 2808 1961 2876 legis

96 2895 348 2945 divinae:
393 2894 488 2945 sed
510 2894 701 2945 haberi
728 2897 918 2964 nequit
945 2896 1177 2947 actualis
1206 2899 1560 2964 transgressio
1594 2897 1784 2964 libera,
1829 2899 1960 2967 quin

94 2983 277 3053 aliquo
320 2984 481 3034 modo
523 2993 650 3034 actu
691 2984 760 3034 acl
803 3002 924 3035 eam
966 2985 1301 3039 advertatur.

243 3087 283 3115 α.
307 3074 527 3116 Attamen
549 3086 638 3116 non
660 3073 928 3127 requiritur:
964 3088 1004 3116 α.
1028 3075 1091 3117 Ut
1115 3075 1406 3118 advertentia
1428 3076 1599 3119 tamdiu
1625 3077 1773 3128 duret,
1810 3090 1958 3130 quam-

95 3147 173 3189 diu
205 3147 340 3189 durat
372 3147 491 3189 actio
528 3148 852 3202 peccaminosa,
886 3149 962 3191 sed
996 3149 1186 3203 sufficit,
1218 3153 1271 3191 ut
1305 3149 1442 3204 adsit,
1476 3151 1655 3204 quando
1689 3150 1807 3194 actio
1840 3151 1960 3192 mala

93 3219 346 3262 inchoatur.
404 3221 440 3269 β.
474 3220 563 3263 Nec
594 3221 857 3276 requiritur,
889 3228 942 3264 ut
974 3222 1036 3264 sit
1068 3223 1196 3265 elam
1230 3227 1276 3265 et
1300 3223 1534 3278 distincta,
1569 3225 1645 3267 sed
1670 3224 1844 3267 sufficit
1866 3236 1958 3266 con-

246 3368 276 3422 1)
309 3368 347 3411 1.
379 3369 502 3411 Ioan.
537 3370 578 3423 3,
611 3370 650 3411 4.

244 3442 277 3496 2)
307 3443 436 3485 Rom.
471 3443 512 3497 ἴ),
547 3445 616 3485 14.

244 3515 279 3571 ³)
312 3516 422 3560 Ibid.
456 3519 497 3572 ὃ,
533 3518 598 3560 19.
