2269 3898
663 180 728 222 De
760 178 1057 223 celebratione
1088 180 1379 223 matrimonii.
1874 184 1953 224 ΠΙ

728 413 1019 471 Articulus
1063 415 1316 487 quartus..

513 550 588 588 De
622 549 978 589 celebratione
1010 551 1338 589 matrimonii
1370 552 1540 592 mixti.

241 693 369 746 161.
430 695 513 746 De
567 694 918 748 assistentia
970 696 1159 749 licita.
1257 699 1299 749 1.
1364 697 1449 747 De
1504 699 1620 748 iure
1675 701 1953 750 communi

90 782 330 851 parocho
373 800 482 833 non
522 781 652 833 licet
692 790 968 851 praestare
1012 785 1117 834 nisi
1156 786 1513 836 assistentiam
1533 788 1823 855 passivam,
1856 790 1954 838 etsi

90 872 432 923 necessariae
489 872 771 922 cautiones
825 871 1107 923 exhibitae
1160 872 1378 925 fuerint.
1469 874 1582 926 Ubi
1642 882 1827 927 tamen
1888 894 1955 926 ex

92 968 290 1027 negata
332 961 642 1011 assistentia
684 963 868 1011 activa
908 962 1103 1028 gravia
1151 962 1503 1013 incommoda
1544 964 1790 1015 timenda
1832 966 1954 1028 sint,

91 1051 380 1118 episcopus
422 1049 679 1118 prudenti
723 1068 818 1100 suo
868 1049 1074 1101 iudicio
1129 1069 1290 1102 usum
1344 1053 1688 1104 assistentiae
1742 1055 1957 1105 activae

90 1137 320 1190 tolerare
377 1146 582 1207 potest3
639 1138 861 1190 exclusa
911 1157 1126 1209 semper
1175 1142 1373 1193 missae
1424 1140 1790 1193 celebratione
1832 1161 1957 1194 cum

92 1228 480 1279 benedictione
521 1227 824 1295 nuptialil).

240 1330 279 1358 a.
329 1315 495 1358 Activa
541 1316 806 1360 assistentia
853 1317 954 1360 ideo
1002 1317 1292 1372 potissimum
1341 1318 1654 1373 interdicitur,
1701 1323 1754 1362 ut
1802 1320 1960 1363 fideles

90 1389 262 1445 iugiter
285 1393 568 1445 moneantur,
602 1391 834 1434 ecclesiam
868 1391 1161 1435 matrimonia
1183 1392 1330 1436 mixta
1353 1393 1571 1436 detestari
1594 1406 1780 1448 eamque
1802 1395 1960 1438 fideles

93 1464 147 1507 ab
180 1464 238 1507 iis
271 1465 592 1508 contrahendis
624 1479 857 1520 nunquam
891 1479 980 1508 non
1014 1470 1217 1510 avertere
1251 1481 1301 1509 ac
1335 1468 1571 1510 deterrere.

240 1539 276 1581 b.
320 1538 407 1581 Ubi
453 1539 720 1582 assistentia
764 1540 916 1583 activa
956 1540 1259 1596 permittitur,
1304 1556 1392 1584 non
1437 1543 1581 1584 solum
1623 1542 1762 1585 missa
1803 1542 1961 1585 votiva

80 1626 173 1668 pro
207 1613 385 1668 sponsis
418 1612 690 1667 excluditur,
737 1614 813 1656 sed
857 1614 995 1657 etiam
1041 1615 1225 1669 quaevis
1265 1615 1371 1669 alia,
1421 1629 1534 1669 quae
1575 1620 1807 1670 tamquam
1850 1630 1959 1660 cere-

90 1687 268 1730 moniae
300 1687 654 1730 matrimonialis
687 1688 1068 1742 complementum
1103 1687 1378 1742 habeatur2).
1443 1689 1571 1733 Licet
1613 1696 1765 1733 autem
1808 1690 1960 1733 matri-

90 1761 290 1804 monium
314 1761 362 1804 in
385 1761 572 1804 ecclesia
601 1761 835 1815 celebrare,
869 1763 1190 1817 superpelliceo
1225 1768 1270 1805 et
1297 1763 1415 1806 stola
1436 1763 1507 1806 uti
1531 1768 1575 1806 et
1598 1764 1794 1819 aliquem
1818 1764 1958 1807 ritum

91 1849 266 1879 sacrum
311 1836 524 1879 adhibere
557 1849 593 1879 e.
627 1849 670 1891 g.
706 1835 1062 1879 benedictionem
1106 1850 1385 1892 sponsorum,
1430 1838 1576 1891 qualis
1618 1838 1666 1881 in
1713 1838 1959 1881 ritualibus

97 1910 370 1954 dioecesanis
422 1910 575 1954 haberi
621 1911 748 1954 solet.
812 1911 1047 1954 Ambitum
1090 1911 1225 1954 huius
1266 1911 1557 1955 assistentiae
1599 1913 1776 1955 activae
1821 1913 1961 1956 deter-

90 1985 262 2028 minare
297 1985 428 2028 debet
462 1985 711 2040 episcopus.

238 2076 286 2129 2.
345 2076 409 2126 In
467 2076 834 2126 matrimoniis
889 2076 1077 2125 mixtis
1135 2073 1359 2139 illicitis,
1418 2076 1474 2126 in
1517 2075 1717 2144 quibus
1760 2093 1958 2145 nempe

92 2166 434 2217 necessariae
484 2164 765 2215 cautiones
820 2162 1101 2214 exhibitae
1160 2181 1270 2215 non
1325 2172 1467 2229 sunt,
1525 2183 1592 2215 ne
1646 2165 1957 2216 assistentia

90 2256 313 2323 passiva
370 2254 594 2324 quidem
650 2254 916 2323 praestari
958 2252 1113 2304 licet:
1169 2252 1396 2322 parochi
1447 2255 1593 2304 enim
1643 2262 1696 2304 et
1737 2255 1958 2305 testium

88 2345 400 2395 assistentia
443 2350 584 2394 esset
624 2344 934 2412 cooperatio
987 2342 1058 2393 ad
1114 2344 1388 2394 actionem
1442 2344 1685 2410 graviter
1740 2343 1956 2396 malam.

87 2432 154 2485 In
197 2432 476 2485 nonnullis
517 2440 702 2483 tamen
742 2430 1060 2499 regionibus
1095 2439 1154 2482 ut
1180 2432 1235 2482 in
1263 2431 1485 2483 Aztstricc
1512 2431 1706 2483 tolerat
1734 2451 1774 2485 s,
1803 2431 1959 2483 sedes

89 2522 160 2574 ad
202 2523 409 2574 maiora
452 2520 596 2573 mala
637 2521 886 2587 vitanda,
938 2529 997 2571 ut
1045 2519 1317 2590 parochus
1367 2521 1636 2572 eiusmodi
1678 2522 1957 2572 matrimo-

89 2613 196 2662 niis
239 2611 509 2663 materiali
551 2619 763 2662 tantum
808 2612 1120 2679 praesentia
1162 2610 1440 2677 intersit3).

239 2714 279 2743 α.
313 2701 448 2755 Mala,
481 2701 539 2743 ad
572 2713 684 2754 quae
718 2700 1028 2754 praecavenda
1061 2713 1093 2742 s.
1119 2699 1244 2742 sedes
1276 2698 1587 2742 assistentiam
1611 2699 1792 2752 tolerat,
1826 2703 1955 2741 sunt:

92 2789 130 2817 α.
177 2778 231 2818 ut
274 2779 541 2830 procuretur
583 2773 866 2818 matrimonii
907 2774 1139 2826 validitas,
1175 2774 1292 2828 quod
1325 2773 1439 2817 alias
1470 2773 1518 2816 in
1549 2773 1660 2816 locis
1692 2772 1959 2816 tridentinis

88 2849 343 2892 invalidum
394 2856 537 2901 esset;
589 2849 628 2898 β.
676 2862 732 2892 ne
779 2847 1037 2892 excitentur
1080 2847 1406 2891 haereticorum
1441 2847 1746 2902 querimoniae
1778 2851 1824 2891 et
1857 2846 1960 2889 odia

90 2924 306 2967 adversus
338 2924 496 2967 fideles
531 2928 577 2966 et
611 2922 866 2973 ecclesiam;
902 2936 943 2974 γ.
985 2935 1041 2965 ne
1082 2922 1233 2977 sponsi
1277 2922 1444 2965 adeant
1477 2921 1738 2964 ministrum
1772 2921 1958 2964 haereti-

91 3011 191 3040 cum
225 2999 282 3041 ad
317 2998 583 3053 sacrilegam
618 2997 977 3040 benedictionem
1010 2996 1304 3039 obtinendam
1337 3009 1449 3039 neve
1493 3009 1640 3039 coram
1679 2995 1958 3050 magistratu

91 3072 215 3115 civili
266 3073 552 3115 contrahant.
618 3072 716 3114 Hac
763 3070 1045 3114 concessione
1092 3070 1163 3113 uti
1215 3084 1305 3113 non
1353 3070 1461 3113 licet
1502 3069 1591 3113 nisi
1636 3069 1684 3113 in
1725 3070 1847 3123 locis,
1880 3082 1959 3124 pro

245 3236 276 3290 1>
306 3235 569 3288 InstructiO,
602 3247 715 3289 quae
738 3234 1057 3276 Antonelll'ancc
1083 3233 1171 3276 dici
1204 3234 1333 3288 solet,
1365 3234 1492 3278 iussu
1515 3233 1597 3276 Pii
1618 3233 1700 3275 IX.
1726 3233 1783 3276 ad
1807 3245 1959 3275 omnes

91 3309 321 3364 episcopos
356 3310 423 3353 15.
458 3323 560 3353 nov.
597 3308 711 3353 18:38
744 3308 882 3352 edita.

234 3383 267 3437 2)
303 3383 348 3427 S.
388 3384 594 3440 Officium
631 3384 699 3425 17.
732 3382 822 3426 ian.
860 3381 987 3424 1877.

246 3456 278 3511 ³)
308 3457 558 3501 Instructio
590 3457 717 3500 iussu
753 3456 969 3510 Greqorz'i
999 3456 1075 3498 XI
1080 3456 1125 3498 V.
1159 3456 1230 3501 30.
1264 3469 1359 3511 apr.
1395 3456 1507 3498 184t
1542 3455 1681 3509 edita,
1714 3455 1785 3498 cui
1817 3454 1956 3498 adiec-

92 3536 191 3573 tum
226 3536 295 3574 est
328 3531 460 3575 breve
493 3531 693 3575 eiusdem
730 3544 762 3574 s.
798 3529 1031 3584 pontificis
1063 3530 1134 3573 22.
1168 3530 1276 3573 maii
1310 3529 1439 3572 1841.
