2269 3898
305 194 362 236 84
840 191 900 233 Π.
933 191 1000 233 De
1033 188 1211 232 actibus
1245 188 1302 231 ad
1335 189 1473 231 finem
1507 187 1643 243 aptis.

455 329 491 370 h.
533 327 592 369 Ob
624 326 766 368 solam
812 323 1078 378 voluptatem
1119 335 1254 377 agere
1300 321 1484 376 dicitur,
1525 334 1616 364 non
1660 321 1736 375 qui
1770 321 1818 364 in
1861 335 1948 365 usu
1992 323 2185 367 delecta-

305 403 465 446 bilium
514 400 777 443 ulteriorem
826 399 964 440 finem
1013 397 1254 439 honestum
1304 409 1394 438 non
1441 394 1672 450 intendit,
1726 396 1804 438 sed
1853 395 1930 450 qui
1978 396 2187 440 actiones-

304 474 594 520 delectabiles
639 472 832 528 quaerit,
874 471 1093 526 quamdiu
1134 470 1253 514 istae
1285 471 1574 524 voluptatem
1608 470 1812 512 afferunt
1845 470 1941 514 sine
1972 475 2183 526 respectu

300 552 361 594 ad
404 548 686 605 praescript-a
726 546 920 590 rationis
961 546 1146 588 modum
1189 550 1234 588 et
1275 558 1533 588 mensuram
1580 544 1801 588 dictantis
1845 560 1897 589 ac
1937 545 2184 601 exigentis,

300 639 357 669 ne
398 638 507 668 usus
543 621 881 667 delectabilium
924 621 1040 664 bona
1084 619 1262 663 altioris
1311 619 1484 663 ordinis
1531 619 1770 674 impediat.
1836 618 1922 673 Qui
1972 633 2077 675 ergo
2127 619 2185 662 ob

301 701 444 743 solam
484 699 771 753 voluptatem
806 696 922 751 agit,
955 697 1094 738 finem
1128 695 1339 739 altiorem
1381 708 1472 738 non
1514 695 1660 738 solum
1703 709 1794 738 non
1837 694 2058 751 intendit,
2103 695 2180 739 sed

299 774 525 830 implicit-e
558 773 696 816 etiam
732 771 934 815 excludit
967 774 1013 814 et
1046 770 1255 825 impedit.

451 847 597 901 Quare
628 847 698 890 ita
731 846 785 890 ob
818 846 959 889 solam
994 846 1282 900 voluptatem
1317 858 1467 900 agere,
1506 849 1561 888 ut
1593 844 1787 888 ulterior
1820 844 1929 887 finis
1962 844 2186 888 honestus

298 928 436 978 atque
467 923 568 966 ideo
604 921 711 965 finis
742 920 937 964 ultimus
969 919 1268 975 impediatur,
1301 926 1538 975 peccatum
1572 923 1665 969 est;
1701 920 1770 963 ita
1802 933 1908 963 vero
1949 920 2004 963 ob
2036 920 2181 963 solam

296 999 584 1053 voluptatem
631 1008 779 1050 agere,
821 999 876 1038 ut
918 994 1161 1038 delectatio
1205 995 1263 1038 ad
1307 994 1536 1050 agendum
1581 1000 1764 1038 moveat
1804 1000 1851 1038 et
1893 995 2179 1048 intendatur,

298 1073 407 1128 quin
439 1072 497 1116 ad
530 1070 793 1114 ulteriorem
826 1071 965 1113 finem
1000 1070 1242 1112 honestum
1276 1069 1520 1124 dirigatur,
1554 1073 1789 1124 peccatum
1815 1083 1906 1112 non
1929 1073 2013 1124 est,
2047 1069 2185 1112 modo

297 1148 416 1191 actio
464 1145 746 1189 delectabilis
797 1157 902 1188 vere
945 1149 1138 1187 naturae
1182 1144 1404 1187 inservire
1449 1148 1749 1199 cognoscatur
1791 1148 1838 1187 et
1876 1143 1924 1186 in
1965 1143 2060 1187 eius
2093 1157 2184 1187 usu

296 1223 460 1265 modus
495 1234 521 1264 a
552 1219 730 1263 ratione
763 1217 1073 1273 praescriptus
1107 1222 1327 1261 servetur.

390 1436 393 1438 ,
448 1371 533 1424 71.
575 1370 658 1423 De
700 1383 813 1422 usu
848 1367 1368 1433 delectabiliun1¹).
1408 1367 1575 1419 quta
1604 1369 1935 1419 sententiam
1965 1369 2176 1436 exposi-

296 1470 405 1513 tam
443 1460 606 1511 homo
646 1460 756 1509 suis
793 1456 1105 1509 actionibus
1146 1456 1499 1508 commodum
1541 1465 1788 1524 naturae,
1833 1459 1966 1527 quin
2009 1459 2176 1509 etiam

297 1550 716 1602 delectationem
765 1550 1003 1616 positive
1046 1547 1334 1599 intendere
1377 1556 1430 1598 et
1472 1566 1735 1617 quaerere
1789 1556 1982 1617 potest,
2038 1548 2180 1599 adeo

297 1650 359 1692 ut
401 1640 684 1710 proprium
727 1638 998 1688 motivum
1044 1645 1096 1687 et
1134 1638 1273 1688 ratio
1317 1636 1542 1688 volendi
1571 1638 1844 1688 actionem
1890 1638 1960 1688 sit
1994 1639 2176 1707 ipsum

297 1729 649 1781 commodum
691 1726 780 1778 vel
822 1729 940 1796 ipsa
984 1725 1292 1788 delectatio,
1351 1729 1486 1796 quin
1540 1745 1765 1778 necesse
1819 1728 1889 1778 sit
1938 1727 2005 1779 de
2045 1726 2175 1778 ulte-

292 1821 436 1871 riore
495 1818 605 1870 fine
664 1816 893 1868 honesto
957 1817 1214 1884 cogitare.
1292 1816 1585 1868 Eiusmodi
1647 1835 1774 1885 ergo
1842 1815 2177 1881 actionibUS,

295 1909 499 1978 quibus
561 1908 724 1959 homo
791 1907 964 1957 utitur
1025 1905 1449 1958 delectabilibus
1509 1915 1739 1985 naturae
1800 1914 1861 1957 ut
1921 1906 2181 1975 colloqui,

297 1998 602 2063 comedere,
645 1995 855 2061 bibere,
897 1995 1105 2062 ludere,
1146 2015 1201 2048 se
1231 2014 1479 2047 recreare
1507 2002 1609 2048 etc,
1640 1997 1847 2048 nedum
1876 1995 2036 2060 male,
2080 1995 2174 2047 sed

294 2089 476 2157 potius
515 2087 655 2138 benc
698 2088 829 2155 agit,
874 2087 917 2137 si
960 2087 1016 2137 in
1059 2087 1125 2137 iis
1168 2087 1393 2138 modum
1437 2095 1490 2137 et
1530 2105 1847 2139 mensuram
1890 2106 1922 2138 a
1962 2088 2181 2139 ratione-

292 2179 687 2247 praescriptam
731 2183 928 2228 servet.

442 2282 501 2324 Et
546 2294 653 2324 sane
696 2279 968 2334 actionibus,
1008 2293 1122 2334 quae
1155 2280 1212 2323 ad
1246 2281 1602 2324 conservandam
1648 2287 1694 2325 et
1738 2281 2062 2336 perficiendam
2101 2295 2179 2325 na-

293 2367 445 2400 turam
481 2357 735 2410 conferunt,
769 2360 927 2398 auctor
959 2359 1152 2398 naturae
1195 2355 1297 2399 ideo
1342 2357 1627 2399 commodum
1673 2360 1719 2400 et
1764 2356 2172 2401 delectabilitatem

289 2430 480 2486 indidit,
525 2435 579 2473 ut
612 2430 817 2474 homines
861 2431 919 2473 ad
954 2444 1028 2474 eas
1062 2431 1334 2482 exercendas
1375 2431 1482 2474 inde
1529 2431 1843 2482 allicerentur;
1893 2444 2000 2486 ergo
2040 2432 2179 2475 homo·

290 2506 575 2550 commodum
609 2510 654 2549 et
689 2505 1015 2549 delectationes
1048 2506 1166 2548 velle
1198 2509 1365 2560 potest.
1413 2505 1511 2548 Iam
1547 2505 1584 2548 si
1616 2505 1665 2548 in
1696 2505 1791 2549 illis
1823 2505 2083 2550 actionibus
2105 2506 2172 2549 nil

289 2581 415 2625 aliud
459 2580 814 2635 deprehenderet
858 2584 904 2624 et
945 2584 1195 2635 quaereret,
1244 2579 1333 2623 nisi
1378 2581 1664 2623 commodum
1712 2584 1906 2624 naturae
1939 2585 1985 2625 et
2017 2583 2178 2636 volup·

289 2660 449 2710 tatem,
482 2656 600 2699 actio
633 2660 827 2699 naturae
869 2655 1058 2698 animali
1105 2655 1288 2709 quidem
1323 2655 1602 2708 conveniret,
1650 2659 1699 2698 at
1741 2661 1910 2699 natura
1953 2656 2172 2700 rationali

290 2729 431 2784 digna
462 2743 551 2773 non
585 2733 726 2782 esset3
777 2743 827 2773 eo
860 2734 1031 2784 autem,
1081 2731 1199 2784 quod
1233 2730 1482 2773 commodis
1525 2734 1573 2773 et
1614 2730 2011 2786 delectationibus,
2059 2744 2179 2786 quas-

289 2804 480 2858 quaerit,
515 2804 635 2847 omni
669 2817 723 2848 ex
754 2809 885 2859 parte
916 2806 1082 2859 (quoad
1112 2805 1330 2849 adiuncta
1364 2805 1596 2860 tem-poris,
1633 2805 1735 2861 loci,
1776 2806 2031 2850 durationis
2070 2807 2182 2860 etc.)-

288 2879 471 2921 modum
506 2884 551 2921 et
584 2893 840 2923 mensuram
884 2879 1167 2939 praescribit,
1216 2893 1350 2934 quam
1394 2884 1520 2924 recta
1559 2881 1678 2924 ratio
1723 2882 1944 2936 postulat,
1992 2884 2046 2924 ut
2091 2895 2170 2925 ens

288 2953 512 2997 rationale
557 2955 679 3009 agit;
730 2968 811 2998 nec
856 2959 1011 3010 potest
1054 2954 1273 3010 int-elligi,
1325 2954 1434 3009 quid
1476 2955 1698 2999 eiusmodi
1744 2956 2001 3000 actionibus
2035 2957 2177 3012 desit,

290 3028 530 3082 quominus
562 3029 740 3083 possint
774 3030 861 3073 dici
895 3035 1045 3074 rectae
1068 3030 1340 3085 homineque
1364 3030 1544 3085 dignae.
1587 3031 1801 3075 Hominis
1831 3031 1966 3087 enim,
2001 3031 2170 3087 quippe

288 3102 500 3146 animalis
522 3103 777 3159 rationalis,
809 3108 977 3148 natura
1007 3119 1098 3148 non
1122 3108 1190 3148 est
1225 3105 1468 3148 rationalis
1502 3109 1704 3161 tantum,
1750 3107 1828 3150 sed
1874 3106 2088 3150 animalis
2121 3110 2168 3150 et

285 3177 548 3228 rationalis;
584 3191 690 3233 ergo
716 3178 912 3232 positive
944 3183 1158 3235 appetere
1180 3183 1227 3223 et
1250 3193 1464 3235 quaerere
1486 3184 1653 3235 potest,
1687 3194 1802 3236 quae
1833 3184 2028 3225 naturae
2060 3194 2175 3225 suae

287 3251 474 3294 animali
520 3252 814 3303 conveniunt;
866 3267 914 3296 eo
957 3258 1126 3309 autem,
1176 3255 1295 3309 quod
1339 3255 1449 3298 haec
1493 3254 1575 3298 sub
1609 3255 1750 3299 ductu
1783 3259 1828 3299 et
1863 3255 2064 3299 dominio
2097 3269 2166 3299 ra-

287 3325 425 3368 tionis
459 3331 738 3380 exercentur,
771 3326 910 3370 etiam
944 3334 1137 3372 naturae
1169 3329 1386 3373 rationali
1420 3329 1706 3374 sufficienter
1739 3329 2028 3374 conveniunt.

444 3488 471 3542 ¹)
510 3489 575 3532 Cf.
613 3490 650 3533 I.
684 3491 742 3533 B.
778 3491 975 3544 Becker,
1015 3492 1101 3536 Die
1145 3493 1416 3537 moralische
1458 3494 1764 3549 Beurteilung
1805 3494 1883 3537 des
1925 3494 2169 3538 Handelns

287 3575 367 3605 aus
399 3562 515 3605 Lust
551 3563 836 3617 (Zeitsclirift
867 3567 943 3609 fiir
974 3567 1018 3609 k.
1052 3567 1207 3611 Theol.
1244 3568 1358 3611 1902
1392 3567 1433 3611 S.
1467 3569 1569 3613 448.
1603 3570 1719 3621 673).
