2269 3898
302 140 385 183 158
1035 136 1101 178 De
1133 135 1438 196 matrimonio.

300 272 594 328 proclamatio
642 276 722 314 aut
770 270 819 313 in
868 275 1130 324 sequentem
1181 268 1299 311 diem
1349 269 1520 311 festum
1570 268 1745 312 differri
1778 269 1940 312 autin
1974 271 2175 325 vesperis

297 347 395 390 fieri
429 353 593 401 posset.

449 450 481 480 c.
519 435 563 477 Si
597 434 748 488 aliquo
783 432 855 476 die
887 434 1007 475 festo
1041 432 1089 474 in
1121 431 1213 474 alia
1247 431 1431 475 ecclesia
1465 431 1709 475 haberetur
1741 432 1881 476 missa
1903 433 2176 488 parochialis

299 516 343 552 et
377 511 587 563 frequens
620 507 777 563 populi
812 519 1067 559 concursus,
1117 505 1179 548 ibi
1213 506 1312 549 fieri
1362 510 1513 560 posset
1563 505 1868 560 denuntiat-io,
1917 507 2022 561 quia
2069 508 2177 550 finis

299 584 412 639 legis
445 584 510 626 ibi
544 583 706 626 melius
739 582 986 626 obtinetur.

448 733 578 790 150.
623 733 670 783 Α
702 733 933 803 propi-io
976 731 1394 782 contrcdzcntizmz
1429 730 1662 799 parocho
1706 731 1794 782 vel
1847 730 1916 782 ab
1960 731 2066 782 alio
2110 732 2176 783 de

299 825 415 874 eius
444 822 685 873 licentia.
730 822 991 890 Proprius
1021 818 1467 871 contrahentium
1493 819 1768 888 parochus
1798 828 1877 871 est
1903 820 2178 890 parochus

299 911 564 963 domicilii
607 911 694 961 vel
739 909 1211 980 quasi-domicilii.

450 1019 495 1069 1.
550 1017 816 1067 Paroclzus
873 1014 1037 1065 alium
1095 1013 1418 1065 sacerdotem
1475 1013 1547 1065 ad
1604 1013 2050 1065 denuntiationes
2107 1016 2176 1067 fa-

297 1106 522 1158 ciendas
565 1106 820 1175 delegare
863 1112 1068 1173 potest:
1128 1105 1332 1154 etenim
1387 1104 1431 1154 si
1474 1103 1544 1153 ad
1587 1102 1957 1155 assistendum
2000 1106 2178 1158 matri-

298 1198 499 1261 monio⁷
557 1215 589 1246 a
641 1195 851 1246 fortiori
908 1193 979 1245 ad
1035 1192 1477 1244 denuntiandum
1537 1195 1950 1244 matrimonium
2007 1193 2177 1246 alium

297 1285 550 1354 delegare
593 1293 786 1354 potest.
855 1284 1091 1335 Laicum
1134 1301 1265 1334 vero
1308 1282 1376 1334 ad
1422 1282 1478 1333 id
1522 1282 1775 1351 delegare
1819 1286 2027 1353 nequit,
2072 1286 2177 1336 nisi

299 1377 363 1426 iis
405 1376 461 1426 in
501 1373 652 1441 10015,
697 1376 753 1425 in
781 1374 1001 1444 quibus,
1044 1384 1104 1423 ut
1143 1374 1200 1423 in
1229 1372 1521 1442 Hispania,
1565 1371 1812 1440 legitima
1839 1374 2177 1426 consuetudo

298 1464 533 1515 invaluit
572 1464 858 1516 aedituum
903 1462 1213 1532 delegandi.

451 1570 501 1622 2.
549 1569 910 1621 Considerato
954 1570 1072 1619 iure
1117 1567 1443 1619 statuendae
1486 1576 1613 1618 sunt
1642 1577 1932 1636 sequentes
1960 1568 2181 1636 regulae

300 1659 629 1725 indicantes,
682 1666 867 1708 utrum
920 1659 974 1708 in
1027 1676 1138 1708 una
1179 1676 1249 1708 an
1292 1659 1349 1708 in
1390 1656 1643 1727 pluribus
1683 1658 1962 1727 parochiis
2004 1657 2178 1728 publi-

295 1751 541 1800 cationes
582 1749 700 1799 fieri
744 1747 1013 1799 debeant:

445 1859 493 1892 α.
550 1838 607 1890 Si
665 1839 852 1907 sponsi
907 1838 977 1887 ad
1032 1836 1268 1887 eandem
1311 1836 1632 1905 parochiam
1677 1839 1970 1906 pertinent,
2017 1840 2072 1889 in
2116 1857 2178 1890 ea

295 1936 526 1994 tantum,
582 1929 625 1980 si
679 1927 750 1978 ad
805 1927 1084 1978 diversam
1128 1925 1450 1995 parochiam
1494 1928 1788 1995 pertinent,
1849 1929 1906 1978 in
1947 1939 2180 1998 utraque

296 2018 701 2089 publicationes
742 2018 858 2069 fieri
903 2015 1123 2069 debent.

444 2109 488 2161 b.
546 2108 603 2160 Si
658 2107 919 2158 alteruter
961 2105 1051 2157 vel
1094 2114 1326 2176 uterque
1369 2125 1696 2176 sponsorum
1741 2107 2085 2160 domicilium
2129 2116 2182 2160 et

294 2197 829 2269 quasi-domicilium
888 2208 983 2247 aut
1040 2196 1148 2248 duo
1212 2195 1497 2248 domicilia
1558 2196 1647 2247 vel
1708 2197 2181 2266 quasi-domicilia

295 2286 480 2354 habet,
537 2288 594 2338 in
651 2286 910 2338 omnibus
967 2286 1053 2338 his
1102 2286 1384 2356 parochiis
1434 2286 1843 2356 publicationes
1892 2287 2180 2339 faciendae

296 2385 453 2428 sunt:
498 2377 878 2446 unusquisque
921 2378 1069 2427 enim
1113 2387 1193 2427 est
1233 2375 1510 2445 parochus
1554 2378 1824 2445 proprius

441 2482 753 2529 lllinorennes,
788 2481 863 2535 qui
899 2485 1030 2524 extra
1065 2480 1347 2523 domicilium
1381 2486 1626 2535 parentum
1670 2481 1742 2523 vel
1783 2485 1988 2523 tutorum
2035 2481 2180 2535 quasi-

295 2555 575 2598 domicilium
609 2555 793 2610 habent,
829 2566 927 2598 tum
961 2555 1009 2598 in
1045 2555 1272 2598 domicilio
1298 2556 1434 2612 facti,
1467 2555 1585 2609 quod
1617 2554 1707 2609 ipsi
1755 2554 1939 2610 habent,
1989 2561 2087 2598 tum
2131 2555 2180 2598 in

294 2631 523 2674 domicilio
546 2636 802 2686 parentum,
828 2632 946 2685 quod
970 2636 1037 2674 est
1062 2643 1213 2673 eorum
1241 2629 1522 2672 domicilium
1547 2630 1678 2681 iuris,
1706 2629 1975 2684 proclamari
2001 2629 2179 2673 debent.

444 2741 483 2773 c.
529 2720 586 2772 Si
624 2724 809 2790 sponsi
831 2722 1030 2772 relicto
1063 2720 1342 2772 domicilio
1374 2722 1430 2771 in
1461 2719 1632 2771 aliurn
1660 2719 1843 2771 locum
1872 2722 2180 2788 migrarunt

296 2810 483 2880 ibique
527 2830 735 2863 novum
765 2811 1109 2863 domicilium
1155 2813 1550 2880 acquisierunt,
1595 2812 1780 2861 stricto
1824 2812 1942 2861 iure
1984 2830 2092 2861 non
2123 2812 2176 2862 in

297 2900 562 2969 parochia
617 2903 816 2970 prioris
872 2903 967 2953 sed
1023 2903 1339 2970 posterioris
1396 2900 1663 2952 domicilii
1712 2900 2003 2952 faciendae
2054 2912 2181 2951 sunt

298 2989 718 3057 publicationes,
764 2993 893 3060 quia
936 3010 1048 3043 non
1091 2991 1179 3042 ille
1223 2992 1317 3042 sed
1361 2991 1451 3042 hic
1494 3001 1575 3042 est
1603 2990 1876 3060 parochus
1906 2991 2176 3059 proprius.

297 3080 386 3130 Ex
427 3099 530 3131 usu
572 3094 753 3132 autem
799 3090 851 3132 et
891 3084 1109 3133 statutis
1151 3081 1583 3150 particularibus
1614 3083 1689 3132 ita
1719 3080 2175 3149 distinguendum

294 3179 402 3220 est:
464 3171 507 3220 si
561 3172 746 3239 sponsi
802 3178 928 3221 ante
972 3170 1119 3222 breve
1162 3180 1361 3241 tempus
1402 3171 1534 3223 illuc
1576 3179 1865 3236 venerunt,
1921 3171 2178 3222 facienda

294 3268 378 3310 est
419 3258 765 3310 denuntiatio
808 3270 923 3310 tum
969 3264 1023 3311 in
1062 3260 1199 3328 loco7
1243 3261 1339 3312 ubi
1374 3270 1501 3312 actu
1530 3261 1755 3329 degunt,
1797 3270 1914 3312 tum
1949 3262 2005 3312 in
2040 3259 2175 3325 1000,

295 3348 442 3399 unde
484 3358 769 3402 venerunt.

446 3453 484 3479 α.
521 3439 673 3481 Breve
705 3441 893 3494 tempus,
926 3439 1050 3482 intra
1084 3440 1202 3494 quod
1236 3440 1533 3497 proclamatio
1565 3440 1614 3483 in
1639 3441 1735 3483 loco
1758 3439 1922 3495 prioris
1957 3439 2176 3483 domicilii

296 3512 548 3556 necessaria
582 3513 657 3568 sit,
693 3513 994 3557 diversimode
1027 3514 1253 3558 statuitur
1284 3528 1311 3558 a
1343 3528 1427 3558 sex
1458 3515 1688 3558 mensibus
1717 3528 1859 3569 usque
1892 3514 1954 3557 ad
1984 3514 2178 3570 quinque
