2269 3898
674 213 740 256 De
775 213 936 256 mediis
970 214 1027 256 ad
1060 216 1195 257 finem
1229 215 1459 258 ultimum.
1938 217 1992 258 ί21

126 352 362 401 peccatum
397 346 587 389 mortale
622 346 949 400 despera-tionis
983 346 1219 389 amittitur
1251 361 1352 403 spes
1395 361 1494 390 cum
1539 348 1731 391 caritate
1764 352 1807 391 et
1842 348 1994 403 gratia

126 420 460 475 sanctificante,
492 433 582 462 non
614 424 767 462 autem
801 421 928 474 fideS,
963 434 1075 474 quae
1108 425 1174 464 est
1210 422 1394 476 praevia
1427 422 1665 477 dispositio
1699 424 1755 465 ad
1791 436 1913 477 spem
1947 427 1991 465 et

120 494 479 537 fundamentum
529 493 730 536 omnium
779 494 1006 536 virtutum
1057 496 1487 549 supernaturalium.
1551 497 1752 540 Tandem
1787 510 1865 551 per
1896 511 1993 551 pec-

124 571 280 610 catum
329 569 520 611 mortale
570 568 766 611 haeresis
815 568 1052 611 amittitur
1092 569 1212 625 fides
1261 583 1359 612 cuin
1401 571 1553 624 gratia
1599 571 1914 614 sanctificante
1948 575 1992 613 et

121 642 336 685 omnibus
369 641 622 685 virtutibus
655 642 834 684 infusis.

274 790 366 843 19.
410 790 494 844 De
535 791 864 843 virtutibus
905 790 1257 844 moralibus.
1315 792 1566 844 Virtutes
1596 791 1827 843 morales
1869 792 1992 843 illae

122 880 400 945 dicuntur,
445 897 675 949 quarum
720 879 995 930 obiectum
1038 879 1266 931 formale
1302 887 1382 931 est
1410 881 1687 931 actionum
1718 883 1991 933 honestas

274 1004 320 1037 ct.
366 984 506 1036 Cum
550 983 616 1035 de
657 984 763 1035 fide
805 992 1013 1034 certum
1057 1002 1166 1035 non
1209 986 1277 1035 sit
1316 972 1481 1035 etiain
1513 986 1742 1036 virtutes
1769 985 1991 1036 morales

119 1092 154 1124 a
182 1073 300 1124 Deo
328 1072 486 1124 nobis
516 1073 752 1138 infundi,
785 1081 911 1123 sunt
939 1072 1177 1141 theologi
1208 1072 1523 1143 (scotistae)‚
1557 1075 1649 1143 qui
1680 1074 1734 1125 id
1763 1083 1987 1143 negant3

121 1181 311 1213 eorum
369 1171 553 1213 tamen
610 1161 859 1213 doctrina
913 1161 981 1213 ab
1037 1162 1158 1213 aliis
1214 1170 1274 1213 ut
1315 1181 1541 1214 erronea.
1582 1164 1844 1215 reiicitur,
1924 1163 1990 1215 Et

122 1271 254 1303 sane
296 1253 339 1302 si
383 1259 595 1302 constat
635 1253 866 1302 Virtutes
907 1251 1244 1320 theologicas
1294 1252 1530 1319 infundi,
1586 1253 1641 1303 id
1698 1253 1763 1304 de
1819 1270 1989 1304 mora·

122 1341 267 1393 libus
310 1342 501 1410 negari
543 1360 651 1392 non
695 1348 900 1410 potest:
959 1341 1152 1392 eadem
1206 1343 1353 1393 enim
1408 1350 1486 1393 est
1539 1342 1855 1393 necessitas
1886 1343 1991 1393 vir-

121 1439 302 1482 tutum
356 1429 644 1481 moralium
700 1438 752 1480 et
803 1429 1236 1498 theologicarum
1286 1431 1356 1482 ad
1410 1432 1657 1500 proprios
1707 1440 1860 1482 actus
1902 1431 1991 1482 eli-

119 1520 373 1585 ciendos3
433 1522 475 1570 si
535 1537 660 1587 ergo
719 1520 871 1570 Deus
927 1519 1173 1571 infundit
1228 1521 1459 1571 Virtutes
1518 1519 1870 1589 theologicas7
1932 1528 1991 1571 ut

119 1628 311 1661 earum
379 1617 535 1660 actus
590 1626 688 1677 per
743 1609 958 1659 interna
1014 1610 1290 1678 principia
1347 1609 1779 1661 connaturaliter
1840 1629 1987 1661 exer-

119 1707 363 1765 ceantur,
408 1717 476 1748 ex
519 1697 711 1749 eadem
737 1698 949 1748 ratione
981 1699 1146 1749 etiam
1175 1700 1405 1749 virtutes
1433 1698 1665 1750 morales
1694 1698 1989 1751 infundere

120 1787 300 1840 debet.
380 1787 513 1838 Ideo
558 1787 925 1838 catechismus
966 1805 1225 1839 romanus
1268 1787 1454 1839 docet:
1522 1789 1696 1855 „Huic
1738 1789 1988 1858 (gratiae)

116 1876 343 1927 additur
395 1876 770 1928 nobilissimus
836 1878 1083 1928 omnium
1150 1879 1417 1928 virtutum
1472 1879 1778 1946 comitatus5
1846 1896 1987 1947 quae

118 1967 176 2017 in
219 1967 462 2017 animam
506 1984 630 2017 cum
675 1967 850 2035 gratia
893 1965 1161 2017 divinitus
1204 1966 1604 2018 infunduntur“
1622 1966 1674 2030 1).

267 2071 310 2124 b.
371 2071 518 2136 Quot
573 2071 682 2121 sint
734 2071 964 2121 virtutes
1018 2070 1250 2121 morales
1299 2071 1530 2135 infusae,
1589 2089 1699 2122 non
1756 2079 1984 2122 constat.

117 2159 434 2210 Dicendum
475 2159 697 2210 videtur
738 2169 973 2228 quatuor
999 2161 1231 2211 virtutes
1269 2159 1576 2212 cardinales
1610 2161 1846 2227 infundi,
1891 2161 1986 2212 sed

117 2266 225 2299 non
267 2248 476 2317 plures:
523 2266 647 2299 cum
687 2250 834 2298 enim
867 2248 1111 2317 reliquae
1130 2242 1370 2300 >virtutes
1401 2249 1632 2301 morales
1658 2249 1726 2301 ad
1756 2250 1985 2301 virtutes

112 2336 424 2388 cardinales
476 2345 806 2388 revocentur
860 2345 1143 2407 tamquam
1201 2356 1388 2389 earum
1449 2347 1631 2407 partes
1690 2337 1984 2407 integrales

112 2434 210 2476 aut
261 2425 619 2492 subiectivae,
678 2425 898 2477 illarum
955 2426 1176 2478 habitus
1233 2428 1398 2478 etiam
1455 2427 1525 2479 ad
1581 2428 1775 2480 harum
1827 2436 1984 2480 actus

110 2514 413 2566 eliciendos
455 2515 749 2568 sufficiunt.

264 2678 357 2731 20.
399 2678 551 2750 Quid
592 2681 917 2746 operentur
956 2680 1233 2733 Virtutes.
1276 2679 1511 2731 Habitus
1549 2681 1714 2733 infusi
1742 2700 1811 2734 ex
1841 2700 1981 2734 com-

112 2767 364 2817 muniore
426 2775 478 2818 et
540 2770 754 2818 veriore
820 2767 1199 2836 theologorum
1267 2770 1539 2820 sententia
1601 2769 1746 2822 'dant
1805 2772 1981 2840 ipsam

112 2862 454 2923 potestatem,
531 2874 640 2908 non
709 2858 874 2908 etiam
934 2857 1256 2909 facilitatem
1319 2858 1761 2927 supernaturales
1825 2869 1980 2912 actus

109 2943 406 3012 eliciendi,⁴
451 2946 580 3015 quia
635 2946 906 2998 inclinant
962 2947 1185 3016 quidem
1243 2947 1313 2999 ad
1370 2966 1494 2999 suos
1557 2956 1728 3013 actus,
1790 2966 1978 3000 eorum

111 3033 510 3101 impedimenta
550 3043 732 3086 autem
776 3054 882 3086 non
926 3044 1226 3088 removent.

261 3150 302 3179 α.
336 3138 406 3180 Ex
437 3138 508 3181 his
541 3138 632 3182 iam
656 3142 786 3193 patet
809 3138 1097 3194 potissimum
1123 3139 1383 3188 discrimen,
1416 3140 1534 3194 quod
1557 3141 1676 3183 inter
1700 3140 1888 3183 virtutes·
1911 3141 1975 3183 in-

101 3213 248 3267 fusas
271 3214 316 3253 et
336 3212 584 3266 acquisitas
604 3209 871 3256 intercedit:
899 3228 939 3256 α.
964 3213 1162 3257 virtutes
1186 3214 1305 3256 enim
1329 3214 1507 3257 infusae
1532 3214 1642 3257 dant
1666 3214 1814 3269 ipsam
1840 3216 1977 3258 facul-

110 3288 272 3340 tatem,
304 3289 353 3328 at
385 3299 475 3329 non
507 3286 646 3330 etiam
678 3287 954 3330 facilitatem
988 3287 1400 3342 supernaturaliter
1433 3287 1670 3342 operandi:
1721 3301 1822 3330 cum
1855 3288 1975 3331 enim

107 3358 434 3414 infunduntur,
467 3373 556 3403 non
589 3363 805 3404 auferunt
836 3361 1167 3416 impedimenta
1201 3362 1430 3417 operandi,
1466 3374 1580 3415 quae
1612 3361 1887 3415 proveniunt
1921 3376 1975 3406 ex

109 3433 475 3487 concupiscentia
508 3439 554 3477 et
586 3448 640 3478 ex
673 3435 806 3478 malis
838 3435 1086 3478 habitibus.
1119 3436 1336 3479 Facilitas
1370 3434 1584 3490 operandi
1608 3448 1686 3489 per
1708 3435 1974 3478 exercitium

263 3565 294 3619 ¹)
325 3567 391 3609 De
425 3566 651 3621 baptismo
684 3583 726 3612 n.
762 3568 831 3611 51.
