2269 3898
1926 170 1948 179 1-

727 173 792 214 De
824 177 990 214 natura
1022 170 1315 214 matrimonii.
1933 180 1943 210 c

91 306 291 350 monium
325 306 634 349 consentiunt:
669 305 829 347 volunt
863 304 981 347 enim
1016 303 1277 346 societatem
1311 303 1367 345 ad
1402 302 1628 345 habendos
1662 301 1782 344 filios
1825 301 1951 344 insti·

91 385 265 431 tutam;
301 393 407 435 ergo
440 380 602 422 volunt
635 377 773 421 etiam
808 377 1006 420 medium
1042 390 1118 419 seu
1151 382 1303 419 actum
1338 377 1395 419 ad
1427 376 1474 418 id
1506 376 1820 420 necessarium.

240 515 269 532 ,ω
354 514 380 534 ἡ

249 530 290 568 ι.
351 535 400 566 ε).
462 514 678 563 Μῑιίιιῑιε
726 513 758 563 i.
803 529 847 561 e.
901 509 969 560 ab
1030 518 1260 578 utraque
1321 520 1472 577 parte
1531 511 1767 578 positus:
1830 527 1950 560 con-

91 610 295 653 tractus
318 602 464 652 enim
488 599 905 651 matrimonialis
929 606 1007 649 est
1026 605 1338 649 contractus
1357 597 1656 649 bilateralis
1676 616 1949 661 onerOSUS,

95 692 188 759 qui
232 708 300 740 ex
341 697 571 757 utraque
613 695 766 756 parte
808 687 1168 754 obligationes
1210 688 1458 754 imponit,
1503 688 1596 738 sed
1635 705 1743 737 non
1779 694 1956 755 potest

92 797 161 830 ex
202 786 431 847 utraque
473 785 626 846 parte
663 776 925 827 inducere
954 775 1362 842 obligationem,
1400 777 1504 825 nisi
1535 783 1762 844 uterque
1794 774 1952 825 velit:

92 885 252 919 nemo
296 867 442 916 enim
485 884 581 934 per
623 872 962 916 contractum
1005 863 1236 930 obligari
1278 872 1469 932 potest,
1513 865 1616 914 nisi
1658 865 1773 931 ipse
1803 863 1953 915 velit.

239 969 279 997 a.
314 955 502 997 Mutuus
544 952 908 997 contrahentium
955 965 1194 995 consensus
1239 952 1371 995 debet
1410 965 1504 995 esse
1546 953 1866 1003 sinmltanens,
1909 956 1957 994 at

91 1044 180 1073 non
212 1029 472 1083 requiritur,
506 1033 559 1071 ut
593 1027 654 1070 sit
687 1027 870 1082 physice
903 1026 1218 1081 simultaneus,
1250 1026 1279 1069 i.
1317 1040 1352 1069 e.
1386 1030 1439 1069 ut
1473 1026 1528 1069 ab
1571 1030 1762 1080 utroque
1803 1026 1955 1069 eodem

93 1114 294 1158 tempore
327 1102 550 1156 eliciatur,
584 1103 661 1146 sed
695 1102 884 1155 sufficit,
917 1106 970 1144 ut
1013 1100 1248 1144 moraliter
1292 1101 1592 1144 simultaneus
1636 1100 1710 1153 sit,
1751 1100 1779 1142 i.
1825 1113 1860 1143 e.
1903 1106 1957 1141 ut

92 1177 227 1220 unius
260 1190 499 1220 consensus
533 1177 680 1219 adhuc
703 1176 931 1231 perduret,
965 1175 1143 1229 quando
1167 1175 1284 1217 alter
1307 1187 1571 1217 consensum
1595 1188 1724 1217 suum
1750 1173 1954 1217 exhibet:

92 1251 307 1294 maiorem
341 1250 460 1294 enim
495 1250 904 1294 simultaneitatem
938 1254 984 1292 et
1015 1248 1226 1291 unionem
1268 1262 1399 1302 quam
1441 1249 1555 1291 hanc
1600 1249 1836 1302 moralem,
1878 1260 1959 1290 nec

92 1325 210 1368 ratio
246 1330 504 1368 contractus
537 1337 617 1367 nec
648 1324 765 1367 ratio
816 1323 1087 1366 sacramenti
1135 1322 1295 1377 exigit.
1359 1323 1456 1365 Non
1503 1323 1623 1365 ratio
1671 1324 1959 1365 contractas:

93 1399 261 1442 etenim
297 1398 332 1441 si
367 1398 502 1442 unius
536 1411 777 1441 consensus
811 1397 947 1440 semel
980 1396 1161 1439 elicitus
1193 1410 1283 1439 non
1315 1396 1455 1439 fuerit
1489 1400 1739 1450 revocatus,
1772 1396 1959 1449 ideoque

95 1473 329 1516 moraliter
365 1474 511 1527 duret,
544 1472 733 1515 alterius
766 1485 1005 1514 consensus
1039 1484 1083 1513 se
1114 1471 1152 1514 ei
1177 1471 1447 1525 coniungere
1469 1474 1605 1524 atque
1626 1469 1725 1512 ideo
1749 1473 1958 1511 mutuum

94 1560 358 1590 consensum
393 1547 669 1590 constituere
701 1550 867 1600 potest.
930 1546 1027 1588 Non
1060 1546 1180 1587 ratio
1212 1545 1504 1595 sacramenti,
1547 1544 1652 1598 quia
1686 1544 1875 1598 sufficit,
1906 1548 1960 1586 ut

94 1621 287 1665 materia
334 1625 379 1664 et
425 1623 573 1664 forma
621 1620 756 1663 simul
805 1619 1059 1663 coexistant
1103 1632 1154 1662 ea
1202 1619 1580 1672 simultaneitate,
1629 1631 1761 1672 quam
1812 1617 1960 1672 exigit

91 1701 258 1738 natura
291 1693 583 1744 sacrament-i;
633 1694 761 1748 atqui
805 1698 971 1736 natura
1019 1693 1153 1736 huius
1202 1692 1486 1745 sacramenti,
1536 1692 1701 1747 quippe
1749 1691 1865 1746 quod
1913 1690 1960 1734 in

95 1773 332 1812 contractu
365 1768 601 1822 consistat,
634 1768 771 1811 aliam
807 1767 1217 1810 simultaneitatem
1265 1767 1353 1809 nisi
1403 1768 1616 1810 moralem
1665 1779 1753 1808 non
1802 1765 1962 1820 exigit.

252 1844 288 1885 b.
322 1843 393 1885 Ad
427 1842 751 1896 quaestionem,
785 1847 1007 1896 quantum
1056 1841 1273 1896 temporis
1322 1841 1520 1898 spatium
1569 1841 1690 1883 inter
1735 1839 1869 1882 unius
1917 1847 1963 1883 et

97 1917 288 1960 alterius
336 1929 599 1959 consensum
647 1915 923 1958 intercedere
970 1915 1130 1970 possit,
1170 1919 1224 1958 ut
1257 1915 1404 1958 adhuc
1436 1915 1668 1958 moraliter
1701 1913 1961 1956 simultanei

99 1995 381 2044 censeantur,
434 2004 525 2033 non
556 2003 647 2032 una
680 1994 748 2032 est
782 1995 1017 2032 auctorum
1050 1989 1302 2044 responsio:
1349 1988 1428 2032 alii
1463 1989 1581 2032 enim
1616 1994 1797 2031 censent
1831 1987 1961 2041 quod-

96 2079 269 2121 cunque
302 2064 518 2120 temporis
550 2064 863 2116 intervallum,
896 2064 975 2107 alii
999 2063 1301 2119 septennium,
1334 2063 1413 2106 alii
1437 2062 1700 2116 triennium,
1732 2061 1810 2104 alii
1845 2060 1962 2104 deni-

97 2154 181 2194 que
223 2153 391 2183 annum
431 2138 708 2181 intercedere
748 2151 890 2193 posse,
931 2138 1039 2192 quin
1081 2137 1361 2192 impediatur
1403 2136 1585 2180 moralis
1626 2123 1963 2179 simultaneitas

98 2227 411 2264 consensuum,
444 2213 575 2256 modo
608 2212 731 2267 prior
763 2224 1003 2255 consensus
1035 2226 1124 2255 non
1157 2212 1299 2254 fuerit
1331 2216 1566 2254 revocatus
1599 2223 1679 2253 nec
1711 2223 1789 2264 pro
1824 2210 1962 2252 deter-

97 2288 271 2331 minato
319 2291 503 2330 tantum
556 2290 758 2340 tempore
811 2286 1003 2329 elicitus.
1069 2285 1169 2328 Duo
1221 2285 1269 2327 in
1320 2285 1403 2327 hac
1455 2297 1501 2327 re
1553 2288 1674 2327 certa
1725 2283 1962 2326 videntur:

95 2376 137 2403 α.
174 2374 438 2405 consensum
472 2374 550 2416 per
581 2361 759 2415 lapsum
792 2360 919 2415 longi
955 2360 1171 2415 temporis
1203 2359 1347 2402 tacite
1368 2363 1628 2402 revocatum
1661 2357 1842 2411 censeri,
1874 2356 1963 2399 nisi

95 2434 144 2477 in
176 2434 328 2489 aliquo
363 2436 530 2477 effectu
563 2439 748 2477 externo
781 2422 1044 2478 virtualiter
1076 2434 1314 2489 perduret:
1360 2435 1398 2482 β.
1434 2433 1651 2487 quamdiu
1697 2433 1827 2474 duret-
1868 2444 1964 2474 con·

98 2521 255 2552 sensus
288 2509 424 2551 semel
458 2508 653 2563 elicitus,
685 2522 775 2552 non
809 2508 1028 2562 absolute,
1068 2508 1143 2550 sed
1177 2507 1369 2550 relative
1416 2506 1809 2550 determinandum
1854 2517 1962 2558 esse,

98 2583 271 2626 scilicet
302 2583 479 2626 ratione
518 2583 676 2626 habita
717 2583 1034 2626 adiunctorum
1078 2581 1439 2637 particularium,
1481 2593 1593 2635 quae
1636 2580 1870 2633 efficiunt,
1910 2589 1964 2620 ut

99 2669 340 2700 consensus
373 2658 505 2700 modo
541 2657 728 2709 diutius,
763 2657 894 2700 modo
929 2656 1108 2699 brevius
1142 2655 1450 2710 perseveret¹>.

249 2805 301 2857 S.
340 2807 390 2857 4.
434 2804 591 2874 δέρης)
634 2805 872 2856 sensibili
914 2823 1223 2874 expressus:
1264 2803 1334 2854 ad
1375 2803 1623 2855 validum
1665 2803 1810 2852 enim
1856 2819 1962 2852 ma-

96 2894 418 2945 trimonium
448 2886 773 2944 'ineundum
810 2901 927 2944 tum
965 2895 1178 2944 ratione
1220 2900 1532 2943 contractus
1569 2900 1684 2941 tum
1724 2889 1964 2940 maxime

98 2983 311 3034 ratione
365 2983 693 3033 sacramenti
749 2981 919 3051 (quod
975 2981 1334 3033 essentialiter
1389 2982 1441 3032 in
1503 2981 1658 3049 signo
1719 2976 1964 3030 sensibili

101 3072 367 3137 consistit)
420 3088 529 3122 non
585 3070 790 3121 sufficit
846 3089 1142 3122 consensus
1196 3072 1467 3136 internus,
1524 3069 1619 3120 sed
1671 3068 1965 3138 requiritur

100 3168 374 3225 externus,
418 3161 572 3228 signo
615 3158 861 3210 sensibili
902 3160 1301 3212 manifestatus.

250 3249 695 3299 Determinatum
737 3255 920 3299 autem
963 3249 1181 3315 signum
1223 3247 1294 3299 ad
1337 3246 1581 3298 valorem
1630 3263 1806 3315 neque
1847 3245 1965 3295 iure

101 3344 329 3388 naturae
355 3354 535 3405 neque
563 3337 680 3387 iure
709 3335 1076 3388 ecclesiastico
1114 3335 1535 3405 praescribitur,
1575 3353 1742 3404 quare
1776 3351 1965 3384 omnes

255 3514 285 3568 ¹)
317 3514 384 3557 Cf.
420 3513 627 3574 &turbes
659 3514 686 3555 l.
721 3513 759 3555 Ξ.
796 3513 910 3568 disp.
944 3514 1013 3556 32.
1047 3528 1090 3556 n.
1125 3514 1164 3557 6.
