2269 3898
863 156 929 198 De
961 153 1257 209 sponsalibus.
1941 150 1994 192 47

129 291 377 343 invalida
420 291 544 344 sint.
595 289 817 341 Scilicet
857 290 900 339 si
942 296 1196 356 parentes
1238 287 1435 337 iustam
1480 286 1750 336 rationem
1794 283 2000 335 habent

127 379 508 444 dissentiendi,
565 376 841 447 sponsalia
883 384 1010 427 sunt
1049 375 1313 439 invalida,
1369 393 1478 425 non
1533 382 1755 443 propter
1797 373 2001 425 dissen-

131 488 250 520 sum
292 481 601 538 parentum⁷
645 466 738 518 sed
783 467 912 535 quia
954 465 1369 516 matrimonium
1425 465 1480 514 in
1530 463 1634 514 hoc
1677 482 1807 514 casu
1848 461 2000 513 illici-

128 569 246 610 tum
288 565 395 620 est;
439 556 510 608 ad
551 574 665 606 rem
709 553 957 605 illicitam
1000 562 1183 605 autem
1225 552 1376 604 nulla
1406 561 1485 603 est
1514 551 1795 619 obligatio.
1854 551 2003 601 Hinc

130 649 176 698 si
217 654 471 716 parentes
523 646 640 696 sine
691 645 835 694 iusta
886 645 1097 694 ratione
1155 642 1502 707 dissentiunt7
1562 640 1838 709 sponsalia
1893 657 2001 691 non

130 734 302 787 solum
335 733 537 800 valida,
582 733 676 784 sed
720 734 884 784 etiam
925 732 1077 783 licita
1115 740 1256 797 sunt7
1303 731 1462 781 modo
1495 748 1681 781 eorum
1711 729 2000 781 consilium

131 823 316 875 debite
358 823 692 892 exquisitum
735 821 916 874 fuerit.
954 873 957 874 γ

283 926 446 970 Omnes
495 925 785 969 consentiunt
834 930 1044 979 parentes
1099 924 1218 966 iuste
1268 923 1522 976 dissentire,
1577 923 1613 965 si
1662 922 2004 966 matrimonium

130 1000 254 1045 cedit
285 1001 332 1043 in
366 1000 558 1043 dedecus
570 999 787 1056 familiae
819 999 891 1042 vel
926 998 962 1041 si
996 1012 1050 1041 ex
1084 1011 1132 1041 eo
1162 998 1325 1052 syrac-ia
1359 997 1576 1040 scandala
1612 997 1679 1039 cel
1700 996 2007 1039 dissensiones

132 1076 308 1119 oritura
340 1074 684 1130 praevidentur:
736 1073 822 1116 filii
857 1073 974 1116 enim
1022 1073 1212 1116 dedecus
1257 1071 1462 1114 familiae
1506 1085 1558 1114 ex
1592 1071 1775 1114 iustitia
1809 1075 1853 1113 et
1889 1084 2007 1113 scan-

135 1151 241 1193 dala
273 1154 410 1203 atque
453 1148 752 1192 dissensiones
793 1161 847 1190 ex
891 1147 1083 1190 caritate
1116 1159 1382 1201 praecavere
1415 1150 1650 1195 tenentur;
1696 1146 1815 1188 unde
1856 1158 2007 1188 eorum

137 1223 476 1267 matrimonium
525 1223 573 1265 111
621 1223 703 1265 hoc
751 1236 855 1265 casu
903 1221 1117 1264 illicitum
1168 1225 1297 1264 esset.
1364 1221 1528 1263 Utrum
1581 1220 1700 1263 iuste
1734 1219 2009 1262 dissentiant

137 1302 347 1354 parentes
368 1301 563 1353 propter
604 1297 842 1339 notabilem
890 1296 1207 1351 disparitatem
1252 1295 1523 1338 condicionis
1566 1294 1804 1348 utriusque
1844 1293 2011 1348 sponsi,

138 1373 233 1416 sive
265 1385 318 1415 ex
358 1371 600 1414 nobilitate
642 1371 736 1414 sive
780 1385 833 1414 ex
875 1370 1052 1412 divitiis
1098 1383 1149 1412 ea
1182 1369 1370 1422 oriatur,
1415 1383 1471 1411 an
1505 1382 1609 1412 vero
1653 1368 1805 1423 sponsi
1850 1367 1899 1410 111
1932 1368 2011 1409 hos·

140 1460 244 1490 casu
276 1450 520 1489 teneantur
560 1450 680 1489 stare
722 1444 968 1500 promissiS,
1009 1458 1097 1486 11011
1140 1456 1279 1498 aeque
1321 1443 1611 1486 consentiunt
1651 1446 1869 1485 auctores.
1933 1442 2013 1484 No-

142 1521 332 1564 tandum
376 1524 443 1563 est
478 1520 786 1574 quaestionem
829 1531 1094 1573 supponere,
1139 1531 1324 1572 sponsos
1368 1522 1571 1572 tempore
1616 1517 1892 1572 sponsalium
1930 1516 2014 1558 dis-

145 1594 357 1650 paritatis
390 1594 510 1637 inter
538 1594 660 1648 ipsos
693 1593 932 1636 existentis
957 1592 1040 1635 sibi
1065 1592 1263 1634 conscios
1294 1591 1459 1634 fuisse:
1496 1591 1662 1634 etenim
1700 1591 1736 1633 si
1772 1604 1867 1634 eam
1891 1590 2014 1645 igno-

144 1674 332 1723 rassent,
367 1668 596 1723 sponsalia
628 1673 710 1710 aut
742 1667 947 1710 invalida
980 1672 1061 1710 aut
1095 1666 1257 1709 saltem
1284 1665 1592 1708 rescindibilia
1626 1669 1788 1708 essent.
1852 1665 2014 1719 Itaque

141 1758 184 1786 a.
220 1744 256 1786 si
299 1743 640 1786 matrimonium
684 1748 867 1797 propter
910 1741 1229 1796 disparitatem
1272 1740 1547 1783 condicionis
1587 1740 1824 1794 utriusque
1865 1739 2016 1794 sponsi

149 1818 285 1860 affert
318 1821 400 1860 aut
435 1817 626 1859 dedecus
658 1816 864 1859 familiae
898 1819 978 1858 aut
1003 1815 1218 1858 seandala
1250 1815 1344 1857 sive
1379 1815 1481 1857 odia
1514 1819 1559 1857 et
1593 1814 1892 1857 dissensiones
1924 1827 2019 1868 pro-

146 1892 433 1947 pinquorum,
475 1889 703 1945 sponsalia
736 1893 920 1944 propter
962 1889 1042 1931 hos
1076 1890 1266 1932 effectus
1308 1889 1455 1931 futuri
1500 1887 1780 1930 matrimonii
1812 1886 2019 1930 invalida

147 1971 266 2009 sunt.
333 1966 501 2019 Quodsi
553 1966 588 2007 b.
623 1964 739 2007 nihil
787 1965 946 2007 horum
991 1977 1045 2006 ex
1092 1965 1249 2006 futuro
1291 1962 1583 2006 matrimonio
1631 1962 1885 2005 timendum
1935 1965 2018 2015 est,

144 2040 377 2096 sponsalia
409 2039 577 2083 censeri
613 2039 776 2082 debent
808 2038 985 2090 valida:
1031 2041 1076 2080 et
1111 2050 1217 2080 sane
1260 2037 1475 2080 illicitum
1519 2050 1607 2079 non
1641 2041 1724 2090 est,
1769 2042 1823 2078 ut
1855 2035 2019 2078 nobilis

145 2129 246 2158 011111
280 2114 469 2170 plebeia,
504 2114 629 2157 dives
663 2127 762 2156 011111
797 2125 992 2168 paupere
1026 2111 1369 2155 matrimonium
1402 2112 1541 2154 ineat.

298 2263 394 2316 49.
462 2264 546 2316 De
600 2263 983 2330 sponsalibus
1041 2262 1204 2314 inter
1257 2275 1357 2314 eos
1418 2261 1614 2322 initis,
1669 2261 1770 2326 qui
1822 2259 2021 2325 aliquo

149 2353 579 2422 impedimento
624 2354 745 2406 sive
789 2352 1113 2405 dirimente
1156 2351 1279 2404 sive
1319 2350 1687 2417 impediente
1726 2350 2022 2403 laborant.

154 2444 202 2495 1.
265 2441 554 2511 Sponsalia
616 2443 758 2492 inter
816 2459 1078 2510 personas
1139 2439 1535 2508 impedimento
1598 2436 2021 2506 indispensabili

152 2531 465 2584 laborantes
507 2530 754 2582 invalida
795 2538 954 2582 sunt:
1000 2547 1124 2580 cum
1157 2531 1304 2580 enim
1347 2528 1760 2579 matrimonium
1804 2534 2024 2595 propter

152 2620 615 2689 impedimentum
650 2638 933 2690 nunquam
971 2618 1154 2670 valide
1196 2619 1323 2669 iniri
1366 2618 1551 2686 possit7
1596 2616 1929 2685 spondentes
1970 2633 2025 2666 se

150 2709 409 2782 obligant
443 2709 513 2760 ad
554 2727 668 2761 rem
712 2708 962 2760 illicitam
1008 2718 1060 2759 et
1102 2705 1529 2776 impossibilem3
1574 2705 1642 2757 ad
1684 2723 1800 2756 rem
1842 2711 2025 2755 autem

156 2799 404 2850 illicitam
448 2797 535 2849 vel
578 2797 974 2867 impossibilem
1017 2796 1169 2848 nulla
1211 2804 1292 2848 est
1333 2795 1611 2863 obligatio,

308 2902 668 2959 Inclispensabile
687 2902 855 2945 dicitur
876 2901 1271 2956 impedimentum,
1294 2901 1341 2943 in
1361 2914 1446 2955 quo
1466 2899 1652 2943 ecclesia
1670 2899 1930 2953 dispensare
1948 2902 2027 2941 aut

158 2991 248 3022 non
270 2982 437 3033 potest,
460 2982 542 3020 aut
563 2990 794 3031 nunquam
820 2977 949 3031 solet,
976 2980 1058 3019 aut
1082 2975 1341 3030 dispensare
1365 2974 1543 3029 quidem
1569 2974 1699 3028 solet,
1723 2973 1799 3017 sed
1822 2973 1870 3015 in
1893 2972 2029 3027 parti-

153 3052 302 3096 -culari
325 3065 430 3096 casu
455 3052 617 3095 desunt
641 3064 814 3105 causae,
838 3063 951 3105 quae
973 3051 1031 3094 ad
1055 3050 1347 3093 obtinendam
1373 3048 1755 3103 dispensationem
1781 3046 2027 3090 sufficiant.

311 3143 360 3194 2.
402 3141 557 3193 Idem
601 3141 898 3192 dicendum
941 3148 1021 3191 est
1071 3140 1137 3190 de
1194 3138 1542 3208 sponsalibus
1596 3136 1832 3189 absolute
1882 3137 2031 3186 initis

162 3234 307 3283 inter
344 3231 604 3300 personas
638 3225 1033 3299 impedimento
1065 3227 1427 3298 dispensabili
1456 3227 1798 3279 laborantes:
1843 3243 2022 3295 quam-

160 3321 448 3372 diuenim
490 3319 948 3389 impedimentum
992 3319 1192 3383 existit,
1235 3316 1383 3368 licite
1420 3318 1742 3368 contrahere
1772 3332 1881 3365 non
1910 3332 2026 3382 pos-

168 3416 320 3475 sunt3
377 3427 503 3478 ergo
561 3427 738 3478 neque
789 3407 861 3459 ad
917 3406 1356 3459 contrahendum
1398 3404 1645 3457 absolute
1690 3422 1744 3456 se
1788 3402 2030 3471 obligare

165 3505 410 3566 possunt.
