2269 3898
812 121 878 164 De
909 121 1009 176 lege
1042 122 1256 166 humana..
1369 124 1372 128 ’
1888 126 1971 169 125

245 253 528 297 Potestatem
560 253 801 307 legiferam
834 254 1006 309 triplici
1041 255 1172 298 modo
1206 260 1383 299 exercet
1417 270 1619 299 summus
1657 257 1888 311 pontifex:

246 341 286 369 a.
340 326 725 370 Constitutionem
774 328 959 383 edendo,
1009 342 1098 383 qua
1146 330 1219 372 lex
1267 330 1541 373 universalis
1591 332 1740 373 fertur
1789 336 1835 374 et
1878 346 1970 386 pro-

98 414 141 442 m
147 401 337 455 ulgatur
351 415 358 455 3

247 475 283 517 b.
337 475 502 530 Legem
536 475 860 530 particularem
893 477 1077 520 ferendo
1122 490 1202 532 pro
1235 477 1388 532 aliqua
1426 478 1659 532 provincia
1690 480 1763 522 vel
1797 494 1875 535 pro
1911 495 1974 523 or-

99 548 204 591 dine
234 548 471 603 religioso;

247 637 280 666 c.
335 623 428 678 Ope
475 623 879 678 congregationum
928 638 1216 667 romanarum
1267 626 1446 669 decreta
1495 627 1565 670 vel
1615 628 1738 681 leges
1787 630 1972 672 edendo>

99 711 209 752 quas
241 697 338 753 ipse
371 711 581 753 suprema
612 698 889 742 auctoritate
922 712 1003 742 sua
1036 700 1291 743 confirmat.

250 772 377 825 Quod
408 772 503 815 vim
536 772 652 827 legis
685 776 731 816 et
765 772 1090 828 obligationem
1136 773 1321 828 attinet,
1369 774 1485 816 nihil
1528 776 1681 828 refert,
1725 789 1809 829 quo
1844 778 1974 819 modo

98 847 308 902 pontifex
339 849 486 902 legem
521 847 700 900 condat,
732 860 813 890 nec
844 849 984 891 refert
1015 851 1171 890 utrum
1207 861 1285 902 per
1318 847 1489 891 bullam
1535 863 1592 891 an
1626 863 1705 904 per
1739 850 1871 893 breve
1904 853 1974 894 vel

101 922 189 965 alio
225 923 401 966 decreto
435 921 679 976 quidquam
714 921 982 977 praecipiat.

250 1013 296 1063 2.
348 1009 638 1062 Concilium
678 1013 1054 1063 oecumenicwn
1096 1030 1192 1080 pro
1233 1019 1345 1062 tota
1375 1011 1625 1079 ecclesia,
1658 1015 1700 1064 si
1731 1014 1975 1082 legitime

102 1109 484 1167 convocatum,
540 1099 880 1152 celebratum
936 1110 988 1151 et
1040 1121 1072 1152 a
1112 1118 1338 1152 romano
1386 1102 1644 1170 pontifice
1690 1103 1974 1154 confirma—

102 1198 218 1241 tum
261 1192 357 1256 sit3
401 1189 677 1241 concilium
716 1188 992 1241 nationale
1034 1208 1129 1241 seu
1170 1189 1485 1259 plenarium
1531 1210 1627 1260 pro
1670 1200 1782 1244 toto
1827 1194 1976 1243 terri-

104 1281 239 1330 torio
283 1279 519 1331 alicuius
561 1281 829 1345 nationis3
876 1280 1170 1331 concilium
1191 1280 1529 1349 provinciale
1559 1300 1653 1350 pro
1684 1283 1974 1351 provincia

104 1369 491 1421 ecclesiastica.
583 1369 845 1419 Attamen
898 1370 1221 1437 priusquam
1276 1369 1697 1437 promulgentur
1754 1371 1975 1421 decreta

107 1458 328 1510 concilii
383 1458 677 1510 nationalis
732 1457 820 1508 vel
873 1458 1234 1526 provincialis
1276 1458 1483 1509 Romae
1526 1478 1557 1509 a
1600 1477 1637 1512 s,
1684 1477 1978 1528 congrega·

104 1549 253 1599 tione
296 1547 516 1599 concilii
557 1548 878 1621 recognosci
921 1547 1138 1614 debent7
1196 1556 1255 1598 ut
1311 1548 1594 1599 emendari
1650 1550 1876 1618 possint,
1934 1553 1977 1601 si

106 1636 239 1706 quid
280 1637 416 1688 forte
458 1639 641 1688 minus
683 1655 988 1706 congruum
1032 1638 1447 1705 continerent1)‚
1493 1656 1634 1707 quae
1674 1641 1977 1707 recognitio

107 1744 202 1776 seu
242 1727 444 1776 revisio
488 1725 722 1777 decretis
765 1725 1126 1795 synodalibus
1168 1728 1432 1778 maiorem
1475 1746 1583 1778 non
1627 1728 1822 1779 tribuit
1863 1731 1977 1779 vim

108 1823 271 1884 atque
313 1817 712 1867 auctoritatem.

256 1919 326 1960 Ad
360 1919 684 1974 quaestionem,
717 1933 824 1962 num
861 1919 1056 1974 episcopi
1089 1920 1136 1963 in
1171 1920 1357 1963 concilio
1392 1921 1487 1964 sive
1520 1922 1722 1976 plenario
1758 1922 1851 1965 sire
1885 1936 1980 1977 pro—

106 1993 292 2036 vinciali
325 1993 533 2048 legitime
566 1994 831 2049 congregati
866 2007 972 2037 vera
995 1998 1230 2049 potestata
1250 1995 1443 2050 legifera
1466 1997 1683 2051 polleant,
1707 2011 1741 2039 s.
1773 1997 1977 2053 Officium

108 2068 177 2110 30.
213 2072 326 2123 sept.
364 2068 477 2111 1896
512 2070 789 2124 affirmative
830 2069 1090 2124 respondit;
1140 2082 1290 2112 eorum
1341 2084 1446 2125 ergo
1498 2071 1676 2114 decreta
1724 2071 1816 2113 vim
1865 2071 1980 2126 legis

107 2143 291 2197 habent,
325 2142 410 2185 etsi
443 2143 491 2185 in
525 2146 704 2186 statuta
738 2143 1000 2186 dioecesana
1031 2157 1121 2187 non
1152 2144 1327 2187 fueiint
1358 2144 1542 2188 inserta.
1588 2145 1799 2200 Episcopi
1828 2150 1981 2189 tamen

107 2217 344 2260 inferiores
379 2222 486 2260 sunt
519 2217 706 2261 concilio
740 2217 1024 2272 provinciali,
1058 2231 1195 2272 quare
1226 2218 1314 2272 ipsi
1363 2232 1441 2273 per
1489 2232 1533 2262 se
1583 2219 1717 2262 huius
1765 2221 1888 2275 leges
1936 2226 1979 2263 et

108 2295 287 2334 statuta
327 2292 559 2335 observare
596 2297 821 2346 tenentur,
869 2293 979 2336 item
1023 2307 1113 2336 non
1146 2297 1337 2347 possunt
1368 2293 1416 2335 in
1451 2294 1545 2336 eius
1578 2294 1755 2348 legibus
1789 2296 1860 2338 vel
1894 2300 1980 2338 sta-

108 2366 223 2410 tutis
257 2368 439 2422 propria
472 2368 747 2410 auctoritate
781 2367 1053 2421 dispensare,
1103 2367 1139 2409 si
1175 2367 1453 2422 dispensatio
1486 2373 1716 2411 reservata
1749 2369 1867 2419 hiim
1902 2370 1978 2411 sed

110 2441 388 2496 dispensatio
421 2442 517 2496 peti
552 2441 683 2485 debet
715 2456 741 2484 a
775 2455 807 2484 s.
843 2442 959 2484 sede.
1025 2440 1213 2493 Quando
1247 2454 1350 2484 vero
1386 2442 1665 2496 dispensatio
1698 2457 1787 2485 non
1826 2450 1894 2486 est
1920 2457 1980 2486 re-

111 2521 292 2568 servata
331 2516 575 2569 (ordinarie
615 2530 704 2559 non
738 2517 852 2559 solet
884 2515 1137 2569 reservari),
1170 2516 1478 2570 praesumitur
1511 2517 1730 2571 episcopis
1765 2518 1874 2560 data
1920 2520 1981 2561 fa-

113 2591 260 2634 cultas
293 2605 372 2646 pro
407 2605 488 2634 sua
522 2591 681 2645 cuique
715 2590 905 2633 dioecesi
941 2590 1292 2645 dispensandiss).

260 2680 308 2732 3.
353 2682 650 2750 Episcopus
693 2699 788 2749 pro
832 2700 929 2731 sua
972 2681 1207 2731 dioecesi
1253 2683 1369 2731 sive
1419 2683 1474 2731 in
1517 2681 1727 2748 synodo
1773 2682 1979 2732 dioece-

112 2789 246 2820 sana
275 2771 392 2820 sive
421 2778 577 2820 extra
608 2770 899 2838 synodum,
945 2772 1036 2840 qui
1081 2778 1407 2839 potestatem
1450 2769 1736 2836 legiferam
1781 2772 1983 2839 accipit

111 2878 142 2910 a
169 2877 381 2910 summo
412 2859 688 2927 pontifice.
744 2860 867 2911 Huc
909 2861 1186 2929 pertinent
1224 2861 1389 2910 etiam
1430 2858 1661 2910 abbates
1703 2878 1797 2910 seu
1826 2880 1980 2929 proc-

113 2948 212 2999 Zatz‘
250 2946 452 2999 nullius
494 2948 728 3016 (scilicet
770 2949 1116 3013 dioeceseos),
1175 2950 1267 3017 qui
1311 2956 1633 3016 potestatem
1679 2951 1733 2999 in
1778 2947 1981 2999 clerum

112 3046 164 3087 et
205 3036 470 3106 populum
512 3037 735 3104 habent,
791 3047 843 3089 et
898 3036 1188 3107 capitulum
1230 3036 1528 3088 cathedrale
1578 3038 1704 3088 sede
1748 3046 1981 3088 vacante

113 3145 208 3176 seu
250 3128 431 3195 potius
472 3128 704 3178 vicarius
737 3128 1072 3196 capitulari&
1117 3129 1210 3196 qui
1252 3127 1398 3194 leges
1441 3127 1579 3177 ferre
1622 3136 1673 3177 et
1714 3127 1981 3194 abrogare

266 3335 297 3390 ²)
323 3335 604 3379 Constitutio
622 3336 849 3379 Immensa
874 3336 991 3379 Sixti
1015 3337 1066 3379 V.
1092 3336 1161 3378 ⁶22.
1185 3336 1275 3379 ian.
1307 3336 1431 3378 1588.
1456 3336 1523 3378 Cf.
1543 3335 1819 3377 Benecliclns
1840 3334 1981 3383 XIV..

113 3410 180 3452 De
213 3410 382 3463 synodo
415 3411 443 3452 l.
481 3411 549 3453 13.
584 3425 617 3456 c.
653 3411 692 3453 3.
726 3425 769 3454 n.
806 3413 828 3452 1
865 3424 920 3454 ss.

269 3483 302 3537 2)
334 3484 588 3537 Roma-ina,
620 3485 687 3528 De
718 3485 853 3540 legib.
891 3485 1004 3540 disp.
1040 3487 1077 3527 l.
1113 3502 1150 3538 q.
1189 3486 1226 3527 Ξ.
1263 3489 1417 3540 punct.
1454 3486 1491 3525 1.
1525 3498 1568 3525 n.
1605 3485 1671 3525 14.
