2269 3898
292 259 348 301 24
869 254 904 295 Ι.
937 254 1004 296 De
1037 254 1127 296 fine
1160 252 1355 296 hominis
1388 253 1567 296 ultimo.

445 391 466 399 f.

443 397 489 442 2.
551 390 759 439 Donum
816 389 1065 438 scientiae
1121 389 1403 455 supposita
1459 387 1565 438 fide
1617 388 1913 438 veritatum
1955 386 2159 437 revela·

293 488 469 530 tarum
513 478 788 528 hominem
837 476 1077 545 disponit
1118 475 1187 526 ad
1229 484 1375 527 recte
1411 476 1773 527 iudicandum
1804 475 1870 527 de
1895 475 2160 544 religione

294 568 609 633 christiana,
667 573 935 634 quatenus
990 564 1090 616 sub
1143 565 1360 616 influxu
1401 566 1622 633 spiritus
1664 584 1702 618 s.
1744 583 1812 615 ex
1853 564 2161 616 rationibus

293 666 476 708 tamen
520 653 862 706 naturalibus
905 653 1161 721 intelligit
1217 672 1307 705 eas
1362 672 1477 705 esse
1519 654 1809 705 manifesto
1852 653 2160 718 credibileS,

294 764 457 796 sanae
515 745 714 796 rationi
768 745 1017 812 apprime
1074 751 1470 794 consentaneas
1527 742 1995 812 christianamque
2057 743 2157 792 vir-

292 843 462 885 tutem
505 842 690 884 tantae
732 851 847 884 esse
890 831 1263 899 excellentiae,
1320 840 1379 883 ut-
1435 832 1594 883 bonis
1634 833 1863 883 terrenis
1904 829 2162 882 omnibus

293 925 362 974 sit
402 922 801 992 anteponenda.

442 1026 490 1079 3.
554 1027 763 1076 Donum
821 1027 1117 1094 sapientiae
1179 1029 1309 1075 item
1370 1026 1654 1094 supposita
1714 1024 1821 1075 fide
1880 1023 2160 1075 hominem

297 1116 537 1185 disponit
598 1116 667 1167 ad
727 1125 875 1167 recte
936 1115 1298 1166 iudicandum
1361 1113 1427 1164 de
1487 1113 1815 1164 veritatibus
1880 1112 2163 1181 religionis

294 1206 640 1268 christianae,
701 1213 971 1274 quatenus
1028 1188 1137 1254 ndn
1193 1222 1262 1253 ex
1318 1204 1624 1255 rationibus
1682 1202 2026 1254 naturalibus
2068 1203 2162 1254 sed

294 1294 803 1363 supernaturalibus
861 1302 913 1345 et
969 1293 1192 1356 divinis,
1251 1301 1413 1362 prout
1469 1310 1666 1361 nempe
1724 1310 1793 1342 ex
1842 1292 1960 1343 Deo
2019 1300 2160 1358 sunt,

292 1402 545 1454 supremo
598 1385 870 1453 principio
921 1392 973 1434 et
1013 1385 1136 1447 fine,
1181 1401 1367 1434 earum
1409 1380 1881 1451 pulchritudinem
1925 1388 2161 1432 contem-

293 1474 474 1542 platur
514 1481 676 1542 atque
718 1475 775 1524 in
817 1473 882 1525 iis
926 1472 1241 1524 delectatur.

440 1579 490 1628 4.
547 1578 756 1628 Donum,
798 1578 1008 1629 consilii
1059 1578 1337 1628 hominem
1383 1575 1642 1644 disponit,
1697 1583 1756 1626 ut
1812 1594 1881 1626 ex
1920 1578 2162 1626 motione

294 1666 528 1736 Spiritus
583 1669 757 1719 sancti
811 1667 977 1735 eligat
1031 1666 1228 1730 media,
1286 1684 1425 1735 quae
1479 1673 1607 1734 apta
1661 1673 1787 1716 sunt
1835 1665 1905 1716 ad
1948 1683 2162 1734 progre-

294 1756 557 1808 diendum
611 1758 666 1808 in
721 1759 814 1808 via
866 1757 1233 1826 perfectionis.
1318 1755 1596 1820 Quoniam
1651 1773 1780 1806 vero
1834 1753 2072 1825 Spiritus
2123 1777 2160 1807 s.

292 1845 486 1897 altiora
527 1845 678 1913 eligit
721 1864 880 1915 quam
926 1845 1222 1914 prudentia
1259 1852 1525 1911 humana,
1583 1844 1802 1910 accidit,
1858 1854 1917 1896 ut
1957 1847 2162 1896 iustum

293 1934 361 1985 ad
406 1953 469 1985 ea
510 1934 772 2004 impellat,
817 1954 956 2004 quae
998 1933 1316 1986 hominibus
1359 1933 1521 1985 stulta
1564 1943 1848 2003 apparent,
1893 1943 1946 1985 et
1986 1936 2162 2002 magis

289 2022 617 2075 admiranda
659 2043 819 2093 quam
866 2024 1348 2075 indiscriminatim
1393 2024 1662 2075 imitanda
1704 2025 1897 2090 sunt1).

440 2128 488 2180 ἵ).
532 2128 1110 2198 Donumfortitudinis·
1141 2127 1421 2179 hominem
1454 2128 1698 2198 disponit
1722 2128 1794 2180 ad
1823 2129 2162 2198 superandas

291 2217 659 2284 difficultates,
737 2237 876 2288 quae
941 2217 1161 2269 obstant
1224 2219 1486 2269 exercitio
1554 2219 1839 2271 Virtutum.
1936 2219 2160 2270 Donum

290 2307 630 2358 fortitudinis
670 2327 701 2358 a
745 2308 947 2358 virtute
990 2308 1344 2376 fortitudinis,
1389 2326 1528 2377 quae
1566 2307 1636 2359 ad
1676 2308 2017 2377 superandas
2052 2327 2160 2360 eas·

290 2396 413 2447 dem
474 2396 826 2449 difficultates
884 2397 1131 2458 inclinat,
1196 2396 1489 2467 dupliciter
1548 2397 1759 2448 differt:
1829 2418 1876 2450 α.
1940 2399 2160 2449 virtutis

290 2487 558 2537 motivum
602 2495 683 2538 est
723 2486 988 2538 naturalis
1030 2486 1302 2552 honestas,
1359 2505 1498 2556 quae
1553 2489 1609 2538 in
1653 2487 1980 2556 superandis
2023 2487 2161 2539 diffi-

291 2574 586 2626 cultatibus
629 2578 900 2641 cernitur3
946 2578 1216 2627 motivum
1260 2576 1390 2628 doni
1435 2584 1517 2628 est
1541 2576 1747 2628 fiducia
1776 2578 1834 2628 in
1861 2579 2159 2629 motione-m

290 2672 341 2713 et
382 2666 748 2716 assistentiam
780 2666 1014 2735 Spiritus
1040 2668 1233 2718 sancti.
1304 2667 1347 2719 b.
1377 2664 1568 2718 Virtus
1596 2668 1819 2736 respicit
1845 2685 2161 2719 mensuram

289 2754 492 2804 virium
536 2762 789 2816 naturae3
836 2755 1040 2807 donum
1072 2758 1217 2807 vires
1244 2765 1473 2807 naturae
1517 2757 1736 2808 excedit
1776 2764 1829 2807 et
1869 2756 2035 2808 audet
2076 2775 2159 2822 ea,

291 2859 428 2910 quae
470 2844 667 2894 rationi
709 2844 946 2896 naturali
988 2847 1278 2929 temeraria
1320 2845 1651 2914 apparent2).

439 2945 486 2997 6.
532 2947 741 2998 Donum
783 2950 984 3000 timoris
1025 2949 1306 3000 hominem
1350 2950 1607 3019 disponit,
1652 2958 1710 3002 ut
1752 2960 2014 3021 sequatur
2052 2969 2156 3002 mo·

288 3036 495 3085 tionem
539 3034 773 3104 Spiritus
816 3057 853 3090 s,
899 3039 969 3090 ad
998 3040 1366 3090 reverentiam
1396 3039 1515 3090 Deo
1546 3038 1951 3092 exhibendam:
1995 3041 2157 3092 timor

290 3124 436 3174 enim
491 3124 817 3194 intelligitur
872 3127 1253 3179 reverentialis
1310 3146 1439 3195 erga
1493 3128 1742 3180 divinam
1799 3131 2157 3196 maiestatem,

293 3213 380 3262 cui
408 3214 570 3264 etiam
603 3212 846 3266 Christus
875 3215 1149 3267 Dominus
1177 3219 1545 3268 reverentiam
1587 3217 1857 3286 exhibuit,
1895 3227 1947 3270 et
1974 3237 2158 3271 coram

291 3319 397 3369 qua
439 3310 573 3353 teste
616 3321 653 3354 S.
699 3305 970 3371 scriptura
1011 3306 1309 3373 procidunt
1350 3306 1531 3374 angeli
1575 3309 1630 3359 in
1673 3309 1840 3360 facies
1881 3309 2069 3374 suas3).

443 3463 473 3517 ¹>
505 3464 570 3507 Cf.
604 3465 704 3508 Iud.
739 3467 808 3520 11,
841 3467 918 3515 3ος
955 3468 1023 3522 16,
1059 3468 1141 3519 29ς
1180 3471 1217 3511 1.
1252 3470 1396 3512 Mach.
1431 3471 1472 3525 6,
1505 3472 1574 3514 46.

441 3536 473 3590 2)
505 3538 570 3580 Cf.
607 3541 645 3581 1.
680 3540 790 3594 Reg.
828 3541 896 3595 17,
930 3541 986 3583 32
1019 3555 1099 3595 ss.;
1134 3543 1160 3584 ἱ)
1194 3544 1337 3587 Mach.
1372 3543 1412 3587 6.
1448 3545 1502 3588 18
1535 3558 1592 3587 ss,

441 3613 474 3665 ³>
506 3612 571 3654 Cf.
605 3614 740 3667 Apoc.
778 3615 815 3668 7,
850 3617 915 3657 11.
