2269 3898
209 139 267 181 10
947 135 1012 178 De
1044 134 1349 177 matrimonio.

211 270 416 314 intendit
450 268 794 312 matrimonium
828 267 1035 311 absolute
1068 267 1199 321 inire,
1230 280 1485 323 supponens
1516 281 1566 310 se
1599 281 1700 310 esse
1721 271 1906 324 patrem
1920 269 2086 324 prolis.

211 345 333 388 Haec
365 343 603 387 verborum
646 342 970 397 interpretatio
1020 341 1122 385 ideo
1170 341 1461 396 potissimum
1511 341 1803 386 admittenda
1850 348 1934 397 est,
1981 343 2091 397 quia

214 419 373 462 fideles
409 418 462 461 de
496 416 788 460 matrimonio
822 415 1138 459 condicionato
1172 416 1250 458 vix
1284 415 1531 470 quidquam
1567 415 1730 459 sciunt.

361 507 506 557 IVum
561 506 781 575 impleta
841 505 1146 556 condicione
1200 504 1264 555 de
1309 504 1505 574 futzwo
1566 506 1870 574 requiratur
1927 525 2089 558 novus

212 614 506 648 consensus,
538 627 609 632 —
650 594 810 647 Certe
845 595 1143 664 requiritur
1178 611 1356 644 novus
1391 611 1706 661 consensus,
1748 596 1792 645 si
1829 594 2093 647 alterutra

212 704 339 754 pars
379 686 601 736 interim
645 702 974 735 consensum
1016 684 1326 748 revocavit3
1370 682 1566 752 quodsi
1605 701 1906 735 consensus
1939 703 2091 736 revo-

212 782 367 826 catus
415 792 525 825 non
577 773 696 839 fuit,
750 774 1166 824 matrimonium
1218 771 1446 842 impleta
1488 772 1817 824 condicione
1859 772 1920 824 fit
1960 772 2091 824 vali-

216 865 366 928 dum,
422 865 556 933 quin
604 871 902 914 renovetur
951 880 1282 913 consensus:
1338 861 1488 912 nulla
1531 863 1679 913 enim
1721 870 1802 913 est
1841 863 1980 914 ratio
2024 862 2094 914 de

213 954 564 1005 matrimonio
607 951 759 1003 aliud
802 950 1084 1002 statuendi
1125 969 1190 1002 ac
1233 951 1300 1002 de
1342 950 1464 1002 aliis
1517 950 1907 1019 contractibus,
1964 953 2096 1021 quia

217 1041 469 1094 Christus
521 1043 791 1092 rationem
847 1047 1163 1092 contractus
1211 1058 1323 1091 non
1378 1041 1712 1105 immutavit,
1764 1058 1890 1092 cum
1939 1040 2094 1092 illum

218 1132 289 1183 ad
349 1133 621 1183 rationem
687 1131 1017 1182 sacramenti
1085 1129 1341 1182 elevaret.
1442 1128 1817 1181 Nihilominus
1877 1129 2097 1182 suaderi

216 1228 410 1291 potest,
456 1230 515 1272 ut
554 1227 853 1271 renovetur
894 1237 1211 1272 consensus,

368 1325 498 1368 Hanc
533 1323 804 1378 doctrinam,
838 1322 1087 1366 canonistis
1120 1336 1218 1366 eam
1242 1322 1412 1378 passim
1449 1323 1812 1377 concedentibUS,
1847 1323 2101 1378 complures

215 1400 478 1444 moralistae
510 1400 803 1455 impugnant,
845 1411 1035 1453 quorum
1079 1397 1333 1441 doctrinam
1376 1412 1411 1440 s.
1455 1398 1716 1454 Alpleonsns
1756 1399 1816 1452 (n.
1862 1397 1967 1450 895)
2003 1410 2097 1452 pro-

217 1475 411 1518 babilem
445 1473 597 1518 habet.
661 1474 830 1516 Verum
865 1486 965 1516 cum
999 1473 1127 1516 nullo
1160 1472 1259 1516 iure
1293 1473 1441 1527 quoad
1475 1472 1821 1516 matrimonium
1864 1475 2102 1515 statuatur

215 1549 436 1604 exceptio,
470 1549 719 1592 tenendum
750 1552 819 1591 est
853 1547 1200 1591 matrimonium
1234 1560 1375 1602 aeque
1408 1551 1546 1602 atque
1579 1547 1693 1591 alios
1727 1550 1987 1590 contractus
2013 1546 2100 1590 sub

218 1623 480 1667 condicione
512 1622 653 1666 initos
689 1623 785 1666 sine
817 1635 934 1666 novo
968 1635 1186 1665 consensu
1220 1621 1426 1665 validum
1460 1635 1570 1665 esse.

369 1772 459 1826 11.
522 1772 607 1825 De
661 1771 1140 1834 condicionibUS,
1196 1786 1345 1837 quae
1388 1771 1788 1825 adversantur
1829 1771 2103 1825 substan-

216 1863 335 1916 tiae
384 1861 839 1927 matrimonii1).
922 1860 1079 1911 Sicut
1126 1861 1233 1912 tria
1275 1867 1404 1912 sunt
1445 1860 1591 1912 bona
1634 1859 1951 1912 essentialia
1991 1878 2100 1911 ma-

215 1953 486 2019 trimonii,
544 1953 619 2003 ita
674 1952 880 2020 pariter
934 1958 1043 2001 tres
1098 1949 1518 2019 distinguuntur
1568 1949 1932 2018 obligationes
1985 1950 2104 2001 eius

217 2040 535 2094 essentiales
578 2049 630 2091 et
670 2049 781 2091 tres
824 2039 1197 2105 condiciones,
1245 2058 1387 2109 quae
1430 2038 1627 2090 iisdem
1670 2038 2105 2108 obligationibus

218 2138 270 2182 et
311 2130 543 2200 proinde
581 2131 744 2181 etiam
781 2129 1123 2181 substantiae
1161 2130 1499 2181 matrimonii
1536 2129 1932 2181 adversantur:
1976 2148 2023 2182 α.
2054 2129 2099 2180 si

213 2222 627 2290 generationem
669 2220 866 2279 evites3
912 2219 956 2272 b.
997 2221 1040 2270 si
1084 2228 1136 2270 te
1177 2218 1601 2270 adulterandam
1644 2217 1854 2285 trades3
1904 2239 1944 2270 e.
1988 2219 2095 2270 nisi

215 2319 268 2361 te
311 2309 565 2361 ditiorem
605 2311 895 2378 reperiam.

372 2402 419 2452 1.
481 2400 903 2451 Matrimonium
962 2400 1162 2451 initum
1225 2417 1351 2450 cum
1418 2397 1770 2464 condicione,
1835 2415 1975 2466 quae
2035 2397 2106 2448 sit

219 2499 406 2540 contra
446 2487 776 2540 essentialem
817 2488 1190 2559 obligationem
1229 2489 1573 2552 matrimonii,
1629 2486 1940 2539 invalidum
1991 2494 2105 2539 est:

220 2579 425 2630 etenim
506 2580 622 2630 sine
701 2577 1089 2631 essentialibus
1169 2576 1605 2647 obligationibus
1685 2577 2100 2629 matrimonium

221 2670 456 2720 existere
498 2670 706 2741 nequit.

372 2778 421 2809 α.
467 2758 577 2823 Qui
621 2757 898 2809 contrahit
943 2757 1044 2809 sub
1089 2756 1434 2824 condicione,
1486 2775 1595 2826 qua
1638 2774 1694 2807 se
1736 2754 1945 2823 obligat
1986 2756 2104 2806 sive

223 2848 294 2900 ad
351 2866 463 2899 non
518 2848 787 2899 utendum
845 2848 1198 2898 matrimonio
1252 2847 1359 2898 nisi
1412 2845 1576 2898 modo
1627 2845 1936 2897 onanistico
1988 2845 2105 2895 sive

222 2936 294 2989 ad
349 2937 762 3006 procurandum
821 2936 1094 3003 abortum,
1156 2936 1503 3006 proindeque
1560 2935 1632 2987 ad
1690 2935 2105 3003 generationem

222 3026 598 3078 frustrandam
656 3026 746 3077 vel
808 3025 1250 3096 impediendam,
1315 3024 1562 3077 invalide
1624 3023 1914 3085 contrahit,
1974 3026 2107 3093 quia

226 3115 482 3167 condicio
524 3117 778 3184 apposita
820 3117 1096 3167 contraria
1138 3123 1219 3166 est
1260 3115 1390 3166 bono
1427 3112 1617 3184 prolis

376 3219 417 3247 α.
454 3204 539 3258 Qui
595 3205 648 3247 de
694 3205 898 3260 partiali
940 3205 1257 3262 frustratione
1305 3203 1622 3260 yenerationis
1668 3201 1968 3255 conveniunt,
2015 3213 2110 3243 una

225 3292 387 3334 nempe
419 3279 622 3322 alterave
654 3279 778 3333 prole
812 3284 1023 3334 suscepta
1055 3279 1237 3322 nonnisi
1271 3278 1525 3322 onanistice
1567 3275 1913 3332 congrediendi,
1955 3274 2108 3319 valide

225 3354 518 3407 contrahunt,
552 3353 589 3396 si
625 3354 708 3396 hac
739 3353 1000 3397 condicione
1022 3367 1112 3397 non
1135 3353 1281 3408 ipsam
1307 3353 1634 3408 obligationem
1658 3351 1748 3394 rite
1770 3346 2109 3405 congrediendi,

385 3502 416 3556 ¹)
451 3501 496 3544 C.
531 3501 577 3545 si
614 3500 897 3545 condiciones
930 3503 1009 3544 fin.
1045 3502 1107 3557 (7)
1139 3502 1212 3545 De
1244 3502 1486 3545 eondt'ez'on.
1522 3513 1672 3557 oppos.
1708 3499 1800 3555 (IV.
1834 3500 1890 3547 ὃ).
