2269 3898
256 100 315 145 54
793 97 845 140 II.
879 98 947 141 De
986 96 1164 140 actibus
1197 97 1255 140 ad
1288 98 1426 140 finem
1459 96 1597 151 aptis.

259 236 415 304 atqui
483 242 661 286 motus
729 232 1007 302 appetitus
1069 231 1319 299 sensitivi
1385 231 1615 282 rationis
1682 229 2136 289 deliberationem

262 323 603 393 impediunt:
647 340 765 373 eam
810 322 957 372 enim
1000 327 1258 393 avertunt
1298 318 1367 388 ab
1410 321 1477 371 iis
1517 320 1953 395 considerandis,
1997 339 2152 396 qua?

264 421 390 465 sunt
429 413 651 482 propria
691 411 901 462 motiva
953 410 1185 475 rationis
1230 427 1537 479 eorumque
1581 410 1696 460 Vim
1738 418 1790 460 et
1831 410 2135 471 efficaciam

261 490 594 553 extenuant}
678 499 857 551 Iidem
933 501 1161 568 insuper
1238 497 1581 550 voluntatem
1661 498 1732 549 ad
1809 517 2139 551 consensum

259 583 524 643 alliciunt.

411 680 453 731 b.
494 679 655 731 Ratio
682 678 927 730 secundi:
969 677 1303 747 quandoque
1333 678 1515 745 passio
1544 683 1625 728 est
1653 676 1790 728 adeo
1820 679 2141 745 vehemens7

218 779 321 845 gut
381 778 622 822 mentem
675 769 897 820 omnino
952 760 1236 837 perturbet
1296 776 1348 818 et
1405 785 1566 818 usum
1627 768 1859 821 rationis
1919 769 2145 836 penitus

222 848 233 927 ἶ,
263 860 493 926 auferat,
543 859 681 910 adeo
723 866 784 910 ut
827 857 1039 911 malitia
1082 856 1303 922 moralis
1346 856 1548 909 obiecti
1590 875 1701 908 non
1743 856 1981 927 amplius
2023 876 2137 927 per-

238 999 239 1002 ,
265 951 528 1019 cipiatur3
560 950 670 1001 iam
700 965 829 999 vero
862 949 906 999 si
933 946 1085 999 nulla
1115 946 1272 998 adest
1295 949 1525 999 rationis
1553 946 1896 1012 deliberatio,
1928 946 2141 998 nullum

262 1040 467 1109 pariter
497 1046 577 1090 est
606 1037 998 1103 voluntarium,
1042 1044 1102 1088 ut
1130 1043 1280 1105 patet
1308 1037 1365 1087 in
1396 1037 1478 1103 iis,
1519 1037 1614 1106 qui
1646 1044 1869 1106 propter
1897 1054 2142 1088 amorem

266 1129 354 1180 vel
395 1130 533 1180 iram
576 1126 740 1197 plane
782 1128 1084 1178 insaniunt.
1166 1125 1221 1178 Si
1263 1134 1452 1178 tamen
1494 1127 1675 1195 passio
1718 1144 1880 1177 usum
1913 1127 2147 1178 rationis

263 1237 373 1270 non
420 1219 638 1286 penitus
680 1216 874 1282 aufert,
917 1214 1229 1266 libertatem
1272 1233 1383 1266 non
1424 1214 1566 1266 tollit
1606 1216 1848 1268 omnino,

412 1320 583 1376 Passio,
617 1333 730 1375 quae
752 1319 921 1362 minuit
953 1319 1283 1374 voluntarium,
1316 1318 1486 1362 minuit
1509 1318 1649 1362 etiam
1675 1322 1926 1375 peccatum,
1961 1324 2006 1364 et
2031 1334 2149 1375 quae

264 1398 415 1440 aufert
437 1395 764 1450 voluntarium,
789 1394 970 1438 omnino
988 1408 1014 1437 a
1032 1398 1215 1449 peccato
1239 1401 1454 1447 excusat:
1480 1407 1597 1448 quae
1621 1397 1777 1437 tamen
1798 1407 1930 1437 usum
1949 1394 2147 1438 rationis

263 1485 352 1514 non
394 1470 579 1526 penitus
632 1471 798 1524 aufert,
846 1468 1157 1512 voluntarium
1200 1482 1290 1512 non
1324 1468 1465 1523 tollit,
1513 1473 1560 1512 et
1593 1468 1782 1523 proinde
1814 1481 1959 1523 neque
1992 1482 2018 1512 a
2050 1482 2147 1524 pec·

267 1551 367 1588 cato
401 1547 600 1588 excusat.

416 1636 465 1689 52.
512 1634 981 1704 Concupiscentia
1023 1651 1353 1705 consequens,
1398 1651 1539 1702 quae
1581 1652 1651 1684 ex
1691 1642 1818 1684 actu
1845 1633 2152 1685 voluntatis

266 1724 558 1791 redundat,
618 1724 993 1775 voluntarium
1045 1732 1347 1795 izecdcquqet
1395 1741 1486 1794 nec
1540 1723 1744 1790 mimda
1807 1722 1902 1774 sed
1944 1725 2150 1792 siynum

267 1824 341 1867 cst
381 1815 706 1866 intensitatis
737 1812 872 1867 'eiua
1111 1798 1114 1799 ⁷

417 1925 464 1957 α.
505 1904 663 1955 Ratio
700 1904 867 1973 primi
895 1911 989 1970 est,
1034 1904 1165 1972 quia
1204 1910 1358 1954 actus
1385 1901 1689 1954 voluntatis
1733 1904 1842 1953 iam
1873 1903 2154 1972 perfectus

270 2002 366 2061 est,
410 1993 632 2064 quando
676 2001 855 2045 motus
898 1994 1177 2062 appetitus
1220 1993 1474 2044 sensitivi
1516 1993 1779 2060 exsurgit.

419 2083 462 2136 b.
506 2083 665 2134 Ratio
708 2083 925 2134 secundi
965 2089 1063 2144 est,
1118 2082 1248 2151 quia
1302 2081 1477 2133 solum
1521 2101 1590 2133 ex
1630 2089 1758 2134 actu
1800 2083 2016 2134 intenso
2059 2100 2150 2134 vo-

270 2173 496 2224 luntatis
537 2171 813 2223 redundat
855 2179 1034 2223 motus
1077 2173 1132 2223 in
1175 2172 1485 2240 appetitum
1528 2173 1875 2225 sensitivum.

421 2261 797 2316 Concupiscentia
830 2274 1118 2316 consequens,
1153 2274 1267 2316 quae
1302 2261 1550 2304 deliberate
1582 2275 1609 2304 a
1630 2260 1873 2304 voluntate
1906 2260 2152 2314 excitatur⁷

272 2351 322 2381 eo
354 2337 563 2392 inservit,
592 2341 647 2380 ut
681 2337 967 2392 operationes
992 2337 1219 2380 humanae
1243 2336 1413 2380 maiore
1439 2336 1681 2379 alacritate
1713 2335 1972 2389 maioreque
1993 2334 2155 2390 vigore

273 2426 324 2456 ac
354 2413 532 2455 fervore
563 2417 857 2467 peragantur,
908 2416 953 2455 et
987 2425 1087 2455 cum
1135 2412 1237 2467 ipsa
1287 2411 1350 2454 sit
1393 2409 1671 2465 voluntaria,
1720 2408 1976 2453 actionibus
2023 2409 2156 2453 bonis

272 2487 502 2541 meritum,
534 2486 731 2542 peccatis
764 2491 918 2530 autem
954 2487 1226 2530 demeritum
1259 2487 1425 2530 addere
1457 2489 1624 2541 potest.

422 2621 516 2676 46.
575 2636 647 2679 De
694 2635 1121 2691 propensionibus
1170 2635 1513 2679 naturalibus.
1577 2648 1619 2677 a.
1662 2633 1742 2680 Ex
1790 2633 1866 2691 iis,
1916 2647 2040 2691 quae
2091 2634 2153 2680 de

273 2710 582 2768 passionibus
618 2711 753 2757 dicta
786 2716 911 2765 sunt,
955 2708 1108 2756 facile
1152 2709 1457 2768 intelligitur
1498 2709 1849 2767 propensiones
1894 2709 2155 2755 naturales

275 2784 445 2842 (atque
479 2784 609 2829 idem
645 2784 703 2830 de
735 2784 990 2830 habitibus
1023 2784 1194 2843 pravis
1227 2784 1384 2835 valet)
1418 2784 1624 2827 minnere
1644 2787 1911 2840 peccatum:
1944 2797 2153 2842 propen-

276 2859 436 2904 siones
471 2859 599 2904 enim
633 2859 907 2912 naturales,
942 2872 1065 2923 quase
1089 2858 1274 2904 homini
1311 2858 1416 2904 sive
1438 2858 1633 2904 ratione
1662 2858 2012 2916 complexionis
2047 2857 2153 2905 sive

275 2932 471 2978 ratione
507 2933 840 2991 dispositionis
869 2933 1215 2979 hereditariae
1251 2933 1431 2990 insunt,
1455 2932 1742 2979 libertatem
1773 2933 2008 2987 minuunt,
2045 2945 2153 2978 cum

274 3008 582 3054 voluntat-em
638 3008 688 3053 in
736 3022 882 3054 unam
931 3012 1127 3066 partem
1176 3007 1419 3054 inclinent
1475 3013 1784 3064 mentemque
1838 3007 2154 3064 obnubilent;

276 3081 364 3127 sed
397 3082 523 3139 quod
555 3082 844 3128 libertatem
878 3083 1067 3140 minuit,
1109 3083 1221 3140 pari
1255 3083 1395 3129 modo
1430 3082 1583 3128 etiam
1616 3082 1923 3138 gravitatem
1955 3081 2153 3140 peccati

277 3154 464 3201 minuit.
530 3153 797 3202 Ordinarie
832 3162 1000 3203 tamen
1031 3158 1383 3216 propensiones
1419 3161 1469 3202 et
1501 3156 1700 3202 habitus
1735 3156 2024 3202 libertatem
2058 3170 2154 3202 non

278 3229 400 3275 adeo
435 3229 720 3288 impediunt,
754 3236 809 3276 ut
843 3237 1073 3289 agentem
1109 3246 1138 3278 a
1170 3236 1378 3290 peccato
1412 3230 1557 3289 gravi
1591 3236 1840 3277 excusent.

429 3319 465 3364 b.
510 3318 810 3366 Nullatenus
847 3334 962 3378 ergo
999 3322 1200 3367 concedi
1232 3326 1397 3380 potest
1427 3320 1647 3366 homines
1682 3318 2033 3366 malefactores
2067 3324 2156 3366 aut

281 3405 444 3438 omnes
491 3400 576 3439 aut
616 3394 793 3441 multos
839 3395 1059 3441 naturali
1102 3395 1451 3455 propemodum
1496 3394 1796 3441 necessitate
1840 3395 1903 3440 ad
1944 3394 2154 3440 crimina

282 3467 631 3513 committenda
663 3469 887 3528 propelli,
923 3469 1046 3516 adeo
1079 3475 1134 3516 ut
1156 3475 1360 3529 propter
1387 3467 1635 3515 defectum
1660 3468 1916 3515 libertatis
1941 3473 2158 3526 peccata
