2269 3898
248 89 335 132 348
1013 87 1157 130 Index
1189 100 1353 131 rerum.

249 222 374 277 Legis
408 221 709 277 dispensatio:
742 221 850 275 quid
885 220 948 263 sit
983 221 1089 269 153;
1125 222 1347 275 quomodo
1382 222 1567 266 differat
1601 237 1628 266 a
1656 222 1844 266 licentia
1866 226 1915 267 et
1938 223 2133 267 declara·

368 295 491 339 tione
517 296 624 345 153;
662 295 911 349 quotuplex
943 294 1006 337 sit
1030 294 1138 348 154;
1173 295 1274 350 quis
1298 296 1560 351 dispensare
1582 296 1727 351 possit
1752 297 1862 351 1553
1894 297 1944 340 in
1964 297 2130 352 quibus

366 368 545 423 legibus
582 369 689 419 1563
725 368 826 423 quis
861 368 1124 423 dispensare
1156 369 1302 424 possit
1336 383 1436 412 cum
1467 370 1720 426 peregrinis
1756 371 1863 423 157;
1897 385 2007 414 num
2042 371 2130 427 epi-

368 457 527 498 scopus
561 443 797 498 religiosos
828 449 1030 486 exemtos
1066 444 1176 497 157;
1209 458 1319 487 num
1342 444 1512 488 habens
1534 448 1813 500 potestatem
1837 445 2131 501 dispensandi

367 531 516 561 secum
540 518 637 573 ipse
658 517 920 572 dispensare
939 517 1084 572 possit
1104 517 1213 571 1583
1247 532 1357 561 num
1377 532 1411 561 s.
1430 519 1641 574 pontifex
1657 519 1707 562 in
1723 521 1826 575 lege
1844 519 2002 564 divina
2019 520 2128 572 159;

367 605 476 634 num
512 591 767 646 dispensari
796 592 942 646 possit
966 591 1142 647 absenS,
1165 592 1342 636 invitus
1367 594 1475 644 157,·
1510 608 1620 637 num
1644 594 1848 650 superior
1871 595 2131 650 dispensare

368 665 529 708 debeat
568 666 673 719 160;
709 666 818 720 quid
852 666 1113 721 requiratur
1145 667 1203 710 ad
1235 667 1454 723 validam,
1490 668 1599 723 quid
1632 669 1690 711 ad
1732 668 1910 712 licitam
1956 669 2130 724 dispen-

366 739 590 783 sationem
628 741 733 791 162;
769 740 846 795 qui
878 741 1032 784 utitur
1065 741 1407 796 dispensatione
1439 742 1610 798 valida,
1643 743 1721 787 sed
1763 742 1927 787 illicite
1968 743 2132 799 petita,

365 827 455 857 non
489 819 647 869 peccat
684 815 790 868 1623
825 829 934 859 num
967 815 1106 859 liceat
1138 816 1209 858 uti
1235 816 1577 871 dispensatione
1600 822 1732 861 extra
1755 818 1995 862 dioecesim
2021 819 2129 871 1663

367 888 648 944 dispensatio
683 890 1045 945 quadrupliciter
1078 903 1251 934 cessare
1283 895 1437 947 potest
1471 892 1719 939 163-166,

277 989 331 994 -
366 964 588 1007 cessatio:
635 965 709 1007 lex
757 970 904 1008 cessat
948 965 1248 1020 abrogatione
1291 970 1335 1010 et
1382 966 1677 1022 derogatione
1721 967 1829 1020 173;
1881 966 2133 1011 cessatione

364 1037 471 1080 finis
507 1039 614 1091 174;
650 1049 692 1080 V.
730 1039 862 1095 Pinis;
897 1040 1225 1084 consuetudine
1258 1041 1487 1085 contraria
1522 1042 1607 1084 138
1641 1055 1698 1084 ss.

248 1112 495 1167 Leuislator
525 1112 778 1156 humanus:
813 1127 906 1168 qua
938 1118 1170 1170 potestate
1202 1115 1414 1171 indigeat
1449 1116 1554 1168 lO5;
1590 1116 1811 1171 quomodo
1845 1115 2012 1170 aliquis
2035 1115 2131 1159 eius

367 1185 580 1230 subditus
615 1187 928 1232 constituatur
963 1190 1061 1232 126.

1143 1355 1242 1396 Μ.

247 1441 414 1487 Mania:
445 1442 624 1496 quando
658 1443 840 1486 auferat
872 1448 1109 1498 peccatum
1144 1445 1217 1488 46.

249 1516 530 1572 Martyrium:
568 1517 677 1571 quid
711 1520 757 1561 et
791 1519 1042 1574 quotuplex
1075 1519 1136 1562 sit
1169 1519 1276 1571 253;
1309 1533 1419 1563 num
1453 1519 1657 1564 infantes
1690 1520 1903 1575 martyrii
1937 1521 2030 1564 sint
2064 1509 2130 1564 ca'·

364 1604 496 1646 paces
530 1592 640 1643 253;
677 1592 961 1636 condiciones
994 1594 1091 1637 veri
1124 1594 1338 1648 martyrii
1371 1593 1483 1650 254;
1532 1609 1641 1638 num
1686 1595 1904 1639 haeretici
1953 1595 2133 1651 possint

365 1679 460 1710 esse
493 1671 717 1720 martyres
752 1667 862 1719 2543
898 1681 1007 1711 num
1042 1669 1215 1713 milites
1247 1669 1296 1712 in
1329 1669 1445 1713 bello
1478 1670 1587 1713 fidei
1620 1669 1857 1714 interemti
1891 1670 1986 1714 sint
2018 1683 2158 1713 mar··

364 1745 489 1795 tyres
522 1741 633 1792 254;
671 1755 785 1796 quae
819 1743 881 1786 sit
906 1743 1148 1798 dispositio
1173 1745 1230 1787 ad
1254 1744 1526 1799 martyrium
1550 1745 1772 1799 requisita
1795 1745 1903 1796 255;
1938 1746 2130 1788 effectus

365 1816 576 1869 martyrii
611 1817 709 1860 256.

247 1890 557 1936 melancholia:
590 1904 699 1934 num
733 1894 915 1936 auferat
949 1894 1128 1949 culpam
1162 1894 1234 1937 46.

247 1966 460 2012 Meritum:
517 1965 626 2020 quid
675 1966 738 2010 sit
794 1968 871 2020 823
927 1968 1177 2024 quotuplex
1231 1968 1293 2011 sit
1345 1968 1425 2021 833
1488 1968 1772 2012 condiciones
1824 1967 1977 2012 meriti
2034 1982 2130 2011 con-

367 2039 496 2094 digni
531 2040 601 2083 84.

246 2114 409 2159 Metus:
441 2114 549 2169 quid
574 2115 637 2158 sit
658 2116 736 2166 48;
767 2118 1017 2172 quotuplex
1042 2117 1103 2160 sit
1126 2118 1203 2168 49;
1229 2117 1325 2161 eius
1354 2118 1558 2161 influxus
1581 2118 1630 2161 in
1652 2122 1787 2163 actus
1810 2119 2031 2161 humanos
2045 2118 2126 2169 50;

362 2203 473 2233 num
507 2194 657 2233 metus
690 2191 1009 2235 reverentialis
1045 2193 1189 2247 possit
1224 2206 1320 2236 esse
1353 2193 1509 2248 gravis
1542 2193 1613 2236 49.

246 2264 500 2309 moralitas:
536 2265 645 2319 quid
678 2272 724 2309 et
757 2268 1010 2321 quotuplex
1045 2267 1106 2310 sit
1140 2268 1217 2323 54;
1251 2268 1348 2312 eius
1370 2282 1530 2312 norma
1551 2268 1759 2324 proxima
1781 2271 1827 2312 et
1849 2272 2025 2311 remota
2047 2267 2127 2318 55;

364 2339 461 2383 eius
524 2341 675 2384 fontes
731 2341 807 2391 563
871 2355 980 2385 num
1047 2346 1175 2386 actus
1239 2346 1460 2386 externus
1521 2342 1752 2399 propriam
1818 2341 2128 2385 moralitatem

363 2414 532 2458 habeat
566 2415 636 2462 77,

248 2490 505 2546 Morphium:
540 2490 636 2533 eius
671 2491 861 2534 effectus
894 2492 1008 2544 31Ο;
1044 2493 1224 2547 quando
1261 2493 1357 2536 eius
1390 2506 1499 2536 usus
1531 2492 1688 2536 licitus
1721 2492 1798 2548 sit,
1839 2506 1949 2536 num
1983 2492 2031 2535 in
2064 2506 2129 2535 ar-

366 2565 507 2609 ticulo
542 2565 704 2608 mortis
737 2566 841 2611 310.

246 2641 412 2685 Motus:
446 2640 592 2695 primo
626 2639 779 2696 primi,
814 2643 1009 2685 secundo
1043 2642 1196 2697 primi,
1241 2642 1431 2686 secundi
1475 2643 1554 2691 ⁶28.
1603 2657 1825 2697 quaenam
1864 2643 2131 2687 resistentia

364 2715 564 2758 motibus
599 2716 992 2771 concupiscentiae
1025 2717 1296 2772 opponenda
1328 2718 1398 2762 47.

1140 2899 1227 2940 N.

248 2989 408 3032 Norma
441 2989 747 3032 moralitatis:
782 2989 891 3044 quid
925 2988 987 3032 sit
1021 2988 1100 3040 54;
1135 2988 1344 3042 proxima
1377 2992 1423 3031 et
1457 2992 1632 3031 remota
1655 2987 1736 3041 55;
1771 2987 2024 3031 subiectiva
2055 2987 2126 3031 55.

1141 3152 1227 3193 Ο.

250 3243 472 3288 obiectum
506 3245 634 3286 actus
666 3243 885 3285 moralis:
919 3242 1029 3296 quid
1063 3241 1126 3285 sit
1147 3242 1232 3293 57;
1269 3241 1520 3296 quotuplex
1545 3240 1607 3284 sit
1629 3240 1708 3295 5&
1744 3246 1969 3296 quatenus
1987 3253 2128 3284 mora—

362 3317 547 3361 litatem
582 3316 759 3360 tribuat
791 3317 915 3360 actui
949 3317 1020 3360 59.

250 3391 487 3447 obligatio:
521 3390 739 3435 tendendi
771 3390 819 3433 in
852 3391 990 3434 finem
1025 3390 1244 3433 ultimum
1278 3390 1348 3433 24.
1384 3390 1435 3441 3;
1470 3389 1587 3445 legis
1620 3403 1662 3434 v.
1697 3390 1797 3433 Lex.

248 3465 458 3509 omissio:
493 3468 718 3520 quatenus
751 3464 898 3520 operis
932 3464 1041 3510 boni
1071 3464 1254 3508 omissio
1287 3468 1523 3520 peccatum
1557 3463 1619 3507 sit
1653 3463 1720 3506 76.
