2269 3898
791 185 857 228 De
890 183 1067 228 actibus
1100 184 1360 228 moralibus.
1951 188 2006 229 77

135 337 310 388 genus
351 320 534 385 moris»,
579 318 672 369 ubi
716 319 892 387 primo
936 318 1244 370 dominium
1276 318 1578 370 voluntatis
1621 321 2001 387 invenitur⁴‘1).

135 409 208 459 Et
259 427 388 459 sane
443 416 602 459 actus
651 406 873 458 moralis
915 408 1159 458 omnium
1218 425 1486 459 consensu
1541 407 1822 460 hominem
1875 409 2007 460 facit

137 497 366 566 dignum
422 497 586 548 laude
643 504 739 548 aut
791 497 1084 565 vituperiO,
1140 499 1385 565 praemio
1443 496 1532 549 vel
1592 515 1797 566 poena3
1853 499 2005 568 atqui

135 586 310 638 solum
353 586 427 652 id,
487 585 632 656 quod
676 603 800 636 cum
842 584 1096 636 libertate
1138 585 1214 650 fit,
1276 585 1556 637 hominem
1599 587 1732 638 facit
1775 587 2004 654 dignum

133 675 292 727 laude
335 682 386 725 et
427 676 670 743 praemio
714 685 808 725 aut
850 675 1126 742 vituperio
1171 682 1225 726 et
1266 692 1462 743 poena.
1649 690 1801 742 safra,
1874 737 1883 739 Η

284 763 328 817 b.
381 764 446 815 Ut
472 784 574 833 qua
606 762 819 814 moralis
849 765 1204 832 apprehensus
1247 773 1295 814 et
1333 748 1700 836 intem-gcjjsjtr
1733 767 1830 816 etsi
1859 767 2004 816 enin]

135 855 314 904 omnis
357 862 512 905 actus
555 852 775 904 moralis
821 852 1022 904 debeat
1064 871 1180 904 esse
1222 852 1378 918 liber,
1423 853 1536 904 sola
1565 861 1752 905 tamen
1781 853 2006 907 libertas

133 943 203 994 ad
247 942 689 994 constituendam
743 944 859 993 eius
914 942 1277 994 moralitatem
1332 961 1441 994 non
1501 943 1717 1009 sufficit,
1777 944 1872 995 sed
1928 946 2004 995 in—

134 1050 297 1100 super
335 1034 649 1101 requiritur,
693 1039 754 1082 ut
795 1031 1051 1083 voluntas
1080 1033 1272 1083 tendat
1313 1034 1370 1082 in
1413 1031 1706 1099 obiectum,
1751 1032 1896 1102 quod
1935 1032 2004 1083 ab

134 1121 416 1172 intellectu
473 1121 911 1191 apprehenditur
960 1131 1011 1172 et
1065 1121 1337 1173 voluntati
1398 1130 1843 1191 repraesentatur
1903 1123 2003 1174 sub

133 1219 383 1280 respectu
424 1211 647 1263 morali:
704 1211 924 1263 moralis
966 1212 1112 1262 enim
1155 1221 1309 1263 actus
1355 1230 1470 1263 esse
1512 1230 1621 1264 non
1664 1219 1858 1281 potest,
1900 1214 2004 1264 nisi

133 1319 201 1352 ex
261 1301 546 1352 tendentia
608 1300 905 1352 voluntatis
966 1303 1019 1352 in
1072 1301 1367 1368 obiectum,
1430 1302 1576 1372 quod
1629 1301 1699 1352 ad
1755 1301 2001 1353 ordinem

133 1390 395 1441 moralem
437 1392 690 1459 pertinet.

281 1493 322 1522 a.
347 1479 527 1523 Scilicet
547 1479 876 1535 distinguimus
900 1479 1352 1534 ordinempltysicnm
1377 1466 1423 1522 et
1442 1479 1643 1522 ordinem
1666 1481 1897 1522 moralem.
1932 1481 2002 1522 Ad

133 1553 334 1597 ordinem
353 1554 590 1608 physicum
615 1554 817 1608 pertinet
840 1567 970 1608 omne
988 1553 1051 1608 id,
1085 1554 1202 1608 quod
1227 1554 1284 1596 ad
1308 1554 1627 1608 evolvendam,
1650 1555 2004 1597 conservandam

133 1629 543 1684 perficiendamque
590 1632 805 1677 naturam
850 1629 945 1672 sive
989 1629 1257 1672 sensitivam
1307 1630 1402 1672 sive
1446 1629 1733 1684 spiritualem
1779 1629 2005 1683 conducit,

132 1703 249 1757 quod
282 1703 471 1758 proinde
503 1703 662 1758 agenti
702 1703 1049 1746 delectationem
1093 1704 1164 1747 vel
1213 1704 1374 1747 saltem
1425 1704 1707 1747 commodum
1754 1704 1911 1752 affert;
1948 1703 2004 1746 ad

131 1778 333 1821 ordinem
367 1791 471 1821 vero
503 1777 695 1821 rationis
728 1778 1034 1838 Pffl'thjffi.
1060 1779 1177 1833 quod
1211 1782 1424 1821 naturam
1458 1778 1727 1840 rationalem
1749 1778 1890 1838 ,QG-{³²9
1909 1782 2006 1827 ‚abu-t

132 1853 330 1907 dedecet,
374 1853 470 1896 eius
514 1853 735 1908 dignitati
771 1853 1040 1896 conveniens
1067 1840 1149 1896 rel
1197 1838 1540 1896 disconveniens
1573 1860 1680 1906 est„
1705 1852 1822 1906 quod
1857 1851 2003 1894 ordini

132 1941 209 1971 seu
248 1927 548 1971 relationibus
594 1941 742 1971 rerum
789 1929 1016 1971 conforme
1060 1933 1139 1971 aut
1186 1928 1396 1971 difforme
1439 1931 1522 1981 est,
1571 1927 1688 1981 quod
1721 1926 1900 1969 licitum
1933 1927 2005 1969 vel

131 2001 360 2056 illicitum,
395 2001 663 2057 permissum
696 2003 767 2045 vel
801 2002 1080 2057 prohibitum
1117 2008 1199 2057 est,
1249 2003 1367 2057 quod
1409 2001 1584 2044 auctori
1621 2006 1813 2044 naturae
1855 2001 2007 2055 placet

131 2077 203 2120 vel
239 2076 464 2131 displicet.
503 2076 596 2119 Iam
630 2077 687 2120 ad
723 2077 963 2131 actionem,
998 2090 1110 2131 quae
1145 2077 1206 2120 sit
1240 2077 1485 2120 secundum
1521 2075 1725 2119 ordinem
1750 2075 2006 2130 physicum,

132 2151 223 2194 alia
256 2151 456 2206 cognitio
491 2155 535 2194 et
569 2152 809 2195 tendentia
848 2166 937 2195 non
981 2152 1230 2207 requiritur
1262 2152 1351 2195 nisi
1386 2151 1496 2206 eiuS,
1546 2151 1664 2205 quod
1709 2151 1767 2194 ad
1810 2155 2003 2194 naturae

133 2226 414 2268 commodum
458 2226 529 2268 vel
575 2226 921 2269 delectationem
967 2227 1202 2278 conducit,
1258 2227 1316 2269 ad
1360 2226 1582 2269 actionem
1630 2239 1750 2280 vero,
1801 2237 1913 2279 quae
1947 2226 2003 2268 ad

133 2300 419 2366 Ordffl
368 2300 584 2344 moralem
617 2300 860 2366 pertineat,
894 2300 1150 2370 requiritur
1160 2301 1390 2371 cognitio
1407 2301 1582 2355 ipsius
1589 2299 2003 2363 oiQais‘mmoralis

131 2378 268 2450 atque
299 2375 347 2442 in
380 2375 575 2439 eundem
590 2362 856 2439 tendentia.

281 2452 316 2496 b
353 2450 398 2494 Si
432 2463 537 2504 ergo
571 2437 759 2504 operans
791 2450 839 2492 in
872 2450 1025 2504 aliqua
1059 2449 1236 2493 actione
1267 2449 1334 2493 nil
1367 2450 1491 2493 aliud
1526 2449 1831 2507 apprehendit
1863 2453 1907 2492 et
1941 2449 2003 2491 in-

132 2525 282 2569 tendit
328 2524 418 2568 nisi
462 2523 809 2568 delectationem
858 2525 929 2568 vel
980 2525 1263 2567 commodum
1310 2529 1518 2578 naturae,
1565 2524 1789 2567 actionem
1837 2524 2002 2566 nedum

132 2600 365 2643 moraliter
396 2599 574 2650 bonam,
617 2599 693 2642 sed
727 2612 871 2653 neque
914 2600 1127 2642 moralem
1173 2602 1364 2653 exercet,
1412 2598 1499 2641 etsi
1542 2598 1661 2641 actio
1705 2599 1762 2641 ad
1801 2598 2002 2641 ordinem

132 2674 418 2730 spiritualem
460 2673 732 2729 pertineret;
783 2673 859 2728 qui
894 2688 928 2717 e.
964 2687 1007 2729 g.
1052 2673 1100 2716 in
1134 2673 1287 2716 studio
1330 2672 1550 2715 mathesis
1590 2672 1663 2723 vel
1702 2672 1894 2715 musices
1937 2671 2003 2714 nil

131 2749 257 2792 aliud
281 2748 526 2804 cognoscit,
558 2747 647 2791 nisi
677 2748 791 2791 illud
825 2749 1001 2803 placere
1033 2750 1106 2792 vel
1139 2748 1367 2791 hominem
1400 2748 1614 2802 perficere
1640 2751 1686 2790 et
1711 2748 1855 2790 solum
1889 2747 2004 2790 hanc

133 2822 483 2866 delectationem
517 2823 588 2865 vel
622 2822 878 2866 utilitatem
913 2823 1132 2877 intendit,
1175 2837 1265 2866 non
1303 2827 1479 2865 exercet
1512 2822 1737 2865 actionem
1771 2822 2001 2865 moralem.

280 2911 314 2940 c.
360 2897 482 2952 Ergo
526 2911 616 2941 non
649 2897 794 2940 omnis
826 2902 956 2941 actus
988 2899 1214 2941 humanus
1249 2897 1385 2940 simul
1426 2896 1611 2939 moralis
1645 2899 1735 2947 est;
1782 2896 1859 2939 sed
1893 2900 2002 2938 sunt

133 2975 259 3015 actus
289 2972 490 3027 hnmani,
525 2973 603 3027 qui
620 2973 819 3015 morales
839 2986 925 3015 non
949 2976 1067 3016 sunt.
1106 2973 1167 3016 Et
1190 2985 1297 3016 sane
1318 2985 1409 3015 non
1432 2972 1577 3014 solum
1602 2970 1729 3026 pueri
1754 2970 2003 3014 deliberat-e

133 3051 294 3101 agunt,
339 3046 449 3101 quin
490 3060 642 3090 eorum
687 3050 817 3090 actus
861 3048 1056 3090 morales
1102 3047 1210 3099 sint,
1261 3046 1367 3101 quia
1409 3045 1632 3089 rationem
1679 3045 1783 3088 boni
1816 3049 1861 3088 et
1893 3043 2003 3087 mali

132 3120 317 3163 moralis
349 3121 551 3164 nondum
585 3122 950 3177 apprehendunt,
985 3122 1063 3165 sed
1097 3121 1237 3164 etiam
1271 3120 1422 3164 adulti
1456 3120 1724 3174 quandoque
1757 3119 2003 3162 deliberate

132 3199 340 3239 exercent
372 3201 502 3238 actus
533 3195 630 3239 sine
662 3197 784 3240 omni
817 3209 1000 3252 prorsus
1032 3196 1292 3239 attentione
1330 3195 1389 3238 ad
1422 3208 1576 3238 eorum
1620 3193 1874 3237 bonitatem
1920 3196 2002 3235 aut

132 3269 358 3313 malitiam
391 3270 622 3325 moralem,
654 3271 922 3325 praesertim
967 3271 1145 3325 quando
1192 3268 1509 3314 indifferentia
1549 3268 1792 3324 aspiciunt,
1824 3268 2004 3322 legunt,

131 3344 334 3387 scribunt
366 3343 502 3398 etc.²).

288 3478 318 3530 Γ)
351 3478 397 3520 S.
436 3478 629 3520 Thomas
659 3478 699 3521 2.
735 3478 842 3521 dist.
876 3479 947 3521 21.
981 3493 1020 3533 q.
1055 3479 1096 3521 3.
1130 3492 1168 3521 a.
1203 3479 1243 3520 ἱ).

288 3551 321 3606 2)
352 3552 418 3594 Cf.
453 3551 658 3608 Struqyl,
689 3552 937 3608 Theologia
970 3553 1153 3596 moralis
1186 3556 1320 3595 tract.
1356 3553 1392 3594 1.
1427 3565 1467 3605 q.
1502 3551 1541 3593 2.
1575 3564 1619 3593 11.
1653 3551 1724 3593 28.
