2269 3898
752 164 817 205 De
849 163 1045 216 peccatis
1078 162 1363 216 capitalibus.
1905 162 1989 204 331

281 298 330 349 3.
374 297 627 347 Avaritia
664 296 878 347 duobus
923 295 1098 346 modis
1149 297 1535 346 committitur:
1580 315 1628 347 α.
1673 294 1989 346 excedendo

132 387 188 437 in
218 385 522 436 retinendis
552 385 710 435 bonis
743 384 1026 451 acquisitis
1056 383 1270 451 (Geizfm
1316 382 1357 433 b.
1403 382 1721 434 excedendo
1764 384 1821 434 in
1863 401 1993 434 cura

132 483 186 525 et
226 473 592 525 sollicitudine
633 490 777 523 nova
817 471 963 525 bona
1004 470 1330 540 acquirendi
1372 471 1724 539 (Habsucht).

279 576 329 627 4.
373 575 661 626 Avaritiae
699 572 855 640 filiae
908 581 1260 623 recensentur
1319 575 1661 641 potissimum
1721 577 1989 644 quinque:

281 678 321 706 a.
361 662 606 706 Obdlcratio
639 661 790 704 cordis
829 674 937 716 erga
982 675 1216 716 pauperes,
1252 675 1359 716 quos
1393 676 1555 705 avarus
1591 663 1698 706 dure
1730 664 1991 718 alloquitur,

132 738 300 792 absque
333 737 641 780 misericordia
675 749 837 778 vacuos
870 736 1053 789 repellit
1087 742 1132 778 et
1166 749 1265 778 cum
1299 735 1448 790 rigore
1481 736 1536 778 ab
1567 737 1630 779 eis
1656 738 1808 780 debita
1830 738 1992 792 exigit,

133 812 220 855 etsi
254 812 468 855 solvendo
500 812 698 865 impares
732 810 839 855 sint.

282 886 318 927 b.
352 884 620 940 Inqnieazdo
644 884 790 927 cordis
813 898 848 927 e.
874 898 916 939 g.
943 885 1183 927 vehemens
1207 888 1251 927 et
1275 884 1537 927 inordinata
1560 884 1806 939 applicatio
1830 885 1995 928 mentis

133 960 191 1002 ad
225 959 413 1002 divitias
446 959 741 1013 acquirendas
775 964 819 1001 et
853 959 1184 1002 conservandas
1219 971 1317 1001 cum
1352 958 1479 1001 inani
1514 958 1690 1013 timore,
1723 972 1778 1001 ne
1810 972 1898 1001 non
1931 973 1995 1001 ac-

134 1033 376 1088 quirantur
407 1035 475 1076 vel
509 1034 771 1088 perdantur.

284 1122 318 1152 c.
352 1108 522 1160 Fraus,
555 1121 668 1162 quae
691 1112 759 1150 est
784 1107 987 1161 deceptio
1011 1106 1201 1150 alterius
1224 1108 1346 1149 facto
1370 1115 1566 1161 peracta,
1597 1110 1649 1149 ut
1673 1120 1770 1149 cum
1795 1106 1843 1148 in
1865 1106 1996 1148 rebus

134 1182 382 1224 vendendis
414 1183 734 1225 adulterantur
767 1182 964 1236 pondera
998 1186 1043 1224 et
1080 1194 1326 1223 mensurae.

284 1256 324 1298 d.
359 1256 532 1308 Dolus,
554 1255 628 1310 qui
662 1260 729 1298 est
765 1256 968 1310 deceptio
1001 1255 1190 1298 alterius
1224 1254 1371 1297 verbis
1405 1260 1601 1309 peracta.

285 1343 320 1371 e.
354 1329 580 1383 proditio,
623 1343 734 1384 quae
779 1340 847 1373 est
893 1330 1095 1384 deceptio
1137 1329 1327 1372 alterius
1372 1333 1525 1371 contra
1574 1329 1709 1371 fidem
1755 1329 1908 1371 datam
1952 1328 1999 1370 in

136 1403 231 1445 eius
266 1404 480 1447 damnum
514 1409 709 1459 peracta.
770 1409 775 1413 '

791 1638 1083 1696 Articulus
1123 1638 1349 1695 tertius,

879 1770 954 1807 De
987 1767 1197 1807 invidia
1210 1765 1257 1819 ¹).
1995 1727 2065 1838 As
2079 1818 2089 1822 -

287 1915 422 1969 304.
504 1917 550 1967 1.
593 1915 828 1968 Invidia
886 1924 965 1965 est
1018 1915 1240 1964 tristitia
1294 1913 1360 1964 de
1410 1913 1552 1964 bono
1596 1913 1833 1979 alterius,
1877 1931 2002 1982 qua-

135 2013 296 2056 tenus
323 2004 426 2056 hoc
452 2004 885 2074 apprehenditur
929 2012 988 2054 ut
1029 2003 1424 2054 diminutivum
1454 2003 1708 2072 propriae
1738 2001 2002 2053 excellen-

135 2095 244 2145 tiae
287 2112 333 2146 e.
375 2112 424 2163 g.
480 2094 654 2144 honor
694 2094 827 2144 socii
871 2101 928 2144 ut
968 2092 1270 2144 invidentis
1313 2091 1567 2145 dedecus
1650 2091 1871 2142 Directe
1912 2092 2001 2142 ad-

137 2191 388 2234 versatur
448 2184 701 2250 carz'tatik
743 2200 882 2251 quae
945 2182 1011 2232 de
1071 2180 1213 2232 bono
1275 2181 1512 2250 proximi
1571 2179 1790 2248 gaudet,
1853 2180 1998 2249 quod

138 2271 346 2323 bonum
390 2271 614 2323 invidus
645 2271 982 2322 destructum
1026 2278 1176 2339 optat
1217 2277 1269 2320 et
1311 2288 1419 2321 non
1463 2269 1801 2320 destructum
1843 2268 2003 2321 dolet.

287 2359 456 2403 Differt
501 2375 540 2400 α.
575 2360 631 2403 ab
664 2360 994 2402 aemulatione:
1037 2359 1242 2402 aemulus
1276 2359 1395 2402 enim
1429 2372 1519 2402 non
1554 2358 1772 2401 tristatur
1804 2358 1857 2401 de
1889 2357 2002 2400 bono

136 2434 348 2498 proximi,
387 2435 465 2478 sed
489 2434 705 2478 tristatur
729 2434 781 2477 de
803 2433 984 2489 proprio
1008 2434 1142 2488 ma10,
1177 2433 1282 2487 quia
1305 2438 1428 2476 caret
1456 2433 1536 2476 illo
1567 2432 1695 2487 bono,
1728 2432 1845 2487 quod
1878 2431 2006 2474 videt

137 2507 186 2551 in
223 2508 338 2559 alio;
375 2510 413 2558 β.
448 2509 504 2552 ab
538 2508 650 2561 odio,
686 2522 771 2563 quo
808 2508 906 2563 quis
942 2508 1159 2550 tristatur
1183 2507 1236 2550 de
1269 2507 1382 2549 bono
1417 2507 1621 2561 alterius,
1655 2510 1878 2561 quatenus
1911 2506 2005 2548 eius

139 2582 302 2625 bonum
325 2590 416 2634 est;
442 2598 481 2635 γ.
507 2583 563 2626 ab
585 2583 666 2626 illa
684 2583 893 2634 tristitia,
911 2596 1045 2636 quam
1066 2581 1166 2636 quis
1189 2580 1325 2624 habet
1345 2581 1398 2624 de
1420 2580 1534 2623 bono
1557 2581 1760 2635 alterius,
1784 2585 2005 2635 quatenus

138 2655 245 2699 inde
267 2656 353 2699 sibi
372 2657 554 2711 aliquod
572 2658 743 2700 malum
766 2657 916 2711 timet,
936 2656 973 2699 si
994 2656 1093 2711 quis
1112 2669 1147 2699 e.
1163 2669 1206 2710 g.
1226 2655 1443 2698 tristatur
1462 2656 1514 2698 de
1533 2655 1784 2698 elevatione
1802 2655 2005 2709 alterius,

140 2730 247 2784 quia
277 2730 385 2774 inde
417 2731 503 2774 sibi
537 2732 870 2786 oppressionem
907 2732 1064 2783 timet:
1100 2731 1138 2773 ὃ.
1173 2731 1227 2773 ab
1251 2730 1575 2786 indifflzatione,
1608 2742 1696 2783 qua
1724 2729 1823 2782 quis
1854 2728 2005 2771 trista-

138 2809 215 2847 tur
251 2805 303 2847 de
337 2804 451 2848 bono
484 2805 687 2856 alterius,
732 2810 957 2860 quatenus
999 2805 1072 2848 hic
1111 2805 1191 2847 illo
1225 2804 1338 2847 bono
1378 2803 1597 2858 indignus
1630 2806 1711 2845 est.
1774 2803 1898 2845 Haec
1928 2816 2007 2858 per

140 2890 186 2920 se
217 2892 308 2921 non
341 2882 410 2922 est
442 2883 698 2934 peccatum;
745 2880 844 2922 fieri
877 2883 1030 2923 autem
1064 2883 1215 2934 potest
1248 2883 1498 2933 peccatum,
1534 2877 1571 2920 si
1603 2881 1830 2932 repugnat
1863 2877 2006 2932 provi-

141 2952 324 2996 dentiae
357 2952 553 3008 divinae,
586 2967 699 3008 quae
722 2953 775 2997 ob
797 2957 942 2997 certos
965 2955 1079 2997 fines
1099 2953 1241 3011 etiam
1277 2951 1588 3008 peccatoribus
1620 2950 1736 2994 bona
1767 2955 1866 2993 tum
1898 2954 2006 2994 tem·

138 3026 315 3080 poralia
346 3030 447 3070 tum
480 3028 849 3083 supernaturalia
880 3028 1096 3083 largitur.

292 3103 340 3156 2.
382 3102 605 3153 Invidia
659 3104 831 3154 oritur
871 3121 936 3154 eoe
975 3103 1240 3173 superbia,
1303 3108 1572 3171 quatenus
1627 3098 1764 3151 adeo
1806 3098 2005 3149 inordi-

141 3198 267 3242 nate
308 3190 506 3261 aliquis
557 3199 705 3243 amat
753 3193 1033 3261 propriam
1092 3191 1474 3242 excellentiam
1528 3191 1587 3241 in
1639 3188 1821 3257 aliquo
1863 3187 2005 3238 bono

142 3283 260 3333 sive
303 3298 432 3332 vero
474 3282 590 3332 sive
632 3280 775 3348 ficto,
831 3289 892 3332 ut
932 3280 1067 3332 nolit
1110 3280 1379 3331 eiusmodi
1421 3278 1629 3330 bonum
1671 3275 1936 3345 possideri
1977 3294 2008 3326 a

303 3446 328 3496 ¹)
374 3445 439 3487 De
480 3444 669 3486 luxuria
711 3443 760 3485 in
800 3443 1018 3487 fasciculo
1068 3442 1226 3497 agitur
1268 3440 1515 3497 separatim
1561 3439 1711 3482 edito:
1762 3438 1832 3480 De
1878 3442 2007 3479 sexto

137 3521 378 3574 praecepto
411 3522 495 3561 etc.
