2269 3898
287 158 346 201 40
608 126 616 135 ·
813 158 871 200 ΙΙ.
907 158 974 200 De
1006 157 1184 200 actibus
1217 158 1274 200 ad
1307 159 1444 201 finem
1478 158 1616 213 aptis.

439 292 477 340 β.
510 286 633 333 Nihil
666 289 877 344 impedit,
912 289 1150 344 quominus
1174 290 1339 345 aliquis
1351 291 1517 346 plnres
1545 291 1683 334 simul
1702 292 1972 334 intentiones
1994 291 2166 335 habeat

288 377 367 407 seu
400 365 532 419 plura
565 363 739 407 obiecta
772 364 908 406 simul
939 364 1167 419 intendat,
1208 365 1304 408 sive
1335 366 1444 409 haec
1476 367 1533 409 ad
1565 366 1760 409 invicem
1794 365 2007 409 ordinata
2038 370 2166 420 sunt,

286 445 340 482 ut
384 438 420 481 si
463 439 563 492 quis
596 439 699 481 vult
731 438 1004 481 medicinam
1054 442 1099 482 et
1142 452 1222 493 per
1264 453 1362 482 eam
1408 440 1671 494 sanitatem,
1718 439 1813 482 sive
1860 440 1918 482 ad
1964 439 2158 483 invicem

289 511 500 555 ordinata
531 525 621 554 non
654 515 776 566 sunt,
808 516 862 554 ut
895 511 932 554 si
966 511 1066 566 quis
1097 511 1308 555 instituit
1340 513 1462 567 piam
1496 513 1910 568 peregrinat-ionem
1940 514 1998 556 ad
2021 513 2164 556 colen·

288 587 393 629 dum
429 590 635 629 sanctum
669 589 715 628 et
747 586 805 628 ad
837 586 1127 629 invisendum
1161 587 1370 629 amicum.

441 751 534 804 31.
595 751 680 804 De
736 751 1167 804 involuntario.
1218 749 1686 802 .Involuntarium
1746 750 1881 802 illud
1943 750 2161 814 dicitur,

289 841 435 910 quod
489 859 596 892 non
653 840 901 910 procedit
952 859 983 891 a
1036 840 1335 892 voluntate.
1416 841 1488 891 Et
1540 841 1802 909 quoniam
1857 839 1927 890 ad
1970 839 2159 891 volun-

285 931 486 981 tarium
542 930 648 980 duo
698 930 1070 999 requiruntur,
1126 947 1426 980 consensus
1481 928 1783 980 voluntatis
1826 937 1878 979 et
1920 930 2163 996 cognitio

285 1017 612 1080 intellectuS,
665 1018 960 1087 dupliciter
1015 1017 1131 1069 fieri
1189 1025 1384 1087 potest,
1441 1026 1499 1069 ut
1552 1018 1737 1087 aliqua
1790 1020 1931 1069 actio
1974 1020 2159 1086 agenti

285 1108 353 1157 sit
386 1106 776 1173 involuntaria7
820 1118 914 1158 aut
942 1108 1073 1176 quia
1113 1127 1144 1158 a
1179 1108 1235 1157 vi
1265 1115 1494 1158 externa
1523 1115 1713 1158 contra
1741 1106 2159 1157 inclinationem

284 1195 585 1246 voluntatis
627 1198 841 1263 cogitur
894 1197 1168 1246 actionem
1225 1214 1445 1264 ponere,
1501 1204 1560 1246 ut
1613 1198 1657 1246 si
1713 1198 1836 1264 quis
1890 1195 2167 1247 violenter

285 1285 520 1336 trahitur
575 1285 646 1336 ad
700 1285 891 1336 fanum
948 1283 1105 1349 idoli,
1168 1293 1264 1336 aut
1320 1286 1450 1354 quia
1509 1286 1784 1336 actionem
1841 1286 2165 1353 ignoranter

283 1376 454 1444 ponit,
499 1381 558 1425 ut
599 1376 643 1426 si
686 1376 808 1443 quis
850 1373 1056 1425 occidit
1096 1373 1379 1425 hominem
1423 1383 1622 1442 putans
1664 1393 1780 1425 esse
1822 1374 2014 1425 feram.

432 1499 479 1529 a.
521 1472 971 1530 Involuntarium
1000 1479 1356 1547 distinguitur
1393 1481 1449 1529 in
1475 1480 1715 1549 neyative
1757 1496 1851 1530 seu
1881 1480 2163 1548 privative

215 1567 219 1626 ‘s
285 1576 339 1618 et
369 1569 601 1638 posit-ive
644 1568 1098 1622 involuntarium,
1176 1568 1321 1632 Illud
1377 1567 1630 1633 habetur,
1688 1568 1909 1638 quando
1964 1570 2020 1619 in
2070 1586 2162 1619 vo-

220 1659 222 1663 ’
282 1655 493 1708 luntate
535 1675 664 1725 erga
719 1657 943 1727 aliquod
997 1657 1276 1709 obiectum
1334 1655 1517 1708 nullus
1575 1659 1763 1708 existit
1814 1665 2000 1722 actus3
2054 1656 2164 1708 hoe

283 1740 533 1808 habetur,
577 1747 798 1815 quando
836 1748 892 1797 in
925 1747 1208 1798 voluntate
1239 1764 1368 1814 erga
1408 1745 1633 1816 aliquod
1665 1746 1943 1798 obiectum
1973 1748 2163 1797 existit

284 1843 439 1886 actus
481 1838 785 1887 aversionis
827 1855 921 1888 seu
965 1836 1261 1890 nolitioniS.

431 1938 799 1982 Involuntarium
847 1940 1079 1995 privative
1128 1940 1297 1983 dicitur
1345 1939 1484 1983 etiam
1539 1941 1966 1982 non-eolzmtarz'mn.
2032 1939 2166 1994 Sunt,

283 2013 360 2068 qui
407 2014 699 2070 distinguant
738 2015 860 2058 inter
898 2015 1262 2059 involuntarium
1308 2017 1353 2058 et
1395 2015 1840 2058 non—voluntarium:
1904 2015 2161 2058 Ill-volunta—

282 2089 403 2130 rium
445 2089 694 2144 appellant,
738 2091 854 2144 quod
896 2090 996 2145 quis
1039 2091 1154 2134 facit
1196 2090 1428 2146 ignorans,
1470 2105 1560 2134 non
1603 2093 1826 2147 facturus,
1869 2092 1906 2135 si
1940 2092 2165 2145 scivisset,

282 2175 388 2217 ergo
422 2167 579 2206 contra
600 2164 943 2218 propensionem
967 2164 1242 2215 voluntatis,·
1277 2165 1689 2208 non-coluntarium
1713 2165 1886 2221 dicunt,
1920 2166 2039 2221 quod
2062 2166 2164 2220 quis

281 2236 498 2291 ignorans
542 2237 723 2292 quidem
767 2238 897 2292 facit,
940 2239 1017 2282 sed
1061 2239 1179 2293 quod
1220 2238 1364 2282 sciens
1406 2239 1555 2283 adhuc
1597 2240 1797 2294 fecisset,
1846 2253 1952 2295 ergo
1992 2240 2163 2295 absque

282 2310 580 2366 propensione
612 2312 881 2359 voluntatis.
944 2313 1064 2357 Illud
1098 2328 1156 2357 ex
1188 2327 1334 2357 errore
1381 2316 1452 2369 fit,
1502 2315 1585 2358 hoc
1633 2328 1729 2357 cum
1778 2328 1937 2358 errore.
2003 2314 2075 2357 Sic
2121 2314 2159 2357 si

283 2385 383 2440 quis
415 2387 572 2430 volens
605 2387 803 2431 occidere
845 2389 990 2431 feram
1024 2388 1189 2431 occidit
1233 2402 1415 2444 capram
1458 2388 1633 2432 inimici
1678 2388 1763 2443 sui,
1816 2388 1888 2432 cui
1934 2389 2028 2431 iam
2075 2385 2163 2432 'diu

281 2473 439 2503 nocere
470 2460 687 2516 intendit,
721 2461 882 2505 occisio
915 2476 1076 2517 caprae
1107 2476 1197 2506 non
1230 2466 1300 2506 est
1332 2462 1514 2518 quidem
1543 2463 1871 2515 involuntaria,
1904 2464 1981 2506 sed
2006 2469 2160 2506 tamen

281 2535 662 2578 non-voluntaria.

433 2625 478 2677 b.
522 2625 692 2677 Aliud
735 2636 816 2677 est
856 2626 1292 2678 involuntarium
1338 2627 1636 2697 peofectum
1677 2636 1731 2680 et
1770 2628 2162 2697 imperfectum,-

284 2713 418 2765 illud
461 2714 709 2778 habetur,
755 2716 976 2785 quando
1018 2716 1275 2768 voluntas
1317 2716 1528 2786 aliquid
1571 2716 1731 2786 plene
1772 2727 1842 2784 et,
1886 2726 2155 2786 quantum

283 2804 340 2854 in
383 2823 438 2854 se
479 2813 575 2864 est,
621 2805 920 2857 efficaciter
959 2807 1170 2870 reiicit3
1214 2805 1318 2857 hoc
1358 2805 1612 2873 habetur,
1650 2807 1871 2876 quando
1903 2806 2161 2857 voluntas

286 2891 497 2961 aliquid
539 2892 802 2961 languide
844 2902 896 2945 et
936 2896 1180 2961 remisse,
1224 2894 1398 2946 solum
1426 2914 1551 2947 cum
1579 2896 1765 2965 aliqua
1790 2895 2156 2947 haesitatione

283 2982 477 3032 reiicit.
542 2981 796 3034 Tentatio
841 2992 1030 3035 contra
1071 2984 1255 3049 fidem,
1301 2986 1603 3049 caritatem,
1648 2987 1972 3050 castitatem,
2016 3002 2159 3053 quae

284 3071 401 3121 sine
454 3070 815 3123 haesitatione
868 3091 1090 3142 prorsus
1146 3076 1412 3142 reficitur,
1465 3075 1709 3143 perfecte
1762 3073 2153 3136 involuntaria,

287 3177 428 3228 quae
472 3178 601 3211 vero
645 3178 772 3211 cum
813 3161 996 3231 aliqua
1041 3162 1405 3214 haesitatione
1448 3176 1500 3214 et
1529 3163 1867 3232 negligentia
1890 3163 2157 3227 reficitur,

285 3248 603 3316 imperfecte
644 3248 1020 3302 involuntaria
1061 3259 1154 3302 est.

435 3411 527 3464 3⁸2.
586 3426 657 3469 De
691 3427 962 3471 omissione
995 3428 1161 3472 libera
1196 3440 1282 3471 seu
1316 3429 1376 3471 (le
1408 3428 1701 3473 voluntario
1735 3441 1861 3484 pure
1895 3429 2154 3482 negativo.

289 3499 330 3543 1.
380 3498 638 3557 Quaerunt
681 3505 922 3558 auctores,
961 3508 1125 3547 utrum
1158 3501 1315 3559 possit
1349 3516 1455 3548 esse
1489 3503 1818 3549 voluntarium
1853 3516 1977 3558 pure
2018 3517 2154 3559 nega-

779 3627 801 3654 'f

257 3656 322 3711 ,ὁμῇ
378 3665 387 3684 ιι
443 3648 452 3679 l

286 3702 300 3711 a

265 3713 275 3729 ἶ
284 3712 303 3730 Γ
