2269 3898
758 157 824 200 De
857 157 1034 200 actibus
1066 157 1290 201 humanis.
1898 162 1955 204 37

94 294 234 344 tacet,
268 289 520 333 consentire
553 292 784 339 censetur;
820 289 856 331 si
889 289 991 343 quis
1024 294 1177 332 autem
1211 290 1267 333 ab
1298 291 1388 334 alio
1422 291 1504 334 sibi
1531 292 1775 346 quidquam
1800 293 1957 336 donari

93 368 226 419 petat
258 364 384 418 isque
417 368 583 417 taceat,
615 376 704 405 non
737 368 945 406 censetur
977 364 1242 407 consentire.

248 438 287 485 β.
323 437 494 480 Tacens
528 437 667 480 etiam
703 438 749 479 in
783 437 952 480 odiosis
985 438 1239 481 consentire
1271 442 1493 493 censetur,
1525 439 1563 482 si
1595 440 1751 483 nolens
1783 452 1959 483 consen-

96 510 196 562 tire,
232 510 539 553 contradicere
572 511 753 554 deberet
785 515 831 553 et
864 515 1038 565 posset;
1072 525 1162 553 non
1194 518 1348 554 autem
1382 516 1589 555 censetur
1621 513 1887 568 consentire,
1921 513 1958 556 si

90 583 402 627 contradicere
443 597 532 626 non
573 588 757 627 tenetur
796 588 878 627 aut
915 598 1004 627 non
1037 588 1202 638 potest.
1266 585 1393 628 Tunc
1424 590 1579 629 autem
1615 600 1701 629 non
1724 599 1864 643 posse
1898 586 1959 629 di·

92 657 232 712 citur,
282 659 461 712 quando
505 658 600 701 sine
642 659 805 701 damno
854 659 926 701 vel
970 671 1136 713 magno
1176 658 1458 701 incommodo
1500 673 1589 702 non
1637 665 1801 715 potest.
1874 660 1959 714 Qui

96 739 334 786 praesente
357 737 402 775 et
424 746 513 775 non
536 732 875 775 contradicente
901 732 1081 775 domino
1099 746 1192 775 rem
1211 734 1377 787 aufert,
1393 747 1483 775 non
1501 733 1751 776 committit
1767 736 1959 787 furtum,

97 805 203 860 quia
254 806 462 849 dominus
507 806 760 850 consentire
807 812 1029 860 censetur,
1071 806 1160 849 nisi
1206 819 1261 849 ex
1302 810 1427 849 metu
1470 807 1543 849 vel
1576 820 1629 850 ex
1662 807 1753 850 alia
1784 808 1961 850 ratione

94 884 260 923 taceat.
323 881 384 923 Et
417 881 454 923 si
488 881 696 935 princeps
729 882 800 924 vel
842 881 1045 936 superior
1076 880 1190 924 sciat
1224 880 1399 934 aliquid
1433 879 1533 923 fieri
1567 884 1723 923 contra
1757 881 1958 923 ordinem

94 967 174 997 nec
209 955 507 1009 contradicat,
541 955 794 998 consentire
827 959 1048 1009 censetur,
1083 955 1120 997 si
1152 954 1287 997 facile
1320 955 1625 997 contradicere
1647 955 1719 997 vel
1741 954 1961 1009 impedire

93 1034 260 1084 posset,
292 1043 381 1072 non
415 1034 566 1072 autem
602 1029 639 1072 si
672 1029 807 1072 facile
839 1029 1061 1084 impedire
1091 1043 1181 1072 non
1214 1032 1380 1084 posset.

243 1104 292 1156 5.
335 1102 725 1155 Voluntarium
757 1105 1049 1172 positivum
1092 1114 1143 1154 et
1182 1104 1510 1172 neyativum;
1549 1104 1848 1172 positivum
1886 1103 1960 1153 di-

95 1195 254 1257 citur,
298 1193 441 1262 quod
486 1212 555 1243 ex
595 1192 779 1261 aliqua
820 1194 1037 1243 actione
1079 1194 1326 1261 sequitur
1376 1200 1428 1243 et
1481 1191 1812 1257 intenditur3
1872 1210 1958 1242 ne-

93 1283 344 1347 gativum
387 1281 606 1346 dicitur,
661 1281 807 1350 quod
865 1300 933 1331 ex
985 1283 1278 1332 omissione
1328 1282 1579 1346 actionis,
1633 1299 1773 1349 quae
1830 1282 1959 1350 poni

92 1369 275 1434 debet,
319 1379 634 1421 secuturum
679 1370 1050 1438 praevidetur.

246 1458 318 1501 Sic
348 1460 526 1501 furtum
561 1459 689 1513 pueri
723 1463 793 1500 est
825 1458 963 1512 patri,
998 1457 1074 1512 qui
1107 1457 1255 1500 filium
1280 1458 1338 1500 ad
1360 1457 1604 1499 furandum
1628 1456 1819 1511 inducit,
1839 1457 1962 1511 posi-

98 1532 184 1575 tive
216 1528 542 1586 voluntarium,
576 1538 622 1575 et
653 1533 831 1574 furtum
866 1531 1009 1586 pueri,
1045 1532 1163 1585 quod
1192 1534 1324 1586 pater
1345 1531 1549 1574 advertit
1571 1536 1617 1574 et
1638 1545 1727 1574 non
1751 1530 1963 1586 impedit,

97 1609 166 1648 est
199 1606 321 1660 patri
354 1606 558 1661 neyalile
590 1605 918 1649 voluntarium.
967 1606 1030 1649 Ut
1064 1607 1251 1660 malum,
1284 1606 1402 1660 quod
1428 1619 1481 1648 ex
1505 1605 1745 1648 omissione
1768 1604 1963 1647 actionis

97 1680 305 1733 sequitur
347 1686 393 1723 et
434 1681 623 1735 proinde
667 1694 758 1723 non
789 1694 894 1724 vere
926 1686 1154 1735 causatur,
1198 1694 1302 1724 vere
1334 1679 1645 1723 voluntarium
1681 1679 1770 1722 dici
1802 1679 1963 1734 possit,

97 1753 360 1809 requiritur,
393 1758 445 1797 ut
478 1754 596 1797 actio
631 1754 796 1797 omissa
820 1754 973 1798 debita
1008 1754 1082 1797 sit.
1127 1754 1250 1797 Haec
1273 1754 1494 1809 obligatio
1518 1754 1714 1809 ponendi
1736 1754 1959 1798 actionem

95 1828 256 1882 efficit,
289 1833 342 1871 ut
375 1829 545 1871 malum
579 1829 814 1872 moraliter
847 1842 925 1872 seu
948 1829 993 1872 in
1019 1829 1180 1872 morali
1201 1828 1525 1872 aestimatione
1549 1828 1610 1871 sit
1636 1829 1961 1883 voluntarium,

91 1906 147 1945 ut
178 1902 301 1946 infra
331 1902 515 1946 uberius
549 1904 736 1947 dicetur.

244 1978 291 2030 6.
335 1976 725 2029 Voluntarium
766 1980 823 2028 in
864 1997 915 2029 sc
957 1988 1008 2029 et
1050 1980 1104 2029 in
1148 1977 1253 2029 alio
1297 1996 1391 2029 seu
1426 1979 1481 2028 ¹in
1509 1997 1670 2028 causa
1696 1978 1862 2046 (quod
1891 1976 1959 2028 ab

93 2064 216 2117 aliis
234 2067 607 2120 voluntarium
634 2068 884 2118 directum
908 2076 962 2120 et
979 2068 1292 2119 indirectum
1316 2067 1535 2133 dicitur)
1559 2067 1770 2117 ratione
1793 2066 1960 2131 modi,

90 2171 201 2221 quo
245 2154 455 2224 aliquid
498 2156 832 2207 intenditur:
874 2157 1114 2224 primum
1158 2165 1253 2221 est,
1297 2155 1441 2224 quod
1478 2154 1733 2205 voluntas
1775 2157 1959 2205 imme·

96 2242 244 2293 diate
286 2245 342 2294 in
384 2263 440 2294 se
482 2246 599 2313 ipso
643 2245 906 2310 intendit3
963 2247 1039 2296 sic
1084 2247 1148 2311 ei,
1193 2245 1286 2314 qui
1328 2245 1616 2295 inimicum
1661 2243 1960 2294 deliberate

90 2332 316 2398 occidit,
376 2350 518 2385 mors
573 2335 784 2385 inimici
838 2335 896 2385 in
949 2353 1004 2385 se
1059 2333 1372 2385 voluntaria
1427 2342 1531 2398 est3
1588 2331 1820 2384 alterum
1863 2340 1957 2399 est,

91 2422 242 2490 quod
287 2440 396 2473 non
438 2424 760 2488 intenditur,
803 2423 899 2475 sed
940 2441 1010 2475 ex
1050 2423 1252 2492 aliquo,
1297 2422 1443 2491 quod
1485 2423 1543 2472 in
1585 2439 1641 2472 se
1683 2429 1735 2472 et
1776 2423 1959 2472 imme-

97 2510 243 2562 diate
272 2512 592 2579 intenditur,
635 2522 918 2582 tamquam
945 2531 1014 2563 cx
1045 2530 1210 2563 causa
1240 2521 1557 2564 secuturum
1586 2511 1958 2579 praevidetur,

97 2601 175 2650 sic
217 2600 480 2652 scribenti
521 2601 690 2653 libros
732 2620 932 2672 pravos
973 2610 1201 2670 peccata
1241 2601 1559 2669 legentium,
1614 2617 1753 2668 quae
1809 2618 1960 2668 prae-

93 2689 265 2744 videt.
310 2689 622 2742 voluntaria
665 2699 791 2742 sunt
831 2693 887 2741 in
931 2690 1160 2760 causa1).

246 2792 286 2820 a.
328 2778 391 2821 Ut
438 2779 613 2833 aliquid
659 2780 838 2823 dicatur
882 2778 1192 2822 voluntarium
1241 2778 1289 2820 in
1330 2791 1387 2829 se,
1428 2790 1606 2820 necesse
1646 2790 1735 2820 non
1777 2782 1858 2830 est,
1908 2785 1962 2820 ut

91 2855 347 2906 *appetatur
377 2858 564 2908 propter
595 2867 640 2897 se
673 2867 752 2897 seu
785 2859 839 2896 ut
861 2853 982 2908 finis,
1007 2855 1083 2897 sed
1108 2853 1264 2908 appeti
1288 2853 1427 2895 etiam
1451 2855 1604 2906 potest
1626 2855 1811 2905 propter
1833 2851 1959 2894 aliud

98 2938 176 2968 seu
208 2927 507 2984 utssm-edium.
553 2928 624 2971 Sic
665 2929 891 2971 navarcho
925 2928 1142 2983 proiectio
1175 2928 1389 2970 mercium
1424 2917 1685 2969 voluntaria
1718 2930 1787 2968 est
1818 2926 1866 2968 in
1899 2940 1958 2980 se,

97 2984 306 3056 qua‘mssis
339 3014 435 3044 eam
469 3016 559 3045 non
591 3003 704 3045 velit
737 3006 925 3057 propter
946 3016 1007 3057 se,
1041 3002 1117 3045 sed
1140 3006 1193 3044 ut
1217 3001 1415 3044 medium
1440 3000 1498 3042 ad
1522 3000 1788 3042 servandam
1814 3000 1958 3042 vitam

95 3075 469 3130 navigantium2).

256 3209 282 3263 ¹)
315 3209 425 3264 Alii,
459 3210 535 3264 qui
559 3210 757 3263 pressius
780 3211 960 3252 modum
992 3209 1206 3263 loquendi
1232 3223 1268 3252 s.
1298 3208 1490 3250 Tleomae
1514 3211 1777 3261 sequuntur,
1801 3206 1958 3248 volun-

99 3283 268 3326 tarium
303 3283 472 3326 directe
504 3289 550 3326 et
583 3283 802 3327 indirecte
824 3298 850 3326 a
869 3283 1128 3327 voluntario
1162 3283 1209 3326 in
1243 3296 1288 3326 se
1321 3287 1367 3325 et
1398 3282 1446 3324 in
1479 3294 1612 3324 causa
1648 3280 1959 3334 distinguunt,

98 3357 303 3412 illudque
335 3358 403 3400 ita
438 3357 679 3413 definiunt,
712 3363 766 3401 ut
799 3371 898 3400 cum
922 3357 1182 3400 voluntario
1193 3357 1388 3413 positivo
1410 3360 1456 3398 et
1479 3354 1681 3409 neffltz‘izv
1705 3352 1958 3396 conveniat.

89 3429 166 3472 Cf.
201 3444 235 3473 s.
274 3431 463 3473 Thomas
494 3431 529 3474 I.
562 3430 622 3474 H.
657 3445 697 3486 q.
730 3433 771 3474 6.
806 3446 844 3474 a.
878 3432 946 3476 3.:
982 3446 1022 3486 q.
1058 3432 1125 3473 77.
1161 3446 1199 3473 a.
1236 3433 1273 3473 7.

253 3506 282 3558 ’ἢ
310 3505 572 3557 ,ᾖεΙηηΙπηΙῑί
600 3506 635 3547 Ι.
669 3521 709 3549 n.
745 3507 785 3548 4.
