2269 3898
311 119 396 162 182
1042 114 1109 157 De
1142 112 1447 157 matrimonio.

457 252 494 294 b.
527 249 649 296 Tria
697 249 852 306 igitur
900 246 1056 293 efficit
1102 247 1228 292 haec
1262 245 1482 292 sanatio:
1535 261 1575 290 α.
1609 247 1745 293 tollit
1794 261 1884 305 per
1932 248 2187 307 dispensa-

309 327 488 372 tionem
511 323 928 382 impedimentum,
954 320 1079 379 quod
1104 322 1164 367 ab
1189 320 1332 366 initio
1357 320 1669 366 matrimonio
1694 322 1950 379 obstabat3
1977 323 2016 372 β.
2041 328 2191 368 sanat

310 413 595 447 consensum
629 398 679 443 in
711 396 953 455 principio
977 395 1275 454 praestitum
1310 400 1361 440 et
1395 395 1554 441 adhuc
1576 395 1954 452 perdurantem;
1988 411 2029 449 γ.
2052 396 2191 442 tollit

311 474 512 520 effectus
546 471 782 518 iuridicos
816 469 1120 516 matrimonii
1151 469 1401 527 hucusque
1434 468 1658 526 invalidi,
1697 469 1994 528 praesertim
2028 469 2191 528 illegi-

308 549 575 594 timitatem
619 545 785 603 prolis.

457 637 489 666 c.
539 621 619 667 Ex
665 621 742 666 his
795 623 938 678 patet
987 619 1167 677 duplex
1220 618 1530 676 potissimum
1581 632 1687 664 esse
1744 618 2011 665 discrimen
2057 619 2193 665 inter

309 703 565 755 utramque
591 693 972 743 revalidationis
1007 693 1247 752 speciem:
1284 708 1325 737 α.
1361 692 1556 738 sanatio
1590 692 1641 739 in
1672 693 1846 739 radice
1879 706 2056 740 novum
2081 707 2191 739 con-

310 785 501 817 sensum
524 770 723 829 proprie
759 774 809 814 et
843 768 1127 814 necessario
1161 782 1257 813 non
1289 767 1517 825 requirit,
1550 767 1601 812 in
1633 767 1999 814 revalidatione
2025 772 2190 814 autem

309 844 560 891 ordinario
593 843 734 889 modo
766 842 906 889 iacta
939 857 1092 889 novus
1128 856 1392 889 consensus
1437 840 1722 888 formaliter
1757 842 1983 888 exhiberi
2016 843 2191 899 debet;

311 921 347 969 λ3.
384 919 577 965 sanatio
611 919 661 964 in
694 918 864 964 radice
899 931 1009 963 suos
1035 917 1240 963 effectus
1276 917 1503 963 extendit
1537 917 1690 964 etiam
1725 917 1789 962 ad
1820 921 2013 975 tempus
2046 930 2192 975 prae-

309 994 523 1050 teritum,
571 992 874 1040 revalidatio
909 992 1166 1038 ordinaria
1216 997 1382 1038 autem
1417 992 1572 1037 solum
1625 992 1687 1037 ad
1729 997 1922 1050 tempus
1955 990 2191 1038 futurum.

311 1068 641 1126 Quamobrem
687 1067 784 1113 dici
826 1068 973 1113 solet:
1020 1081 1111 1125 per
1155 1067 1465 1113 sanationem
1511 1066 1563 1112 in
1606 1066 1779 1113 radice
1823 1066 2191 1112 matrimonium

310 1143 483 1201 incipit
515 1143 687 1188 valere
722 1156 780 1185 ex
812 1145 914 1186 tnnc
958 1143 988 1188 i.
1025 1156 1067 1187 e.
1102 1156 1162 1188 ex
1209 1156 1264 1187 eo
1308 1146 1545 1201 tempore,
1597 1155 1688 1200 quo
1722 1140 2088 1187 matrimonium
2121 1141 2192 1187 in-

311 1216 475 1262 valide
525 1222 834 1262 contractum
884 1216 1002 1272 fuit3
1061 1231 1151 1276 per
1198 1216 1621 1263 revalidationem
1671 1215 1978 1262 ordinariam
2027 1220 2192 1262 autem

309 1291 670 1337 matrimonium
707 1291 883 1350 incipit
914 1292 1088 1338 valere
1138 1306 1195 1335 ex
1228 1306 1345 1335 mmo
1377 1292 1407 1337 i.
1444 1306 1483 1338 e.
1519 1305 1579 1337 ex
1613 1305 1669 1337 eo
1704 1296 1944 1349 tempore,
1994 1304 2084 1348 quo
2116 1304 2193 1337 re-

308 1366 550 1412 validatio
585 1366 745 1412 locum
778 1367 946 1412 habet.
1010 1366 1111 1413 Ubi
1143 1371 1313 1412 tamen
1345 1365 1615 1412 notandum
1651 1370 1728 1412 est
1758 1379 1849 1425 per
1882 1365 2192 1411 sanationem

310 1440 360 1486 in
412 1441 585 1487 radice
644 1441 1009 1488 matrimonium
1059 1442 1219 1500 quoad
1271 1441 1477 1488 effectus
1532 1441 1727 1500 quidem
1778 1440 2083 1487 considerari
2137 1444 2196 1486 ut

308 1515 526 1561 validum
561 1530 620 1562 ex
652 1523 783 1573 tunc,
818 1516 972 1574 ipsum
1012 1524 1176 1562 autem
1211 1516 1580 1562 matrimonium
1613 1529 1797 1562 revera
1829 1515 2048 1562 validum
2083 1528 2194 1561 esse

311 1590 461 1636 50111111
499 1604 556 1636 ex
589 1605 729 1649 nunc,
766 1591 861 1637 etsi
893 1591 943 1638 vi
975 1592 1123 1651 primi
1159 1605 1439 1638 consensus.

461 1681 507 1733 2.
555 1681 780 1733 Sanatio
824 1684 881 1733 in
922 1681 1110 1733 radice
1154 1681 1364 1752 duplici
1408 1681 1569 1733 modo
1612 1681 1730 1732 fieri
1768 1688 1961 1750 potest,
1993 1680 2082 1732 vel
2116 1681 2196 1733 ita

311 1778 370 1820 ut
409 1771 695 1822 renovatio
738 1789 1039 1823 consensus
1081 1772 1338 1840 exigatur
1379 1771 1467 1822 vel
1510 1773 1628 1822 sine
1668 1772 2031 1822 renovatione
2069 1789 2189 1822 con-

310 1877 517 1912 sensus,
600 1860 686 1911 Ex
745 1879 847 1912 usu
902 1860 1275 1912 ecclesiastico
1331 1861 1557 1930 quidem
1613 1862 1825 1912 sanatio
1876 1862 1993 1912 sine
2040 1879 2193 1912 reno·

313 1950 533 2000 vatione
576 1949 692 2001 fieri
735 1949 884 2018 solet,
940 1951 1266 2020 praesertim
1309 1950 1406 2001 ubi
1451 1951 1691 2020 putativi
1735 1952 1998 2018 coniuges
2036 1949 2195 2002 nulli-

310 2047 478 2090 tatem
519 2041 602 2090 sui
645 2041 984 2092 matrimonii
1027 2041 1290 2108 ignorant
1330 2059 1434 2092 nec
1477 2040 1544 2092 de
1586 2058 1650 2091 ea
1691 2042 1904 2092 moneri
1931 2049 2193 2110 possunt;

311 2128 671 2181 nihilominus
713 2149 752 2183 s,
792 2131 1044 2199 pontifex
1085 2130 1421 2200 quandoque
1462 2131 1735 2200 praecipit
1775 2132 2194 2182 renovationem

313 2214 612 2271 eonsensus
655 2220 709 2270 in
753 2238 1010 2289 poenam,
1054 2219 1150 2271 ubi
1193 2219 1405 2271 scilicet
1445 2239 1557 2271 una
1598 2239 1725 2289 pars
1767 2229 2013 2291 tempore
2057 2218 2191 2271 cele-

312 2308 581 2360 brationis
639 2310 783 2361 mala
836 2310 946 2362 fide
1003 2312 1129 2378 egit.
1210 2309 1425 2375 Quodsi
1481 2329 1659 2363 novus
1703 2329 2003 2362 consensus
2044 2328 2194 2380 prae·

312 2398 587 2466 scribitur,
631 2400 676 2451 is
718 2399 789 2451 ad
831 2398 1077 2451 valorem
1119 2402 1459 2452 matrimonii
1503 2402 1851 2452 necessarius
1893 2408 1987 2452 est.

462 2490 530 2532 Ex
562 2488 633 2532 his
666 2493 798 2544 patet
831 2488 1114 2532 sanationem
1160 2490 1445 2534 matrimonii
1485 2490 1625 2534 etiam
1660 2490 1804 2534 inscia
1837 2492 2033 2545 utraque
2054 2491 2199 2545 parte

311 2563 409 2607 fieri
443 2577 572 2618 posse
605 2568 650 2608 et
691 2564 840 2622 reipsa
872 2565 989 2620 fieri,
1039 2564 1216 2620 quoties
1260 2578 1315 2609 ex
1347 2565 1598 2609 monitione
1640 2566 1856 2608 damnum
1890 2564 2106 2608 timetur:
2141 2576 2197 2607 ex

311 2644 441 2694 parte
474 2639 593 2682 enim
627 2638 873 2694 coniugum
906 2640 1061 2683 nullus
1095 2644 1226 2683 actus
1259 2640 1318 2683 ad
1351 2639 1637 2684 sanationem
1670 2639 1932 2694 requiritur.

465 2788 594 2841 170.
649 2787 917 2861 Quatuor
957 2789 1342 2843 condiciones
1383 2790 1810 2858 requiruntur,
1865 2796 1927 2840 ut
1978 2790 2195 2841 sanatio

314 2878 370 2928 in
412 2877 598 2929 radice
639 2877 757 2929 fieri
799 2879 1001 2948 possit:

465 2983 511 3034 1.
566 2982 640 3033 Ut
693 2982 1174 3051 impedimentum,
1234 2983 1382 3053 quod
1435 2983 1713 3035 validitati
1769 2984 2111 3036 matrimonii
2163 3002 2197 3034 a

314 3071 586 3140 principio
631 3070 902 3137 obstabat,
946 3074 1016 3124 sit
1055 3073 1190 3124 imis
1234 3071 1606 3126 ecclesiastici:
1655 3075 1713 3125 in
1766 3073 1873 3126 alio
1924 3075 2073 3125 enim
2115 3091 2195 3125 ec-

315 3158 481 3210 elesia
540 3159 859 3229 dispensare
916 3180 981 3213 ac
1037 3161 1271 3231 proinde
1326 3180 1655 3215 consensum
1698 3164 1957 3215 vitiatum
1999 3181 2194 3230 sanare

314 3250 519 3318 nequit.

463 3337 582 3380 Hinc
614 3338 958 3382 matrimonium
992 3345 1178 3395 propter
1218 3340 1600 3396 impedimentum
1633 3341 1747 3385 iuris
1796 3340 1942 3385 divini
1975 3341 2047 3384 vel
2080 3339 2195 3384 iuris

316 3412 540 3454 naturalis
574 3425 609 3455 e.
643 3426 687 3468 g.
720 3413 956 3469 ligaminis
1000 3414 1257 3458 invalidum
1304 3416 1586 3460 convalidari
1629 3429 1720 3459 non
1763 3419 1917 3471 potest
1959 3429 2038 3470 per
2070 3429 2195 3459 sana⁴

319 3485 504 3540 tionem,
553 3487 639 3530 etsi
683 3487 1064 3544 impedimentum
1109 3502 1145 3532 e.
1180 3502 1224 3544 g.
1256 3489 1493 3545 ligaminis
1536 3503 1616 3546 per
1658 3495 1850 3534 mortem
1895 3489 2058 3545 prioris
2098 3503 2196 3533 con-
