2269 3898
747 129 814 171 De
846 128 1079 183 gravitate
1111 133 1410 182 peccatorum.
1925 130 2009 172 317

147 263 255 312 nisi
312 263 543 312 materia
595 261 897 311 coalescat:
954 261 1098 312 solus
1158 263 1304 312 enim
1360 281 1622 313 numerus
1676 280 1786 312 non
1841 271 2016 313 mutat

147 353 440 402 essentiam
482 351 722 418 peccati;
779 352 920 400 inter
972 359 1261 418 peccatum
1316 361 1499 401 autem
1553 350 1779 400 mortale
1834 359 1886 400 et
1926 368 2014 400 ve·

150 439 294 489 niale
335 450 415 489 est
456 437 744 488 essentiale
788 438 1101 488 discrimen.

296 556 336 587 a.
370 543 491 596 Ergo
525 542 744 595 sacerdos,
779 542 855 595 qui
886 541 935 583 in
967 541 1237 584 recitatione
1270 542 1410 584 officii
1447 542 1650 595 quotidie
1674 542 1851 584 omittit
1874 555 2013 584 unum

145 616 388 670 psalmum,
421 615 507 658 etsi
541 628 620 669 per
654 615 889 657 decursum
923 615 1030 657 anni
1080 615 1343 658 omissiones
1393 615 1487 657 sint
1538 616 1724 669 multae,
1774 615 2014 658 venialiter

147 694 332 732 tantum
366 692 544 743 peccat:
581 693 626 732 et
660 689 697 731 si
731 689 865 732 initio
899 690 1006 732 anni
1041 689 1244 743 quotidie
1276 690 1500 743 psalmum
1539 689 1750 732 omittere
1790 689 2016 743 proponit,

145 764 227 805 hoc
258 762 541 817 propositum
574 763 752 806 veniale
785 768 1016 817 peccatum
1051 777 1140 806 non
1174 762 1374 806 excedit:
1426 763 1709 817 propositum
1759 762 1876 805 enim
1925 776 2013 805 non

144 837 281 880 habet
313 837 527 880 maiorem
547 837 776 880 malitiam
811 851 944 891 quam
965 843 1094 880 actus
1117 850 1196 892 per
1217 837 1499 891 propositum
1523 836 1709 890 intenti,
1743 836 1819 890 qui
1843 835 2013 889 singuli

144 916 252 954 sunt
283 910 486 954 veniales
519 916 565 954 et
596 911 789 953 invicem
823 925 912 953 non
944 911 1180 954 uniuntur.

293 1000 329 1044 b.
365 1001 485 1055 Ergo
520 1000 743 1054 dominus,
777 1000 853 1054 qui
887 999 1085 1054 triginta
1115 999 1302 1043 famulis
1337 999 1408 1042 die
1439 1001 1557 1042 festo
1589 999 1795 1053 iniungit
1818 998 2014 1041 laborem

143 1074 280 1118 unius
313 1075 462 1129 horae,
496 1075 640 1117 solum
674 1074 920 1118 venialiter
951 1081 1128 1129 peccat:
1165 1074 1452 1129 singulorum
1487 1073 1605 1116 enim
1630 1076 1758 1115 actus
1782 1072 2015 1115 moraliter

142 1160 233 1191 non
266 1150 536 1193 coalescunt.

295 1252 327 1280 c.
362 1239 483 1292 Ergo
507 1238 583 1292 qui
607 1239 701 1280 sola
726 1238 938 1281 mortalia
960 1237 1109 1280 vitare
1132 1237 1345 1292 proponit
1369 1238 1422 1280 (le
1448 1236 1703 1280 venialibus
1729 1250 1818 1278 non
1841 1249 2014 1290 curans,

142 1312 282 1354 immo
316 1312 391 1366 qui
425 1313 638 1367 proponit
673 1313 838 1366 onmia,
881 1325 994 1366 quae
1043 1316 1296 1365 occurrunt,
1344 1310 1545 1354 venialia
1589 1310 1885 1363 committere,
1932 1309 2014 1352 hac

142 1387 383 1429 voluntate
415 1400 493 1441 per
526 1399 571 1429 se
603 1387 825 1429 venialem
861 1388 1039 1441 culpam
1072 1400 1161 1428 non
1194 1385 1392 1429 excedit:
1428 1384 1608 1428 malitia
1626 1384 1743 1427 enim
1764 1384 1898 1426 huius
1921 1396 2015 1437 pro-

142 1460 282 1516 positi
315 1474 394 1515 per
427 1475 472 1503 se
507 1461 762 1504 desumitur
795 1460 850 1503 ab
885 1460 1089 1512 obiecto3
1136 1460 1231 1503 eius
1266 1460 1489 1502 obiectum
1531 1464 1684 1502 autem
1726 1457 2015 1501 constituunt

143 1536 238 1578 sola
270 1535 482 1578 venialia.
545 1534 727 1577 Dicitur
748 1547 840 1589 per
890 1548 955 1586 se,
988 1533 1093 1588 quia
1141 1547 1220 1587 per
1252 1534 1458 1576 accidens
1507 1546 1607 1575 cum
1655 1533 1738 1574 hoc
1785 1531 2014 1586 proposito

141 1609 396 1652 voluntatis
430 1609 719 1652 coniunctum
747 1621 841 1650 esse
864 1613 1015 1662 potest
1039 1607 1288 1662 periculum
1313 1607 1517 1662 graviter
1538 1606 1767 1661 peccandi,
1801 1606 1877 1649 sed
1900 1606 2015 1648 velle

142 1685 225 1726 hoc
257 1683 507 1738 periculum
542 1695 629 1736 qua
661 1683 754 1725 tale
789 1682 1039 1737 cognitum,
1073 1695 1213 1736 grave
1246 1686 1482 1736 peccatum
1517 1684 1648 1723 esset.

293 1789 341 1840 2.
384 1788 620 1839 Peccata
660 1787 897 1838 venialia
926 1786 1280 1856 multiplicata
1317 1787 1530 1836 ratione
1558 1786 1811 1835 materiae
1852 1782 2013 1834 coale-

141 1879 331 1930 scentis
372 1876 460 1928 vel
499 1878 711 1927 ratione
755 1876 980 1926 effectus
1022 1876 1231 1926 causati
1275 1875 1609 1925 constituere
1637 1880 1865 1942 possunt
1893 1890 2011 1940 pec-

142 1976 325 2018 catum
369 1965 613 2032 mortale,
656 1966 940 2034 supposita
980 1972 1163 2015 tamen
1208 1964 1556 2015 advertentia
1613 1963 1684 2013 ad
1725 1962 2012 2013 materiam

139 2074 366 2124 gravem
410 2054 498 2106 vel
539 2055 609 2105 ad
652 2055 906 2105 effectum
951 2053 1050 2104 sub
1093 2055 1252 2120 gravi
1294 2051 1652 2121 prohibitum.

294 2158 379 2212 Qui
414 2158 581 2212 absque
613 2157 872 2200 intentione
917 2156 1162 2211 colligendi
1210 2169 1396 2211 gravem
1447 2154 1755 2209 quantitatem
1804 2152 2013 2207 repetitis

142 2233 318 2276 vicibus
350 2232 577 2275 modicum
613 2232 721 2286 quid
743 2233 943 2283 furatur,
975 2230 1180 2285 graviter
1204 2234 1374 2285 peccat,
1398 2229 1575 2283 quando
1602 2243 1701 2271 cum
1726 2226 2013 2271 advertentia

140 2309 198 2351 ad
223 2309 435 2350 effectum
471 2320 656 2362 gravem
689 2308 873 2349 furatur
906 2305 1229 2360 quantitatem,
1264 2318 1377 2359 quae
1409 2317 1595 2359 gravem
1628 2302 1868 2345 materiam
1903 2315 2013 2344 com-

141 2383 258 2437 plet:
294 2382 400 2425 licet
434 2382 553 2425 enim
587 2382 780 2424 materia
812 2381 938 2423 illius
970 2380 1085 2423 furti
1118 2380 1167 2423 in
1201 2393 1246 2422 se
1279 2386 1324 2423 et
1348 2379 1554 2422 absolute
1573 2380 1779 2432 spectata
1802 2376 1863 2420 sit
1884 2375 2013 2430 levis,

141 2461 348 2501 attamen
382 2456 518 2499 simul
561 2470 659 2499 cum
705 2455 1092 2511 praecedentibus,
1137 2453 1402 2508 quibuscum
1453 2452 1676 2505 coalescit,
1725 2452 1919 2506 complet
1967 2456 2013 2495 et

143 2531 387 2574 constituit
419 2531 659 2574 materiam
693 2544 898 2585 gravem,
930 2531 1006 2571 fur
1037 2533 1191 2571 autem
1227 2532 1334 2570 ante
1365 2527 1582 2570 ultimum
1614 2527 1790 2568 furtum
1825 2526 1882 2567 ad
1914 2538 2012 2580 gra-

141 2619 241 2649 vem
276 2607 515 2649 materiam
550 2611 595 2649 et
628 2618 769 2660 grave
803 2605 1016 2647 damnum
1051 2605 1120 2655 (ut
1153 2602 1442 2657 supponitur)
1481 2601 1738 2654 advertens,
1777 2600 1855 2642 illo
1887 2600 2012 2642 furto

141 2681 320 2723 minuto
352 2681 400 2724 in
433 2694 572 2735 grave
604 2684 840 2734 peccatum
874 2677 1114 2721 consentit.
1177 2676 1282 2719 Pari
1313 2676 1491 2718 ratione
1524 2675 1728 2717 sacerdos
1750 2674 1798 2716 in
1823 2672 2011 2716 diversis

143 2754 265 2797 horis
299 2754 499 2797 eiusdem
549 2753 692 2796 officii
746 2752 973 2795 modicum
1028 2751 1136 2805 quid
1190 2750 1407 2793 omittens
1458 2749 1540 2792 illa
1592 2748 1847 2801 omissione,
1900 2760 2012 2801 quae

144 2828 384 2872 materiam
418 2813 604 2883 gravem
638 2827 849 2881 complet,
867 2825 1125 2868 mortaliter
1146 2831 1316 2880 peccat,
1351 2825 1387 2867 si
1411 2825 1468 2866 ad
1492 2822 1770 2878 gravitatem
1795 2820 2012 2864 materiae

140 2904 370 2946 advertat.
