2269 3898
279 113 367 156 208
1020 109 1087 152 De
1119 107 1426 152 matrimonio.

434 245 563 300 196.
632 244 717 297 De
779 243 1083 298 solutione
1142 242 1543 298 matrimonii.
1645 246 1692 299 1.
1750 243 2170 297 Matrimonium

285 334 688 387 catholicorum
747 341 827 384 est
883 350 1107 402 prorsus
1168 331 1576 402 indissolubile,
1630 335 1706 386 ita
1757 342 1818 386 ut
1869 353 1938 386 ne
1989 340 2171 385 ratum

284 423 507 494 quidem
551 423 963 474 matrimonium
1006 420 1144 472 solvi
1187 423 1376 489 possit.

434 541 473 570 a.
508 526 718 570 Invalida
750 529 859 569 sunt
893 524 1204 579 matrimonia,
1238 538 1353 579 quae
1385 539 1412 568 a
1445 525 1623 570 civibus
1655 525 1899 570 austriacis
1933 525 2173 570 catholicis

281 602 466 646 vivente
515 601 661 645 altera
713 599 925 656 partein
980 598 1129 642 alieno
1162 598 1396 643 territorio
1441 600 1778 644 contrahuntur
1809 599 2172 656 (Siebenburger-

279 676 440 731 Ehen).

429 767 465 808 b.
501 766 546 809 Si
581 764 926 809 matrimonium
961 767 1113 806 ratum
1165 768 1211 807 et
1259 777 1350 807 non
1399 768 1764 808 consummatum
1814 779 1893 821 per
1944 764 2192 820 dispensa·

279 842 450 885 tionem
485 840 771 896 pontificiam
807 838 1018 893 solvitur,
1050 838 1175 893 leges
1222 838 1378 882 civiles
1420 839 1755 894 separationem
1799 839 2044 895 coniugum
2091 838 2173 882 im·

278 916 433 972 pedire
467 920 675 971 possunt.

428 1006 479 1057 2.
527 1005 649 1056 Lex
690 1003 871 1055 civilis
913 1004 1107 1055 statuit
1147 1003 1568 1054 matrimonium
1612 1002 2010 1056 catholicorum
2054 1021 2172 1055 esse

278 1093 691 1160 indissolubile;
747 1093 843 1145 sed
897 1092 1069 1145 simul
1126 1093 1381 1161 agnoscit
1438 1094 1854 1146 matrimonium
1913 1091 2174 1146 acatholi-

278 1202 466 1236 corum
524 1202 595 1236 ex
647 1183 846 1235 iisdem
903 1184 1106 1250 causis7
1167 1201 1236 1233 ex
1300 1181 1503 1252 quibus
1553 1184 1661 1253 ipsi
1711 1182 2041 1235 solutionem
2084 1182 2174 1235 ad-

277 1275 519 1340 mittunt,
576 1272 717 1326 solvi
770 1291 963 1343 posse3
1019 1271 1223 1324 exinde
1268 1273 1447 1323 oritur
1496 1273 1979 1343 impedimentum,
2025 1271 2173 1343 quod

277 1363 481 1416 dicitur
519 1364 945 1434 impedimentum
987 1362 1352 1415 catlzolicismi.

426 1483 467 1512 α.
503 1468 548 1512 Si
580 1482 743 1524 nempe
776 1468 1121 1512 matrimonium
1154 1467 1512 1511 acatholicorum
1538 1467 1749 1522 solvitur,
1782 1481 1888 1523 pars
1918 1465 2176 1511 acatholica

275 1543 436 1599 nequit
467 1543 584 1587 inire
617 1542 962 1587 matrimonium
999 1556 1099 1586 cum
1135 1555 1331 1597 persona
1364 1541 1604 1596 catholica,
1649 1541 1816 1597 quippe
1862 1554 1977 1596 quae
2016 1540 2172 1585 matri-

277 1618 479 1662 monium
514 1618 610 1662 eius
642 1623 878 1673 tamquam
911 1631 1003 1661 non
1037 1618 1239 1661 solutum
1281 1617 1566 1660 considerare
1599 1616 1774 1660 debeat.

441 1709 478 1752 b.
515 1708 560 1752 Si
595 1709 785 1752 duorum
819 1707 1064 1763 coniugum
1110 1707 1466 1751 acatholicorum
1511 1707 1738 1750 alterutra
1780 1719 1885 1762 pars
1928 1705 2022 1749 sive
2067 1709 2179 1750 ante

276 1783 371 1827 sive
419 1787 524 1839 post
571 1782 905 1839 separationem
956 1783 1014 1825 ad
1062 1781 1332 1837 religionem
1384 1781 1657 1825 catholicam
1708 1784 2018 1836 convertatur,
2066 1793 2174 1836 pars

276 1858 500 1902 catholica
531 1858 659 1902 aliud
691 1857 1037 1901 matrimonium
1071 1856 1207 1914 {inire
1257 1856 1432 1912 nequit,
1482 1856 1559 1899 sed
1608 1856 1756 1911 quoad
1803 1855 1925 1900 vivit
1971 1856 2174 1911 innupta

278 1946 459 1977 manere
493 1933 640 1977 debet.

427 2024 478 2077 3.
520 2024 929 2076 Matrimonium
967 2023 1187 2074 mixtum-
1232 2030 1314 2074 est
1355 2020 1771 2087 indissolubile;
1814 2021 1911 2073 sed
1953 2022 1998 2072 si
2041 2020 2169 2072 duo-

277 2131 400 2165 rum
431 2114 730 2182 coniugum
758 2112 1197 2165 acatholicorum
1228 2131 1340 2165 una
1368 2131 1497 2183 pars
1532 2111 1603 2164 ad
1633 2111 1959 2180 religionem
1986 2109 2171 2163 catho-

276 2203 441 2258 licam
505 2210 875 2271 convertatur7
934 2203 1106 2255 altera
1160 2221 1287 2272 pars
1340 2221 1409 2254 ex
1451 2204 1635 2255 causis
1676 2201 1940 2272 legitimis
1981 2208 2170 2272 petere

275 2299 457 2363 potest
498 2292 825 2345 solutionem
868 2294 1223 2347 matrimonii.

1041 2742 1191 2755 xsxs'NsX
1197 2742 1399 2755 ANW
