2269 3898
270 61 355 104 1ῖὸ
1003 57 1088 99 ΠΙ.
1121 58 1189 100 De
1220 55 1413 113 legibus.

268 195 432 250 hibita,
483 194 559 237 sed
601 193 744 236 solum
778 204 834 234 ne
869 192 951 234 fiat
987 191 1085 234 sine
1118 203 1339 234 consensu
1372 191 1632 246 superioriS,
1682 191 1759 246 qui
1809 205 2052 235 consensus
2099 205 2154 235 ex

269 268 496 312 communi
529 281 613 310 usu
647 266 786 310 etiam
820 265 1046 320 praesumi
1083 269 1249 320 potest.
1316 265 1404 309 Ubi
1435 279 1540 310 vero
1573 266 1823 321 requiritur
1857 266 2153 321 dispensatio,

269 344 387 388 actio
427 343 527 398 ipsa
571 340 803 397 prohibita
842 340 1033 395 ideoque
1077 342 1200 384 mala
1248 346 1332 396 est,
1381 355 1518 396 quare
1566 354 1646 396 per
1693 345 1847 384 actum
1896 340 2155 384 voluntatis

267 418 411 473 ipsius
446 415 689 471 superioris
722 414 971 470 prohibitio
1006 419 1051 458 et
1084 415 1267 459 malitia
1299 415 1470 459 auferri
1506 415 1722 471 debent¹>.

420 493 467 545 2.
528 491 886 560 Dispensatio
931 489 1165 560 effectam
1205 492 1428 542 sortitur
1469 509 1531 542 eo
1577 489 1873 555 moment0‚
1919 509 2025 561 quo
2067 509 2155 560 pe-

267 583 403 633 tenti
463 580 810 643 conceditur3
872 588 1118 631 attamen
1177 589 1236 631 ut
1290 579 1381 632 hic
1422 580 1574 632 licite
1617 580 2033 649 dispensatione
2076 581 2155 631 uti

269 673 457 742 possit,
518 671 566 721 ei
618 668 705 721 vel
761 688 859 739 per
899 669 1110 720 litteras
1152 669 1242 720 vel
1291 688 1389 739 per
1434 671 1839 722 internuntium
1882 670 2156 722 notificari

270 760 449 827 debet,
493 779 561 812 ne
604 777 965 828 praesumens
1010 760 1482 828 dispensationem
1527 779 1582 811 se
1625 768 1869 830 exponat
1910 759 2155 829 periculo

268 851 445 919 legem
486 850 797 918 frangendi,
843 850 886 900 si
928 848 1067 900 forte
1111 867 1373 901 concessa
1414 868 1525 901 non
1568 850 1777 902 fuisset.

419 1000 550 1055 154.
594 1000 855 1054 DiviSiO.
924 999 1014 1050 EX
1056 998 1244 1050 multis
1296 999 1726 1068 dispensationis
1783 999 2157 1051 divisionibus

269 1110 380 1142 una
437 1090 613 1142 solum
674 1089 920 1141 notanda
975 1095 1069 1154 est,
1124 1107 1249 1140 culn
1305 1089 1446 1140 aliae
1501 1108 1544 1141 e.
1588 1108 1638 1159 g.
1696 1088 1884 1141 debita
1939 1097 1991 1140 et
2046 1107 2157 1141 non

273 1180 477 1247 debita,
521 1179 709 1231 valida
751 1187 803 1230 et
844 1178 1096 1230 invalida
1154 1197 1223 1229 cx
1277 1180 1411 1247 ipsis
1467 1181 1717 1231 terminis
1760 1178 2157 1247 intelligantur,

270 1290 332 1322 ea
387 1269 614 1337 scilicet,
670 1288 778 1339 qua
834 1269 1108 1321 dividitur
1161 1270 1218 1320 in
1275 1269 1631 1340 obreptitiam,
1692 1271 1735 1321 si
1789 1270 1848 1321 in
1889 1270 2156 1339 petitione

270 1359 469 1413 falsum
513 1359 646 1429 quid
689 1360 968 1425 asseritur,
1014 1367 1066 1410 et
1108 1360 1164 1410 in
1195 1359 1582 1429 subreptitiam,
1627 1360 1670 1410 si
1699 1360 1978 1426 reticetur,
2011 1359 2158 1429 quod

271 1448 744 1502 manifestandum
795 1456 925 1501 erat.
1008 1448 1243 1518 Saepius
1297 1457 1481 1500 autem
1537 1448 1642 1500 hae
1697 1467 1863 1501 voces
1905 1449 2160 1501 indiscri-

271 1541 526 1592 minatim
569 1538 923 1592 adhibentur.

418 1629 555 1673 Nulla
587 1628 749 1672 existit
781 1627 1028 1671 necessitas
1061 1627 1110 1671 in
1143 1628 1368 1683 petitione
1401 1627 1634 1683 allegandi
1661 1627 2049 1683 dispensationem
2084 1641 2155 1671 ne-

269 1710 428 1761 gatam
461 1704 588 1760 prius
622 1703 678 1746 ab
711 1703 865 1746 eodem
900 1703 1129 1757 superiore
1162 1704 1234 1746 vel
1278 1703 1334 1746 ab
1368 1703 1457 1746 alio
1492 1703 1736 1758 superiore,
1771 1707 2054 1747 antecessore
2086 1703 2158 1746 vel

270 1782 324 1825 ab
372 1780 599 1824 inferiore.
665 1779 782 1822 Num
834 1779 895 1821 sit
945 1778 1224 1834 subreptitia
1267 1779 1450 1833 petitio,
1500 1779 1537 1821 si
1589 1778 1872 1834 dispensatio
1912 1783 2085 1833 negata
2132 1791 2159 1820 a

270 1855 486 1912 pontifice
528 1869 618 1898 non
659 1854 897 1909 allegatur,
943 1854 992 1896 in
1036 1853 1262 1909 petitione
1305 1854 1363 1897 ad
1404 1854 1665 1909 episcopum
1709 1853 1882 1897 directa
1917 1852 2160 1907 disputant

269 1932 476 1987 quidem;
528 1937 578 1974 at
626 1930 888 1984 negandum
938 1935 1022 1983 est,
1070 1928 1160 1972 nisi
1211 1943 1243 1972 s.
1278 1929 1489 1985 pontifex
1522 1942 1731 1984 expresse
1771 1928 1820 1971 in
1866 1927 2019 1982 aliquo
2053 1940 2159 1970 casu

269 2008 523 2062 restringat
558 2005 755 2061 episcopi
789 2003 1114 2060 facultatem2).

719 2186 752 2242 ᾗ
784 2189 834 2233 1.
897 2188 983 2230 De
1008 2191 1283 2241 potestate
1315 2187 1707 2240 dispe-nsandi.

419 2308 550 2363 155.
597 2307 740 2380 Quis
785 2306 1140 2374 dispensare
1181 2306 1399 2374 possit.
1485 2307 1528 2358 1.
1572 2304 1881 2373 Legislator
1934 2304 2160 2373 propria

271 2406 542 2470 potestate
586 2397 905 2466 dispensare
948 2404 1130 2466 potest
1170 2397 1228 2447 in
1268 2395 1390 2463 lege
1433 2395 1655 2464 propria
1685 2401 1737 2445 et
1765 2395 1823 2445 in
1850 2393 1970 2462 lege
2003 2410 2157 2463 prae-

273 2488 622 2540 decessorum
666 2505 921 2538 suorum:
968 2487 1111 2538 sicut
1153 2487 1301 2556 enim
1345 2483 1606 2554 obligatio
1649 2483 1787 2552 legis
1829 2500 1926 2553 per
1969 2483 2159 2535 volun-

271 2586 439 2631 tatem
493 2575 824 2646 legislatoris
879 2575 1182 2641 inducitur,
1250 2576 1327 2626 ita
1381 2593 1477 2644 per
1529 2574 1764 2626 eandem
1814 2573 2158 2625 voluntatem

272 2669 438 2719 etiam
481 2666 745 2718 aufertur.

424 2757 471 2810 2.
526 2755 766 2808 lnferior
805 2756 863 2808 in
903 2754 1024 2823 lege
1067 2755 1364 2824 superioris
1422 2754 1745 2825 dispensare
1798 2755 2009 2824 nequit,
2051 2754 2159 2804 nisi

273 2846 343 2899 ab
387 2864 447 2898 eo
490 2854 817 2916 potestatem
845 2846 1116 2896 vicariam
1159 2845 1450 2914 acceperit.
1508 2843 1772 2914 Superior
1799 2851 1984 2895 autem
2013 2841 2159 2894 hanc

274 2944 601 3007 potestatem
643 2954 707 2988 ea
749 2935 927 2988 solum
971 2934 1299 2987 condicione
1328 2935 1743 2986 communicare
1785 2941 2058 3000 censetur,
2100 2938 2163 2983 ut

276 3027 613 3098 dispensatio
656 3026 752 3078 fiat
793 3026 853 3078 ob
896 3027 1066 3077 iustas
1109 3044 1315 3078 causas,

424 3117 474 3171 3.
530 3117 771 3168 Potestas
815 3115 1195 3185 dispensandi,
1248 3132 1374 3166 cum
1417 3115 1486 3166 sit
1527 3114 1702 3177 favor,
1743 3112 1852 3164 late
1894 3113 2159 3181 interpre-

272 3207 444 3260 tanda
486 3216 583 3275 est,
627 3206 956 3276 dispensatio
1000 3213 1203 3270 autem,
1247 3203 1440 3256 saltem
1483 3202 1850 3273 particularis,
1908 3218 2034 3253 cum
2089 3200 2160 3252 sit

427 3372 462 3428 l)
498 3373 565 3417 Cf.
599 3373 666 3416 De
695 3370 876 3426 legibus
908 3370 938 3414 1.
973 3370 1012 3415 6.
1048 3383 1081 3413 c.
1118 3370 1186 3415 13.
1220 3383 1263 3412 n.
1298 3368 1368 3412 20.

428 3446 460 3502 ²)
495 3448 562 3491 Cf.
596 3445 870 3499 Lelzmkulzl,
902 3444 1042 3488 Casus
1075 3458 1218 3488 conso.
1252 3443 1288 3487 Ι.
1321 3458 1364 3487 n.
1401 3443 1499 3487 125.
