2269 3898
298 161 382 203 142
1035 158 1100 200 De
1133 155 1438 199 matrimonio.

447 296 494 346 9.
534 293 812 361 „Infamia
854 289 1088 342 mulieris
1131 309 1200 340 ex
1241 291 1556 359 suspicione
1597 297 1730 355 orta,
1773 290 1923 359 quod
1951 289 2043 341 illa
2073 309 2168 341 suo

299 383 708 450 consanguineo
764 388 860 431 aut
917 379 1074 431 affini
1133 380 1298 430 nimis
1355 378 1642 430 familiaris
1696 380 1916 447 cognita
1975 380 2047 430 sit
2104 379 2173 431 ab

297 472 508 537 eodem,
550 471 679 523 licet
720 471 959 539 suspicio
1004 471 1073 521 sit
1113 468 1268 535 falsa7
1313 487 1439 520 cum
1482 487 1696 538 nempe,
1748 470 1855 520 nisi
1897 470 2171 520 matrimo-

300 563 452 612 nium
508 559 882 624 contrahatur,
944 558 1140 610 mulier
1193 558 1438 627 graviter
1481 557 1768 609 diffamata
1808 557 1898 609 vel
1940 559 2177 626 innupta

302 658 561 715 maneret,
606 648 692 700 vel
735 648 973 717 disparis
1016 647 1365 699 condicionis
1407 647 1525 697 viro
1568 646 1775 698 nubere
1819 645 2044 698 deberet
2084 654 2179 697 aut

295 740 491 808 gravia
534 739 736 790 damna
777 739 1106 790 ori1·entur.“

451 844 533 895 10.
590 840 973 907 „Rcvaliclutio
1027 841 1371 903 matrimonii,
1427 839 1574 909 quod
1627 838 1773 890 bona
1826 838 1934 890 fide
1984 846 2037 889 et
2085 857 2177 908 pu-

300 932 457 997 blice,
502 938 720 982 servata
760 930 1048 981 tridentini
1090 929 1282 992 forma,
1340 936 1685 980 contractum
1736 936 1832 994 est,
1890 929 2020 997 quia
2063 930 2179 979 eius

299 1020 582 1072 dissolutio
626 1022 726 1070 vix
778 1020 894 1071 fieri
950 1027 1131 1088 potest
1185 1020 1303 1070 sine
1354 1018 1578 1087 publico
1621 1016 1883 1069 scandalo
1927 1024 1981 1068 et
2019 1019 2179 1086 gravi

299 1111 518 1174 damn0,
563 1110 885 1179 praesertim
928 1108 1184 1159 feminae.
1235 1109 1312 1158 At
1352 1109 1396 1159 si
1435 1107 1580 1158 mala
1607 1107 1714 1159 fide
1743 1108 1930 1176 sponsi
1959 1108 2181 1176 nuptias

300 1201 558 1273 inierunt,
601 1199 838 1267 gratiam
882 1197 1312 1267 dispensationis
1348 1199 1576 1249 minime
1614 1205 1910 1264 merentur,
1954 1198 2032 1248 sic
2076 1197 2178 1248 dis·

300 1296 537 1358 ponente
597 1305 750 1338 conc.
791 1286 917 1338 trid.
972 1285 1133 1354 (Sess
1178 1287 1264 1338 ⁶24.
1311 1305 1354 1338 0.
1399 1287 1449 1340 5.
1495 1286 1562 1337 de
1603 1285 1820 1339 reform.
1866 1284 2178 1356 matrim.).⁴·'

451 1414 491 1445 a.
526 1398 614 1443 Ubi
649 1398 806 1454 agitur
841 1399 894 1441 de
929 1397 1267 1453 dispensatione
1301 1398 1358 1441 ad
1400 1397 1782 1440 convalidandum
1823 1397 2182 1452 matrimonium,

299 1475 493 1519 indicari
529 1474 675 1528 debet,
707 1487 816 1515 num
862 1476 1061 1516 oratores
1109 1472 1490 1527 impedimentum
1535 1472 1866 1527 ignoraverint,
1906 1487 2016 1516 1111111
2058 1473 2182 1528 igno-

300 1550 453 1593 rantia
484 1549 598 1593 facti
630 1549 703 1591 vel
736 1547 864 1602 iuris,
897 1561 1005 1590 num
1039 1547 1087 1590 in
1110 1548 1226 1590 facie
1248 1547 1459 1590 ecclesiae
1485 1547 1810 1602 contraxerint,
1842 1561 1951 1590 num
1976 1548 2181 1602 copulam

303 1624 560 1678 habuerint,
595 1636 782 1678 eamque
815 1622 932 1665 bona
965 1623 1037 1665 vel
1079 1623 1199 1665 mala
1247 1623 1352 1676 fide,
1399 1635 1509 1664 num
1560 1623 1613 1665 de
1660 1622 1988 1677 impedimento
2036 1622 2184 1665 edocti

300 1701 508 1756 copulam
544 1697 928 1752 continuaverint,
962 1711 1070 1740 num
1105 1710 1203 1739 eam
1238 1696 1481 1740 habuerint
1514 1710 1567 1739 ex
1601 1710 1679 1751 spe
1721 1696 1904 1740 facilius
1948 1696 2184 1740 obtinendi

300 1775 699 1830 dispensationem.

455 1865 491 1907 b.
527 1864 571 1907 Si
605 1877 696 1906 una
729 1866 913 1906 tantum
948 1875 1052 1916 pars
1086 1860 1430 1903 matrimonium
1464 1861 1585 1903 mala
1618 1860 1709 1903 fide
1732 1860 1976 1915 contraxit,
2011 1872 2186 1915 semper

302 1939 529 1983 anteactis
563 1950 737 1992 quoque
769 1936 1050 1992 temporibus
1083 1934 1411 1978 concedebatur
1460 1935 1768 1990 dispensatio;
1810 1934 1944 1977 hodie
1986 1947 2091 1978 vero
2135 1947 2186 1977 ea

300 2014 577 2067 conceditur,
611 2012 696 2056 etsi
730 2016 924 2066 utraque
957 2024 1061 2066 pars
1095 2010 1216 2053 mala
1258 2010 1348 2052 fide
1389 2009 1734 2052 matrimonium
1775 2009 2019 2063 contraxit,
2064 2021 2187 2064 prae-

303 2089 460 2133 sertim
496 2088 533 2131 51
566 2088 713 2143 proles
746 2087 836 2129 iam
859 2090 971 2129 nata
995 2086 1056 2128 sit
1079 2086 1151 2128 vel
1174 2084 1457 2128 matrimonii
1484 2084 1633 2127 civilis
1656 2083 1897 2127 immineat
1919 2083 2185 2139 periculum.

457 2188 540 2238 11.
585 2183 919 2252 „Periculum
960 2183 1290 2233 mutrimonii
1329 2183 1483 2233 mima?
1540 2181 1628 2233 vel
1676 2200 1852 2232 coram
1895 2180 2185 2232 acatholico

303 2267 543 2327 ministro
587 2273 947 2325 cclcbranclif‘

457 2381 540 2433 12.
585 2377 919 2445 „Periculum
960 2379 1242 2428 incestuosi
1282 2377 1716 2429 concubinatus.“

457 2484 541 2536 13.
587 2481 920 2550 „Periculum
945 2482 1269 2533 matrimonii
1297 2480 1484 2532 civilis,
1530 2480 1618 2531 Ex
1642 2480 1803 2531 dictis
1831 2479 2188 2548 consequitur

307 2573 592 2644 probabile
636 2571 961 2642 periculum,
1005 2571 1154 2641 quod
1195 2571 1292 2634 illi,
1336 2572 1431 2640 qui
1461 2570 1931 2639 dispensationem
1972 2575 2185 2638 petunt,

306 2683 372 2715 ea
412 2682 523 2715 non
564 2662 805 2728 obtenta,
863 2663 1279 2713 matrimonium
1325 2660 1618 2711 dumtaxat
1659 2658 1840 2726 civile,
1900 2666 1961 2709 ut
2013 2659 2184 2721 aiunt,

312 2752 640 2805 celebraturi
706 2754 839 2816 sint,
917 2769 1032 2802 esse
1106 2751 1410 2819 legitimam
1478 2748 1837 2819 dispensandi
1903 2747 2181 2799 causam.“

306 2844 446 2895 Item
489 2843 906 2894 matrimonium
949 2840 1113 2892 civile
1162 2841 1272 2892 iam
1327 2847 1689 2906 contractum,
1746 2838 1893 2908 quod
1947 2834 2186 2888 convali-

309 2931 555 2982 dandum
599 2933 680 2984 sit.

462 3036 545 3088 14.
589 3037 865 3102 „Remotio
907 3036 1145 3105 yravium
1187 3032 1621 3086 scandalormn.“

462 3139 543 3193 15.
584 3139 863 3203 „Cessatio
898 3140 1105 3210 publici
1144 3139 1575 3190 concubinatusf‘

460 3246 546 3297 16.
588 3245 962 3311 „Eoeccllcntia
984 3245 1302 3308 meritorum,
1327 3262 1451 3294 cum
1476 3242 1675 3312 aliquis
1699 3243 1839 3309 (sive
1861 3256 2187 3309 sponsorum

311 3337 428 3386 sive
469 3332 907 3403 progenitorum)
950 3342 1045 3384 aut
1087 3341 1276 3385 contra
1318 3333 1446 3384 fidei
1483 3331 1786 3383 catholicae
1814 3329 1997 3381 hostes
2029 3328 2187 3380 dimi-

310 3426 527 3475 catione
580 3431 674 3474 aut
726 3423 1056 3475 liberalitate
1110 3441 1239 3490 erga
1293 3422 1583 3474 ecclesiam
1624 3429 1718 3473 aut-
1759 3420 2029 3485 doctrina,
2076 3419 2184 3469 vir-

312 3520 426 3564 tute
468 3512 647 3564 aliove
691 3513 853 3564 modo
900 3512 966 3564 de
1006 3512 1271 3581 religione
1315 3514 1383 3563 sit
1424 3514 1628 3582 optime
1669 3512 1950 3562 meritus,“
