2269 3898
752 119 819 161 De
851 118 1130 174 obligat-ione
1161 120 1289 175 legis.
1877 125 1963 167 163

83 255 144 304 in
186 252 300 303 foro
344 259 528 303 autem
571 253 941 303 conscientiae
998 255 1082 304 ius
1137 272 1296 305 suum
1348 272 1522 324 aeque
1579 257 1851 325 producit,
1895 276 1961 309 ac

81 343 131 393 si
171 342 402 393 irritatio
446 359 555 392 non
597 341 828 394 adesset.

237 430 281 483 b.
324 430 561 482 Irritatio
593 429 815 481 moralis
857 430 945 481 vel
987 438 1067 481 est
1109 430 1238 494 lata,
1283 434 1327 482 si
1370 434 1596 486 effectus
1636 435 1963 503 producitur

79 519 156 571 ab
186 521 307 590 ipsa
335 520 470 589 lege,
502 518 591 570 vel
617 519 863 585 ferenda,
906 520 950 570 si
994 521 1221 571 effectus
1263 522 1583 589 producitur
1625 543 1721 592 per
1749 533 1961 577 senten-

81 611 220 660 tiam
274 609 489 662 iudiciS.
567 608 859 660 Eiusmodi
911 617 1066 660 actus
1124 609 1367 661 valorem
1433 630 1593 663 suum
1653 613 1961 666 natura-lem

82 698 253 750 habet
292 717 356 750 ac
396 699 613 764 retinet,
655 700 762 750 nisi
803 717 900 768 per
941 701 1272 752 sententiam
1314 702 1570 754 irritetur.

236 862 367 916 142.
410 862 668 916 Divisio.
711 862 889 930 Leges
919 865 1198 915 irritantes
1228 863 1585 917 dividuntur:
1631 886 1678 919 a.
1701 866 1764 918 In
1791 867 1958 935 legeS,

80 970 228 1021 quae
268 959 453 1003 actum
497 954 614 1021 ipso
656 939 810 1003 facto*
844 954 1057 1005 irritum
1104 953 1361 1021 reddunt,
1420 962 1472 1006 et
1514 957 1571 1007 in
1611 956 1775 1024 leges,
1819 975 1992 1027 quae.

79 1049 270 1092 actum
313 1059 409 1110 per
449 1042 779 1092 sententiam
822 1042 1023 1094 iudicis
1062 1043 1452 1116 rescindiQZ-em
1493 1045 1721 1100 faciunt.

234 1130 279 1183 b.
339 1130 403 1182 In
456 1129 620 1199 leges,
680 1150 821 1201 quae
876 1139 1059 1184 actum
1113 1134 1391 1203 prohibent
1432 1144 1480 1186 et
1519 1136 1676 1187 simul
1722 1138 1960 1206 irritant,

82 1228 146 1272 ut
186 1227 313 1272 sunt
362 1220 762 1290 impedimenta
819 1221 1137 1274 dirimentia
1196 1225 1552 1289 matrimonii,
1607 1234 1659 1277 et
1700 1228 1755 1277 in
1797 1227 1961 1297 leges,

82 1330 228 1380 quae
269 1318 453 1362 actum
495 1310 662 1362 solum
702 1312 925 1362 irritant
964 1331 1069 1363 non
1103 1313 1400 1381 prohibent,
1440 1322 1500 1365 ut
1535 1324 1662 1366 sunt
1691 1317 1960 1369 sollemni-

80 1409 224 1452 tates
265 1408 735 1452 testamentorum.

235 1489 348 1532 Illae
382 1488 589 1544 obligant
623 1489 671 1531 in
705 1489 984 1532 conscientia
1016 1491 1073 1532 ad
1107 1490 1413 1535 omittendum
1446 1497 1616 1549 actum,
1649 1495 1732 1538 hae
1765 1509 1869 1539 vero
1903 1496 1963 1541 ad

79 1569 240 1608 ⁴actum
277 1563 585 1606 omittendum
610 1577 690 1619 per
713 1577 758 1607 se
781 1578 871 1607 non
892 1564 1116 1620 obligant,
1140 1566 1217 1608 sed
1242 1567 1385 1609 solum
1408 1568 1468 1610 ad
1492 1568 1747 1613 subeundos
1771 1572 1963 1615 effectus

19 1646 23 1650 ”
86 1637 366 1682 irritationis
400 1642 481 1680 aut
513 1636 606 1680 iam
640 1642 748 1682 ante
792 1643 871 1681 aut
923 1639 1086 1682 saltem
1136 1644 1240 1695 post
1290 1642 1566 1686 sententiam
1611 1643 1788 1688 iudicis.
1854 1646 1962 1690 Ideo

83 1728 177 1758 non
209 1713 317 1757 licet
351 1726 386 1756 e.
421 1727 465 1768 g.
500 1713 844 1756 matrimonium
878 1713 994 1757 inire
1028 1728 1127 1757 011111
1161 1715 1491 1770 impedimento
1544 1718 1799 1774 dirimente,
1855 1721 1961 1765 licet

83 1793 243 1833 autem
279 1803 357 1843 per
391 1801 436 1831 se
469 1792 800 1832 testamentum
835 1789 1024 1833 condere
1058 1790 1154 1833 sine
1186 1792 1335 1834 forma
1366 1792 1520 1847 legali.

236 1884 275 1917 c.
332 1863 398 1915 In
442 1863 588 1933 leges
630 1883 763 1915 mere
799 1865 1091 1928 irritantes,
1136 1884 1276 1934 quae
1319 1868 1633 1920 conduntur
1672 1871 1847 1924 solum
1890 1874 1958 1924 ob

84 1953 293 2005 bonum
347 1971 656 2021 commune,
703 1954 848 2023 quod
905 1954 1162 2022 postulat,
1221 1964 1281 2006 ut
1332 1958 1464 2008 certi
1524 1959 1751 2027 quidam
1806 1970 1961 2013 actus

82 2045 196 2095 sint
237 2041 471 2093 invalidi
515 2050 574 2093 ut
614 2042 704 2093 lex
747 2044 968 2094 irritans
1010 2046 1378 2105 matrimonia,
1429 2066 1569 2117 quae
1612 2049 1962 2103 celebrantur

83 2152 194 2184 non
249 2140 467 2184 servata
519 2131 725 2198 forma3
792 2140 844 2183 et
896 2134 951 2183 in
994 2133 1142 2201 leges
1191 2136 1468 2188 irritantes
1501 2138 1774 2207 poenales,
1819 2160 1960 2211 quae

84 2221 401 2274 conduntur
448 2223 504 2272 in
554 2239 790 2290 poenam
833 2224 1046 2291 agentis
1088 2232 1147 2275 ut
1187 2226 1649 2295 impedimentum
1692 2232 1959 2299 criminis,

86 2311 230 2382 quod
292 2312 702 2362 matrimonium
755 2311 980 2363 dirimit.
1060 2312 1195 2365 Blae
1238 2316 1293 2366 in
1336 2326 1533 2384 agente
1587 2318 1794 2371 nullam
1838 2340 1960 2391 sup-

81 2411 297 2472 ponunt
337 2401 573 2470 culpam.

235 2565 366 2620 143.
406 2566 739 2633 Principia.
787 2569 831 2619 1.
876 2566 1239 2635 Legislatores
1273 2577 1388 2620 tum
1420 2569 1818 2625 ecclesiasticos
1844 2582 1959 2626 tum

80 2654 281 2706 *civiles
345 2654 530 2705 habere
588 2663 905 2725 potestatem
967 2656 1181 2708 ferendi
1234 2658 1382 2726 leges
1442 2661 1717 2713 irritantes
1773 2682 1964 2717 omnes

86 2744 417 2811 concedunt,
474 2745 604 2813 quia
651 2744 756 2796 hoc
809 2745 880 2796 ad
921 2747 1129 2798 bonum
1173 2766 1464 2800 commune
1519 2749 1666 2813 utile,
1720 2753 1963 2821 quando-

89 2852 195 2903 que
238 2835 401 2884 etiam
447 2835 821 2885 necessarium
863 2843 959 2888 est.
1038 2835 1171 2888 Ideo
1214 2856 1322 2889 non
1352 2838 1575 2907 quidem
1606 2859 1702 2910 pro
1732 2841 1960 2894 arbitrio

80 2922 179 2974 [sed
208 2924 466 2990 exigente
496 2923 637 2974 bono
670 2926 951 2976 communi
979 2925 1127 2994 leges
1155 2928 1431 2979 irritantes
1452 2930 1686 2982 condere
1716 2942 1960 3001 possunt.

241 3011 332 3055 Nec
366 3011 547 3055 dicatur
578 3013 694 3056 hanc
728 3013 983 3058 doctrinam
1018 3015 1194 3070 aliquid
1228 3030 1492 3072 supponere,
1528 3020 1645 3073 quod
1668 3021 1837 3064 falsum
1879 3028 1963 3077 est,

78 3086 237 3140 ‘legem
270 3099 433 3141 nempe
467 3087 714 3141 positivam
749 3091 1011 3144 praevalere
1043 3092 1137 3146 legi
1160 3094 1386 3136 naturali:
1423 3108 1530 3138 nam
1553 3094 1654 3151 ipsa
1675 3097 1749 3140 lex
1771 3101 1964 3142 naturae

90 3160 253 3216 exigit,
286 3165 339 3203 ut-
372 3165 577 3216 potestas
609 3163 790 3207 socialis
823 3165 881 3207 ad
913 3164 1077 3208 bonum
1113 3179 1349 3211 commune
1380 3168 1610 3214 instructa
1643 3172 1704 3214 sit
1726 3173 1965 3215 1100100111-

81 3240 202 3278 tate.
268 3235 415 3289 Quare
448 3237 671 3281 eiusmodi
704 3239 828 3294 leges
861 3241 1095 3284 naturales
1128 3254 1164 3283 e.
1198 3255 1241 3296 g.
1279 3243 1333 3285 de
1365 3244 1518 3287 valore
1553 3246 1849 3288 donationum
1873 3260 1964 3290 non

91 3314 200 3352 sunt
233 3310 485 3367 absolutae,
520 3313 598 3355 sed
631 3313 986 3371 condicionatae‚
1020 3316 1067 3359 ni
1101 3316 1275 3360 scilicet
1320 3318 1421 3373 lege
1466 3319 1666 3374 positiva
1706 3319 1963 3363 irritentur.

240 3385 290 3437 2.
345 3386 516 3455 Leges
569 3389 847 3441 irritantes
901 3389 1285 3444 ecclesiasticae
1338 3401 1523 3445 actum
1577 3395 1758 3462 ipsum
1809 3402 1963 3446 natu·

85 3473 277 3525 raliter
318 3483 371 3526 et
411 3477 467 3527 in
511 3479 850 3544 conscientia
890 3479 1132 3532 reddunt
1184 3481 1525 3546 invalidum,
1582 3483 1728 3552 leges
1779 3491 1963 3536 autem

1702 3571 1784 3614 11*
