2269 3898
682 114 749 156 De
779 118 946 157 natura
977 113 1290 157 conscientiae.
1830 114 1915 157 <209

208 246 537 300 Conscientia
590 246 904 315 scrupulosa
959 247 1293 315 quandoque
1350 246 1691 297 habitualem
1748 249 1918 299 animi

53 329 467 405 dispositionem
509 334 579 385 ad
621 334 891 385 eiusmodi
944 335 1135 386 inanes
1185 337 1649 404 apprehensiones
1689 354 1914 404 propen—

55 443 187 491 sam,
232 424 565 494 quandoque
608 430 793 474 actum
843 423 1136 490 significat.
1216 424 1338 478 Hoc
1380 443 1538 475 sensu
1584 426 1953 516 conscientia),

54 512 372 582 scrupulosa
426 518 506 563 est
556 510 952 580 apprehensio,
1012 529 1151 580 quae
1208 530 1274 562 ex
1328 514 1480 563 inani
1533 515 1744 564 ratione
1800 515 1936 565 sive¹

54 611 181 654 ante
239 603 356 653 sive
416 608 539 670 post
600 600 806 652 factum
870 600 1131 651 formidat
1190 600 1380 652 adesse
1442 609 1760 670 peccatum,
1820 537 1945 654 ubil

56 710 166 742 non
207 698 302 742 est.

203 778 488 822 Conscientia
520 778 782 832 scrupulosa
816 777 972 821 differt
1006 792 1047 820 α.
1081 791 1107 821 a
1139 777 1413 821 conscientia
1436 781 1612 832 tenera,
1646 792 1758 832 quae
1782 779 1919 822 etiam

55 853 267 896 minimos
302 853 505 895 defectus
537 858 591 895 ut
623 852 739 894 tales
789 852 1019 906 cognoscit
1068 855 1113 895 et
1163 865 1216 895 ex
1263 852 1517 895 reverentia
1564 865 1672 907 erga
1721 852 1921 895 divinam

56 927 344 970 maiestatem
378 925 535 981 magni
567 925 696 979 facit,
730 925 864 980 probe
896 933 1051 969 tamen
1083 930 1263 968 retenta
1297 925 1592 968 distinctione
1623 925 1744 969 inter
1775 939 1922 980 pecca-

56 1009 155 1044 tum
189 1001 380 1044 mortale
422 1004 467 1043 et
500 999 692 1045 veniale.
756 1000 927 1043 Differt
972 1000 1008 1042 h.
1050 1014 1076 1043 a
1117 999 1393 1043 conscientia
1437 1012 1649 1056 erronea,
1697 1013 1809 1054 quae
1855 1006 1924 1043 est

56 1075 226 1118 ment-is
259 1074 498 1129 iudicium,
531 1075 619 1118 etsi
650 1075 834 1117 falsum.

206 1164 255 1216 2.
299 1163 604 1232 Scrupulus
634 1164 930 1215 consistere
956 1171 1134 1232 potest
1163 1181 1288 1214 cum
1319 1164 1655 1214 conscientia
1683 1171 1828 1214 certa
1859 1164 1924 1215 de

57 1253 347 1304 honestate
376 1254 638 1304 actionis:
672 1271 796 1304 cum
827 1254 972 1303 enim
1004 1271 1073 1303 ex
1101 1253 1253 1303 inani
1284 1254 1490 1303 motivo
1522 1260 1669 1303 ortus
1698 1254 1783 1316 sit,
1815 1271 1921 1304 non

57 1341 197 1394 tollit
225 1351 427 1394 certam
458 1344 884 1412 persuasionem.
926 1341 1057 1393 Ideo
1086 1342 1214 1393 licet
1243 1359 1404 1409 agere
1434 1359 1559 1392 cum
1589 1342 1926 1393 conscientia

59 1431 393 1501 scrupulosa,
452 1451 548 1483 seu
587 1431 716 1483 licet
758 1439 948 1482 contra
991 1431 1276 1500 scrupulos
1317 1449 1495 1499 agere,
1553 1429 1713 1480 modo
1756 1448 1925 1498 agens

58 1522 194 1572 sciat
235 1539 291 1571 se
332 1520 538 1572 habere
581 1520 867 1590 scrupulos
909 1538 1109 1589 eosque
1152 1538 1266 1570 esse
1310 1519 1755 1572 contemnendos,

209 1639 248 1667 α.
282 1625 380 1668 Non
412 1624 521 1668 licet
554 1625 734 1679 quidem
769 1628 925 1668 contra
973 1624 1296 1668 conscientiam
1345 1637 1502 1679 agere;
1554 1627 1603 1667 at-
1652 1622 1929 1666 conscientia

62 1700 339 1754 scrupulosa,
373 1713 473 1742 culn
509 1698 570 1741 sit
601 1698 757 1741 inanis
790 1698 1088 1753 apprehensio
1121 1709 1167 1742 et
1199 1712 1367 1742 vanum
1393 1697 1594 1752 dubium,
1627 1711 1716 1740 non
1740 1702 1809 1740 est-
1833 1711 1928 1752 pro-

64 1775 161 1829 prio
196 1787 327 1819 sensu
360 1773 652 1818 conscientia.

213 1864 250 1907 b.
283 1864 382 1907 Non
414 1863 523 1906 licet
556 1875 691 1917 agere
724 1875 824 1904 cum
862 1862 996 1905 dubio
1030 1862 1253 1917 practico;
1296 1866 1346 1904 at
1387 1861 1573 1904 dubium
1608 1874 1661 1904 ex
1705 1861 1929 1916 scrupulis

62 1943 212 1983 ortum
244 1952 334 1982 non
368 1942 435 1981 est
472 1936 658 1979 dubium
692 1936 943 1991 practicum
979 1937 1055 1979 sed
1096 1950 1240 1979 vanus
1259 1936 1411 1990 timor,
1446 1935 1522 1990 qui
1547 1936 1823 1990 spernendus
1846 1940 1929 1978 est.

208 2087 335 2142 190.
380 2086 598 2141 Causae
642 2085 1061 2153 scrupulorum
1090 2086 1278 2135 Variae
1316 2092 1456 2150 sunt,
1500 2083 1639 2135 aliae
1678 2086 1927 2135 internae

61 2177 201 2229 aliae
242 2184 521 2229 externae.

211 2301 258 2333 α.
290 2278 578 2331 Naturalis
607 2279 887 2349 dispositio
918 2279 1035 2329 sive
1061 2279 1233 2329 animi
1260 2279 1377 2329 sive
1407 2279 1675 2346 corporis:
1715 2276 1926 2328 indoles

65 2368 478 2434 melancholica,
535 2367 746 2419 indoles
787 2368 857 2419 ad
897 2369 1119 2419 timores
1162 2374 1214 2417 et
1255 2368 1595 2436 suspiciones
1637 2384 1925 2436 propensa,

64 2460 262 2529 capitis
293 2457 550 2509 debilitas
590 2459 913 2526 praesertim
956 2458 1012 2508 in
1055 2455 1394 2521 mulieribus,
1437 2455 1748 2506 functiones
1782 2456 1929 2506 vitae

64 2549 356 2618 organicae
397 2546 538 2598 male
580 2547 810 2597 affectae
850 2545 1011 2597 facile
1055 2544 1339 2614 scrupulos
1368 2546 1719 2613 progignunt.
1772 2543 1929 2594 Scru-

63 2637 196 2707 puli,
241 2637 335 2706 qui
376 2655 445 2687 ex
480 2642 589 2688 hoc
631 2636 780 2687 fonte
821 2637 1089 2698 oriuntur,
1135 2635 1226 2686 diu
1271 2633 1466 2684 durare
1494 2643 1545 2684 et
1572 2635 1723 2684 vario
1767 2633 1929 2684 modo

64 2744 120 2778 se
163 2725 515 2776 manifestare
559 2724 761 2789 solent3
815 2725 1040 2793 insuper
1081 2741 1192 2775 non
1234 2722 1408 2774 solum
1451 2724 1508 2772 in
1548 2721 1714 2772 rebus
1756 2740 1928 2773 mora-

63 2815 224 2881 libus,
286 2814 381 2865 sed
441 2815 608 2866 etiam
668 2815 725 2864 in
784 2812 906 2864 aliis
963 2815 1110 2864 vitae
1169 2812 1444 2864 humanae
1504 2812 1814 2863 actionibus
1876 2830 1931 2860 se

66 2904 321 2974 produnt.

216 3008 260 3060 b.
303 3009 449 3058 Deus
488 3006 772 3075 scrupulos
813 3007 1080 3075 permittit
1120 3006 1354 3074 sapienti
1395 3004 1780 3074 providentiae
1808 3021 1928 3054 con·
1967 3018 1972 3022 ’

67 3097 186 3149 silio
228 3097 298 3148 ad
342 3096 766 3147 determinatum
808 3095 974 3146 finem
1017 3094 1408 3145 obtinendum:
1460 3093 1548 3144 vel
1589 3096 1736 3144 enim
1779 3092 1933 3142 Deus

67 3186 320 3252 intendit,
363 3203 415 3238 α.
460 3194 519 3236 ut
558 3184 811 3237 homines
839 3204 870 3235 a
898 3196 1122 3253 peccato
1164 3190 1604 3253 praeserventur,
1648 3181 1735 3231 vel
1781 3182 1829 3250 β.
1873 3188 1935 3230 ut

68 3276 254 3326 anima
284 3293 315 3326 a
341 3275 582 3343 peccatis
624 3281 901 3342 purgetur,
946 3271 1033 3323 vel
1073 3290 1124 3337 γ.
1169 3280 1227 3323 ut
1268 3274 1518 3323 timorem
1561 3271 1773 3340 peccati
1810 3286 1930 3319 con-

70 3365 254 3432 cipiat,
297 3361 386 3413 vel
427 3362 475 3415 ὃ.
522 3369 580 3412 ut
619 3364 689 3413 ad
718 3380 918 3430 magna
946 3380 1042 3431 pro
1070 3362 1176 3412 Dei
1206 3361 1378 3430 gloria
1410 3358 1739 3430 praestanda
1780 3375 1931 3425 prae-

68 3460 305 3522 paretur.
385 3450 658 3519 Scrupuli,
703 3452 796 3520 qui
837 3470 868 3502 a
909 3451 1028 3502 Deo
1076 3452 1485 3520 permittuntur,
1539 3456 1659 3517 post
1711 3445 1933 3515 aliquod

160 3556 334 3589 Noldin
352 3581 360 3598 ,
381 3557 439 3588 De
463 3556 672 3597 principiis.
1703 3535 1758 3577 14
