2269 3898
964 134 1120 178 Index.
1881 132 1967 176 355

578 283 734 327 Liber
767 283 996 336 quartus.
1059 281 1132 325 De
1166 280 1502 326 conscientia..
1872 298 1963 337 pag.

108 371 322 425 Quaestio
357 373 396 414 1.
459 373 526 415 De
557 374 724 414 natura
757 370 1072 413 conscientiae.

222 448 321 491 Art.
358 448 396 488 1.
459 447 526 489 De
558 444 832 488 conscientia
864 444 911 487 in
945 457 1107 499 genere
1139 476 1815 486 ..........
1881 445 1966 486 202

225 520 323 562 Art.
359 520 396 561 2.
463 520 529 562 De
561 518 838 563 conscientia
870 531 977 561 vera
1009 522 1055 561 et
1088 530 1271 561 erronea
1366 553 1815 564 .......
1881 518 1965 561 205

223 594 321 636 Art.
356 594 395 636 3.
459 594 525 637 De
557 592 831 636 conscientia
865 593 1127 647 scrupulosa
1212 624 1812 634 .........
1878 593 1964 635 208
2040 627 2048 633 .

221 668 320 710 Art.
354 668 395 709 4.
459 668 525 710 De
558 666 832 709 conscientia
865 670 986 709 certa
1019 671 1065 709 et
1100 665 1248 709 dubia.

292 741 319 796 ξ
354 742 392 783 1.
456 742 522 784 De
555 740 830 784 conscientia
862 745 984 783 certa
1060 772 1811 782 ...........
1876 740 1965 783 213

291 814 319 869 ξ
352 816 391 857 2.
456 815 521 858 De
553 815 829 858 conscientia
862 815 999 858 dubia
1063 847 1810 856 ...........
1878 815 1963 858 215

218 890 316 931 Art.
351 889 390 932 5.
454 890 521 932 De
553 889 764 944 opinione
797 889 1017 944 probabili
1061 921 1811 930 ...........
1878 890 1963 933 218

102 962 315 1016 Quaestio
354 964 392 1006 2.
456 963 523 1006 De
556 968 804 1017 systemate
837 963 1008 1006 morali.

218 1039 317 1080 Art.
354 1038 390 1083 1.
455 1038 522 1081 De
554 1038 694 1081 variis
727 1037 1053 1092 systematibus
1138 1070 1812 1079 ..........
1878 1039 1960 1081 221

291 1111 320 1167 ἓ
354 1114 391 1155 1.
455 1113 522 1156 De
555 1112 818 1155 tutiorismo
851 1112 1057 1155 absoluto
1135 1145 1145 1154 .
1212 1145 1219 1152 .
1287 1145 1293 1152 .
1361 1146 1366 1152 .
1434 1137 1439 1140 -
1509 1145 1812 1153 .....
1877 1113 1963 1155 223

293 1186 321 1241 ξ
353 1187 395 1229 2.
458 1187 525 1230 De
556 1186 819 1230 tutiorismo
853 1186 1071 1241 mitigato
1137 1219 1809 1230 ..........
1877 1188 1963 1230 224

291 1260 319 1316 ξ
351 1262 390 1304 3.
455 1261 521 1304 De
554 1261 943 1316 probabiliorismo
988 1292 1814 1304 .............
1875 1261 1961 1305 225

290 1334 318 1389 ξ
349 1335 390 1377 4.
454 1335 520 1378 De
552 1335 744 1378 laxismo
837 1368 1810 1378 ..............
1875 1336 1960 1378 227

292 1408 320 1464 ξ
352 1409 392 1452 5.
456 1410 523 1453 De
554 1409 875 1464 probabilismo
910 1441 1810 1451 .............
1876 1411 1962 1454 228

289 1483 317 1538 ἓ
349 1484 388 1527 6.
454 1484 520 1527 De
552 1483 1008 1538 aequiprobabilismo
1058 1516 1811 1525 ...........
1875 1484 1959 1527 241

214 1559 313 1600 Art.
349 1558 388 1600 2.
452 1558 518 1601 De
550 1558 786 1613 principiis
818 1558 999 1601 reflexis
1060 1590 1812 1599 ...........
1876 1558 1960 1600 247

213 1634 311 1675 Art.
347 1633 386 1674 3.
451 1633 517 1675 De
551 1629 798 1686 systemate
832 1646 866 1676 s.
899 1631 1123 1687 Alphonsi
1209 1665 1810 1673 .........
1876 1631 1961 1674 249

214 1708 313 1751 Art.
347 1708 385 1749 4.
451 1707 518 1750 De
550 1707 825 1750 auctoritate
858 1721 890 1749 s.
925 1705 1147 1761 Alphonsi
1208 1739 1811 1747 .........
1874 1706 1960 1750 252

593 1868 749 1912 Liber
783 1868 1007 1923 quintus.
1071 1868 1142 1911 De
1174 1867 1471 1912 virtutibus.

102 1964 317 2018 Quaestio
354 1966 391 2007 l.
455 1965 521 2008 De
554 1965 804 2007 virtutibus
836 1964 884 2007 in
917 1947 1092 2020 genere.

214 2040 313 2082 Art.
350 2041 386 2081 1.
451 2040 517 2082 De
548 2044 715 2083 natura
747 2039 974 2082 virtutum
1056 2073 1806 2081 ...........
1872 2040 1957 2082 2:56

214 2116 312 2157 Art.
347 2114 385 2156 2.
451 2115 517 2157 De
551 2114 846 2158 distinetione
878 2114 1107 2158 virtutum
1141 2113 1381 2156 moralium
1430 2147 1807 2155 ......
1872 2114 1952 2156 261

97 2188 310 2241 Quaestio
347 2190 386 2231 2.
450 2190 516 2232 De
548 2189 800 2232 virtutibus
834 2189 1138 2232 cardinalibus
1206 2222 1808 2230 .........
1872 2188 1957 2232 263

212 2264 312 2306 Art.
348 2265 385 2306 1.
449 2264 515 2306 De
547 2263 792 2318 prudentia
827 2296 1803 2308 ..............
1868 2263 1956 2306 264

211 2339 311 2381 Art.
344 2338 384 2383 2.
447 2339 514 2382 De
546 2337 742 2380 iustitia.

281 2412 309 2467 ξ
345 2415 382 2455 1.
446 2413 510 2456 De
544 2416 711 2455 natura
744 2412 952 2456 iustitiae
981 2446 1285 2459 .....
1356 2454 1358 2457 ,
1427 2444 1804 2454 ......
1870 2412 1955 2455 267

279 2486 307 2542 ἓ
339 2487 378 2529 2.
443 2487 508 2529 De
541 2487 821 2542 obligatione
852 2486 1062 2529 iustitiae
1126 2519 1804 2530 ..........
1871 2487 1956 2529 274

211 2563 310 2605 Art.
344 2562 384 2604 3.
448 2562 515 2604 De
545 2561 821 2605 fortitudine
849 2562 923 2617 (de
956 2562 1195 2616 martyrio)
1279 2593 1804 2604 ........
1869 2561 1954 2603 275

211 2638 308 2678 Art.
344 2636 384 2677 4.
447 2636 515 2679 De
546 2636 852 2691 temperantia
902 2667 1803 2680 .............
1869 2635 1951 2677 281

626 2801 782 2846 Liber
814 2802 1007 2845 sextus.
1070 2800 1142 2843 De
1175 2801 1418 2854 peccatis.

95 2898 308 2951 Quaestio
345 2900 382 2940 1.
447 2899 512 2941 De
545 2902 712 2941 natura
745 2902 791 2941 et
825 2897 1047 2941 divisione
1079 2897 1253 2952 peccati
1348 2930 1801 2942 .......
1866 2897 1953 2940 284

93 2971 308 3024 Quaestio
344 2972 384 3013 2.
448 2972 514 3014 De
548 2971 843 3015 distinctione
878 2975 1179 3026 peccatorum.

209 3046 309 3088 Art.
346 3046 382 3087 1.
447 3046 513 3088 De
546 3045 840 3089 distinctione
872 3046 1129 3100 theologica
1201 3078 1801 3089 .........
1865 3047 1952 3089 285

277 3119 304 3174 ξ
338 3120 375 3161 1.
440 3120 506 3162 De
538 3124 720 3174 peccato
754 3120 938 3164 mortali
974 3152 1800 3164 ............
1864 3120 1948 3162 291

277 3193 305 3249 ξ
337 3195 377 3236 2.
439 3194 506 3236 De
537 3198 721 3248 peccato
753 3194 922 3238 veniali
976 3226 1798 3237 ............
1865 3194 1950 3237 296

208 3268 306 3310 Art.
340 3268 380 3310 2.
444 3268 511 3311 De
544 3268 838 3312 distinctione
871 3268 1081 3323 specifica
1127 3300 1800 3310 ..........
1864 3267 1951 3310 300

208 3342 307 3385 Art.
342 3342 381 3384 3.
445 3342 512 3385 De
545 3341 840 3386 distinctione
870 3342 1102 3386 numerica
1195 3374 1799 3384 .........
1863 3342 1950 3385 303

92 3415 304 3468 Quaestio
337 3416 376 3459 3.
442 3416 508 3458 De
541 3416 774 3470 gravitate
805 3421 1090 3471 peccatorum
1128 3449 1799 3457 ..........
1864 3415 1946 3458 311

92 3489 305 3542 Quaestio
338 3491 379 3532 4.
442 3490 509 3532 De
541 3490 739 3545 periculo
773 3490 987 3545 peccandi
1051 3523 1501 3535 .......
1567 3514 1576 3518 -
1644 3526 1650 3531 .
1717 3522 1724 3530 .
1791 3522 1799 3530 .
1864 3489 1950 3531 318

1686 3561 1769 3604 23*
