2269 3898
258 176 365 218 *168
1017 171 1081 213 De
1114 170 1418 213 matrimonio.

279 310 478 377 scripto
545 305 897 358 contrahant:
962 305 1378 355 matrimonium
1443 305 1591 356 enim
1653 305 1770 355 sine
1830 306 1939 356 ritu
2000 323 2152 356 sacro

282 406 434 448 extra
476 395 767 447 ecclesiam
811 395 967 460 inire7
1012 395 1117 444 nisi
1161 392 1582 461 impossibilitas
1633 402 1685 444 et
1725 395 2024 446 necessitas
2065 412 2153 445 ex-

273 493 485 548 cusent,
531 502 624 554 pro
667 486 751 547 iis,
795 484 888 552 qui
929 501 1035 534 non
1082 490 1356 548 arcentur,
1400 500 1570 550 grave
1611 489 1902 552 peccatum
1946 489 2041 535 est.

427 590 473 642 2.
526 589 593 640 Ut
620 589 676 639 in
704 596 848 639 statu
873 589 1080 657 quitiae
1110 589 1231 649 sint,
1276 587 1407 656 quia
1448 595 1855 638 sacramentum
1897 587 2156 638 vivorum

273 679 612 747 suscipiunt3
637 677 759 728 ideo
785 684 987 727 statuta
1013 675 1371 745 particularia
1394 676 1728 746 quandoque
1752 675 2155 746 praescribunt,

277 776 337 818 ut
392 767 742 818 matrimonio
800 767 1186 836 praemittatur
1243 765 1548 833 confessio3
1610 765 1730 834 lege
1789 774 1977 817 tamen
2034 767 2157 817 uni-

278 855 477 907 versali
520 874 630 907 non
671 857 1024 925 praecipitur,
1078 864 1138 906 ut
1180 856 1363 924 potius
1405 873 1502 924 per
1545 855 1946 907 confessionem
1990 873 2157 925 quam

276 964 372 1015 per
414 947 798 997 contritionem
839 945 1142 1014 perfectam
1185 953 1386 996 statum
1432 946 1641 1015 gratiae
1670 945 1775 996 sibi
1806 953 2151 1014 comparent:

279 1035 575 1086 concilium
631 1037 778 1087 enim
836 1035 1200 1086 tridentinum
1261 1034 1435 1086 solum
1493 1035 1736 1085 heriatua²
1795 1052 2038 1104 sponsos,
2098 1043 2159 1085 ut

278 1132 404 1175 ante
448 1125 862 1175 matrimonium
907 1124 1335 1188 confiteantur1)‚

423 1227 522 1271 Non
555 1233 734 1283 peccat:
771 1243 812 1271 a.
847 1229 923 1283 qui
958 1228 1302 1271 matrimonium
1339 1228 1574 1271 contrahit
1607 1241 1709 1271 cum
1743 1232 1989 1283 comparte,
2023 1242 2157 1283 quam

272 1303 405 1346 novit
440 1316 535 1346 esse
566 1303 614 1345 in
658 1307 787 1346 statu
830 1303 1005 1358 peccati
1039 1303 1272 1346 mortalis:
1323 1303 1610 1346 materialem
1654 1303 1774 1346 enim
1810 1303 1925 1346 hanc
1957 1316 2158 1358 coopera-

272 1378 446 1420 tionem
480 1383 666 1420 excusat
700 1377 918 1421 notabilis
950 1377 1149 1433 utilitas,
1183 1391 1317 1431 quam
1352 1377 1392 1421 ei
1427 1379 1568 1420 affert
1603 1375 2001 1431 matrimonium&

422 1467 511 1511 Nec
544 1472 702 1522 peccat
736 1468 773 1510 b.
808 1468 884 1522 qui
919 1472 1255 1511 sacramentum
1291 1467 1575 1510 matrimonii
1603 1467 1904 1510 administrat
1936 1468 2159 1523 comparti

277 1542 510 1598 indignae,
545 1542 650 1597 quia
681 1557 772 1586 non
804 1547 989 1587 tenetur
1022 1556 1192 1597 cavere,
1238 1555 1294 1585 ne
1328 1545 1664 1585 sacramentum
1712 1542 2064 1585 administretur
2096 1543 2159 1586 in—

273 1617 440 1672 digno:
485 1631 575 1660 non
608 1617 726 1660 enim
761 1616 861 1671 agit
897 1631 1134 1671 personam
1169 1616 1413 1672 publicam,
1449 1630 1563 1671 quae
1594 1616 1640 1659 vi
1675 1616 1875 1660 muneris
1911 1617 1980 1660 sui
2013 1622 2159 1661 atten-

279 1693 380 1735 dere
415 1691 546 1735 debet
589 1692 646 1734 ad
681 1692 1002 1746 dispositiones
1048 1691 1325 1746 recipientis,
1372 1692 1449 1734 sed
1483 1697 1551 1734 est
1596 1705 1788 1746 persona
1828 1693 2012 1748 privat-a
2053 1693 2158 1736 cele-

277 1766 412 1809 brans
446 1770 746 1821 contractum,
791 1780 905 1821 quae
937 1767 983 1809 vi
1018 1766 1217 1810 muneris
1252 1767 1396 1809 solum
1441 1766 1647 1810 attendit
1679 1767 1737 1810 ad
1770 1766 2027 1810 utilitatem
2063 1781 2157 1822 pro-

276 1840 472 1896 priam3).

423 1931 471 1984 3.
527 1931 595 1983 Ut
657 1931 1065 1983 benedictionem
1125 1931 1423 2002 nuptialem
1484 1933 1785 2002 accipiant:
1847 1933 1947 1983 etsi
2009 1933 2156 1983 enim

274 2021 508 2073 ecclesia
550 2040 670 2073 eam
714 2022 1168 2092 nupturientibus
1219 2041 1325 2074 non
1368 2024 1694 2093 praecipiat,
1750 2024 1915 2074 enixe
1970 2029 2158 2073 tamen

278 2110 569 2177 desiderat,
613 2120 673 2162 ut
713 2130 833 2163 eam
876 2120 1066 2181 petant
1108 2120 1160 2163 et
1201 2113 1496 2181 accipiant.

421 2215 612 2258 Nomine
656 2215 977 2259 benedictionis
1008 2216 1229 2272 nuptialis
1273 2216 1577 2271 designantur
1621 2220 1714 2260 tres
1761 2215 2001 2270 orationes,
2045 2229 2158 2271 quae

273 2290 320 2334 in
371 2290 510 2334 missa
542 2305 622 2346 pro
656 2292 832 2347 sponsis
880 2292 928 2334 in
972 2292 1147 2335 missali
1181 2292 1422 2347 habentur,
1473 2306 1663 2346 quarum
1711 2292 1825 2335 duae
1873 2295 1977 2347 post
2009 2291 2158 2334 Pater

272 2369 444 2419 noster,
476 2366 616 2409 tertia
648 2379 752 2410 vero
797 2371 900 2422 post
934 2366 1004 2410 Ite
1035 2367 1178 2409 missa
1213 2370 1281 2410 est
1321 2368 1392 2410 vel
1426 2367 1764 2410 Benedieamns
1797 2366 1992 2410 Domino
2025 2379 2159 2422 super

272 2454 458 2495 sponsos
506 2440 772 2485 recitantur.
838 2443 948 2486 Cum
1001 2441 1257 2486 benedictio
1311 2442 1536 2497 nuptialis
1585 2456 1612 2486 a
1659 2442 1800 2485 missa
1851 2455 1931 2497 pro
1981 2441 2158 2496 sponsis

275 2515 470 2570 separari
506 2523 717 2570 nequeat,
763 2516 973 2561 monendi
1022 2522 1130 2560 sunt
1174 2517 1513 2573 nupturientes,
1556 2520 1610 2560 ut
1652 2516 1841 2572 nuptias
1887 2529 2019 2560 mane
2051 2517 2157 2559 cele-

273 2589 417 2644 brent,
451 2591 629 2645 quando
663 2591 802 2634 missa
836 2591 924 2634 dici
958 2596 1128 2647 potest.

425 2754 551 2809 158.
604 2757 700 2809 Ex
754 2758 925 2824 parte
974 2756 1227 2825 parochi
1274 2757 1648 2822 requiritur:
1694 2777 1741 2809 α.
1795 2765 1856 2807 ut·
1909 2756 2155 2807 assisten-

276 2845 404 2895 tiam
445 2843 734 2910 exhibeat3
780 2845 822 2899 b.
868 2854 926 2898 ut
966 2848 1126 2897 ritum
1166 2846 1613 2898 matrimonialem
1655 2853 1898 2916 peragat.

422 2949 503 2999 De
559 2952 880 3005 assistentia.
973 2952 1352 3020 Distinguitur
1409 2952 1722 3003 assistentia
1786 2951 1985 3017 activa,
2049 2968 2158 3020 qua

273 3038 548 3107 parochus
589 3041 754 3091 ritum
798 3060 1014 3093 sacrum
1059 3043 1114 3092 in
1158 3040 1392 3093 ecclesia
1446 3043 1677 3111 peragit,
1735 3049 1788 3092 et
1839 3041 2154 3092 assistentia

266 3129 506 3197 passiva,
565 3147 673 3198 qua
722 3131 996 3200 parochus
1037 3131 1247 3201 absque
1289 3130 1398 3183 ullo
1440 3133 1551 3183 ritu
1592 3149 1746 3183 sacro
1789 3137 1946 3181 extra
1989 3128 2156 3181 eccle-

273 3219 409 3268 siam
454 3220 804 3271 matrimonio
847 3221 1161 3274 intervenit.

430 3395 457 3450 ¹]
490 3396 602 3440 Sess.
637 3398 708 3440 24.
743 3413 776 3441 c.
815 3400 853 3441 1.
888 3400 953 3443 De
987 3402 1169 3443 reform.
1204 3405 1339 3443 matr.

425 3468 458 3525 2)
492 3470 559 3514 Cf.
594 3472 666 3515 De
698 3473 970 3529 Praeceptis
1001 3488 1045 3517 n.
1081 3474 1180 3517 118.

428 3543 460 3597 ³)
492 3543 559 3587 Cf.
594 3546 739 3602 Lnyo,
773 3547 840 3590 De
874 3561 1060 3591 sacram.
1096 3548 1142 3590 in
1177 3561 1342 3603 genere
1376 3548 1492 3603 disp.
1525 3550 1567 3591 8.
1601 3551 1709 3593 sect.
1741 3548 1815 3616 14.
1848 3562 1893 3591 n.
1925 3547 2026 3590 c230.
