2269 3898
689 116 755 159 De
789 116 1037 160 cessatione
1072 116 1382 172 obligationis.
1884 122 1971 164 179

92 248 400 302 culiaribus
461 267 648 302 eorum
711 250 1141 302 circumstantiis
1194 251 1266 303 ad
1319 252 1729 305 observandam
1793 253 1970 323 legem

95 358 209 392 non
248 340 440 393 teneri.

245 428 291 471 Si
323 429 521 471 facultas
556 427 768 482 delegata
803 427 1096 482 dispensandi
1129 429 1392 472 conceditur
1435 433 1719 487 confessario
1764 433 1819 475 ab
1869 447 1974 476 ora·

89 506 197 547 *tore
230 502 450 558 elzyendo,
482 501 601 544 nihil
633 501 828 556 impedit
863 501 1104 556 quominus
1138 507 1289 545 orator
1322 504 1499 548 variare
1533 511 1579 549 et
1601 520 1690 564 uno
1712 507 1804 551 iam
1829 509 1972 552 electo

89 578 238 622 alium
271 576 439 632 eligere
472 576 633 631 possit,
667 576 744 630 qui
777 575 942 631 prioris
977 576 1323 631 dispositionem
1357 583 1439 621 aut
1482 582 1719 625 confirmet
1759 588 1841 625 aut
1885 596 1974 626 cor-

95 652 236 707 rigat.
299 652 422 694 Haec
454 651 574 694 enim
609 654 817 694 censetur
849 664 944 694 esse
975 650 1174 694 intentio
1207 652 1551 706 poenitentiarii
1575 656 1844 699 facultatem
1878 671 1974 701 con-

103 725 320 780 cedentis,
354 725 461 780 quia
483 729 688 780 potestas
720 739 800 780 pro
832 727 930 768 foro
963 714 1266 769 conscientiae
1297 741 1505 771 concessa
1537 731 1742 784 sequitur
1762 736 1977 776 naturam

92 801 234 844 huius
266 801 369 855 fori,
402 800 451 843 in
484 814 570 855 quo
604 800 840 855 poenitens
873 800 1012 844 libere
1052 801 1193 844 alium
1235 802 1560 846 confessarium
1601 805 1727 848 adire
1770 808 1976 862 potest1).

246 950 378 1005 157.
423 949 580 1023 Quos
609 950 878 1018 episcopi
905 950 1255 1018 dispensare
1282 953 1540 1019 possint.
1586 954 1726 1007 Cum
1758 954 1974 1025 dispen-

96 1041 240 1092 satio
294 1041 364 1091 sit
416 1048 570 1091 actus
625 1040 1040 1104 iurisdictioniS‚
1095 1048 1247 1108 patet
1301 1041 1611 1111 dispensari
1666 1062 1776 1095 non
1817 1063 1976 1114 posse

97 1130 205 1181 nisi
246 1129 525 1181 subditum.
602 1130 668 1181 In
711 1131 893 1198 specie
934 1147 1065 1181 vero
1114 1129 1250 1181 haec
1291 1132 1535 1184 notanda
1576 1143 1731 1186 sunt:

251 1221 297 1272 1.
351 1219 662 1288 Episcopus
705 1219 1026 1288 dispensare
1067 1227 1274 1289 potest:
1322 1242 1369 1274 α.
1416 1241 1540 1274 cum
1583 1223 1808 1275 subditis
1849 1226 1974 1291 δαῖε,

91 1310 313 1361 etiamsi
356 1317 510 1360 extra
554 1308 850 1360 dioecesim
881 1317 1197 1374 versentur,
1243 1310 1286 1363 b.
1329 1330 1455 1362 cum
1497 1313 1578 1376 iis,
1624 1314 1717 1382 qui
1745 1314 1800 1364 in
1833 1313 1976 1365 dioe-

94 1400 210 1451 cesi
264 1397 788 1468 quasi-domicilium
841 1398 1063 1458 habent,·
1130 1420 1169 1450 c.
1222 1418 1348 1450 cum
1391 1402 1552 1478 Q&
1608 1402 1875 1471 quamdiu
1920 1405 1979 1455 in

101 1488 340 1540 dioecesi
381 1498 696 1553 versantur3
760 1488 810 1540 d.
856 1506 981 1538 cum
1019 1489 1332 1558 peveyrinz‘s,
1388 1491 1482 1559 qui
1524 1492 1581 1542 in
1625 1510 1755 1542 casu
1796 1511 1978 1544 neces·

100 1579 276 1630 sitatis
317 1578 388 1630 ad
429 1579 714 1652 prgpgium
757 1578 1081 1646 episcopum
1122 1596 1404 1630 recurrere
1445 1598 1555 1632 non
1597 1590 1844 1649 possunt,
1902 1583 1978 1634 id-

100 1686 207 1737 que
250 1685 317 1719 ex
359 1668 526 1718 tacito
569 1685 841 1718 consensu
883 1669 1090 1736 proprii
1133 1669 1550 1736 peregrinorum
1601 1672 1863 1741 episcopi.

250 1756 504 1812 Peresst’ini
535 1770 616 1812 per
649 1770 695 1800 se
725 1756 774 1799 in
808 1756 1351 1819 leg·ibiiggqmm11nibus,
1384 1758 1432 1801 in
1465 1759 1586 1802 votis
1610 1761 1682 1804 vel
1706 1760 1979 1806 iuramentis

94 1831 356 1887 dispensari
388 1845 478 1874 non
512 1835 703 1886 possunt
736 1832 792 1874 ab
825 1832 1032 1887 episcopo
1065 1833 1165 1887 loci,
1209 1832 1257 1876 in
1305 1847 1390 1887 quo
1435 1839 1685 1889 morantur,
1735 1835 1842 1890 quia
1889 1850 1979 1880 non

102 1912 209 1950 sunt
243 1906 339 1949 eius
373 1888 644 1961 sulm
678 1920 786 1961 quos
820 1907 1009 1961 proinde
1041 1907 1404 1951 iurisdictionem
1439 1922 1641 1952 exercere
1673 1923 1763 1953 non
1796 1915 1977 1966 potest,-

94 1982 263 2036 *quodsi
294 1981 444 2037 igitur
475 1981 628 2024 valide
661 1981 995 2037 dispensentur,
1028 1982 1075 2025 id
1111 1984 1255 2026 solum
1280 1997 1334 2026 ex
1360 1984 1647 2038 delegatione
1668 1985 1839 2040 proprii
1863 1998 1983 2040 pere-

103 2057 338 2112 grinorum
373 2057 570 2112 episcopi
604 2057 705 2100 fieri
738 2061 905 2112 potest.
970 2057 1057 2100 Hic
1088 2061 1242 2101 autem
1277 2062 1555 2113 potestatem
1591 2059 1884 2114 dispensandi
1909 2061 1978 2104 de-

101 2131 255 2186 legare
287 2145 377 2174 non
411 2135 619 2174 censetur
652 2131 771 2174 sicut
803 2136 1081 2187 potestatem
1115 2132 1396 2188 absolvendi,
1429 2137 1616 2189 excepto
1650 2148 1769 2189 casu,
1804 2148 1889 2189 quo
1923 2135 1981 2178 ad

105 2205 340 2261 proprium
374 2205 634 2261 episcopum
667 2206 836 2249 recurri
869 2220 959 2250 non
992 2211 1161 2262 potest,
1180 2207 1286 2262 quia
1308 2208 1367 2251 ad
1384 2208 1710 2252 absolvendum
1734 2208 1982 2263 requiritur

106 2280 367 2336 praesentia
399 2280 694 2335 poenitentis,
729 2280 982 2336 dispensari
1004 2286 1158 2325 autem
1183 2286 1336 2336 potest
1359 2282 1499 2326 etiam
1523 2283 1697 2326 absens.
1763 2282 1909 2336 Quare
1933 2283 1982 2326 in
2018 2293 2033 2346 1

64 2408 75 2420 3
104 2369 216 2399 casu
247 2355 550 2410 necessitatis,
582 2355 660 2398 ubi
708 2355 925 2398 nimirum
974 2356 1189 2411 indigent
1238 2357 1592 2412 dispensatione,
1641 2357 1699 2401 ad
1747 2357 1980 2412 proprium

97 2434 259 2475 autem
293 2430 552 2486 episcopum
586 2442 812 2473 recurrere
844 2444 934 2473 non
967 2435 1172 2485 possunt,
1206 2431 1279 2474 hic
1311 2431 1453 2475 tacite
1486 2431 1738 2475 consentire
1762 2435 1984 2477 censetur.

255 2506 303 2559 2.
363 2504 503 2556 Cum
544 2505 808 2573 reliyiosis
850 2508 1065 2557 ewemtis
1105 2508 1351 2575 episcopi
1400 2509 1619 2576 proprie
1662 2507 1982 2576 dispensare

107 2612 218 2646 non
266 2602 511 2664 possunt,
547 2613 693 2672 ¹>cum
735 2613 845 2646 non
888 2597 997 2646 sint
1038 2614 1224 2646 eorum
1280 2595 1517 2662 subditi3
1572 2603 1814 2647 attamen
1857 2614 1980 2647 cum
2018 2647 2021 2683 4

108 2676 453 2753 superiorum
473 2674 766 2748 [consensu
807 2684 1048 2752 religiosi
1089 2686 1169 2736 uti
1210 2693 1442 2754 possunt
1479 2684 2021 2755 dispensationibus³

101 2772 521 2843 episcopalibus
563 2791 607 2827 0.
649 2791 699 2841 g.
740 2775 796 2824 in
838 2772 1176 2825 abstinentia
1218 2773 1307 2825 vel
1349 2774 1586 2845 ieiunio}

260 2863 309 2916 3.
370 2862 728 2933 Dispensatio
782 2863 1013 2915 concedi
1077 2872 1256 2933 potest
1310 2864 1528 2928 absenti,
1591 2866 1759 2917 immo
1816 2867 1981 2919 etiam

109 2953 381 3023 ignoranti
433 2959 486 3002 et
537 2951 786 3004 absolute
825 2952 1101 3023 loquendo
1144 2956 1309 3006 etiam
1350 2956 1515 3006 invito
1535 2977 1557 3015 ,·
1608 2973 1803 3007 verum
1845 2957 1984 3008 ordi-

112 3042 266 3092 narie
308 3041 378 3092 ad
408 3040 653 3093 validam
696 3043 1164 3112 dispensationem
1205 3046 1507 3114 requiritur
1548 3063 1847 3097 consensus
1890 3065 1987 3097 seu

112 3131 417 3199 acceptatio
461 3131 594 3198 eius,
637 3150 763 3183 cum
792 3150 898 3202 quo
943 3132 1321 3203 dispensatur:
1363 3135 1543 3202 gratia
1572 3136 1719 3186 enim
1749 3144 1801 3186 et
1822 3137 1986 3187 bene-

114 3219 302 3270 ficium
362 3237 473 3271 non
533 3222 856 3273 conceditur
916 3224 1021 3274 nisi
1063 3222 1286 3290 volenti,
1349 3223 1406 3275 id
1459 3225 1606 3294 quod
1662 3226 1987 3294 praesertim

270 3416 301 3467 ¹)
343 3414 410 3457 Cf.
445 3413 872 3471 Sclmzaleyrneber.
913 3416 1025 3460 Titl.
1068 3416 1183 3462 XVI.
1228 3432 1270 3461 n.
1313 3416 1412 3463 243.
1477 3416 1701 3472 Sancleee,
1734 3418 1801 3461 De
1835 3417 1989 3462 matri-

120 3488 273 3533 monio
306 3489 334 3531 l.
371 3491 410 3532 8.
447 3489 562 3544 disp.
597 3489 667 3531 27.
700 3504 743 3532 n.
777 3490 848 3533 40.

1728 3567 1810 3608 10⁸·e

1759 3600 1781 3608 ..a
