2269 3898
835 161 901 203 De
933 160 1129 215 peccatis
1162 159 1448 214 capitalibus,
1986 161 2071 203 335

209 295 382 346 ebrius
424 293 623 363 aliquis
662 294 891 356 dicitur3
936 293 1169 343 ebrietas
1197 295 1359 344 active
1386 300 1612 361 accepta
1644 292 1867 344 denotat
1895 294 2070 361 ipsam

211 384 571 460 potationlem,
634 401 774 451 quae
835 382 982 432 hunc
1044 382 1298 432 effectum
1361 381 1601 445 inducit,
1665 390 1717 432 et
1782 382 2069 433 definitur:

209 458 556 570 volhpQus
597 489 854 521 excessus
897 472 953 520 in
995 478 1127 538 potu
1168 489 1235 520 ex
1279 469 1391 521 sola
1433 470 1717 539 voluptate
1776 489 1948 540 usque
2002 471 2072 521 ad

209 561 508 611 violentam
551 561 919 628 privationem
963 578 1092 610 usus
1133 560 1377 613 rationis,
1442 559 1599 609 Haec
1642 567 1723 609 est
1765 567 2070 627 peccatum,

205 649 299 700 illa
340 650 565 699 effectus
607 650 833 716 peccati.

355 752 536 808 [προίῃ
555 765 570 794 .·
592 752 687 794 vini
713 752 886 794 scilicet
912 753 982 794 vel
1006 751 1196 794 alterius
1217 751 1405 805 liquoris
1428 751 1714 805 inebriantis,
1742 751 1902 805 quibus
1927 751 2073 795 verbis

202 841 232 869 a
256 827 580 869 comessatione
605 827 774 868 differt.
820 827 897 867 Ex
928 827 1024 868 sola
1052 827 1304 881 voluptatem·
1337 825 1373 868 si
1408 826 1526 868 enim
1561 831 1696 879 potus
1731 839 1784 867 ex
1819 826 1908 868 alia
1942 839 2075 868 causa

205 915 242 944 e.
293 914 335 955 g.
385 900 562 943 ratione
607 900 880 954 medicinae,
942 900 1027 943 etsi
1077 914 1218 954 usque
1267 900 1323 942 ad
1372 899 1675 954 privationem
1727 914 1835 942 usus
1884 900 2075 942 rationis

208 979 476 1029 sumeretur,
520 989 609 1017 non
654 978 769 1017 esset
815 975 1024 1019 ebrietas.
1089 975 1192 1017 ideo
1227 979 1380 1017 tamen
1412 988 1501 1016 non
1536 973 1705 1017 desinit
1740 987 1833 1016 esse
1867 974 2074 1027 ebrietas,

209 1050 315 1104 quia
347 1063 400 1092 ex
434 1053 545 1104 potu
577 1063 666 1092 non
699 1049 951 1104 percipitur
984 1050 1210 1103 voluptas,
1243 1049 1373 1091 modo
1408 1054 1542 1103 potus
1564 1063 1654 1091 non
1679 1056 1887 1091 sumatur
1909 1062 1963 1091 ex
1986 1048 2074 1090 alio

202 1123 305 1168 fine.
370 1124 595 1166 Vc'olenta:
628 1138 731 1166 nam
766 1137 874 1166 usus
906 1124 1098 1166 rationis
1134 1124 1261 1166 1110ᾶο
1285 1124 1492 1165 naturali
1522 1123 1822 1178 intercipitur
1856 1136 1934 1177 per
1966 1136 2075 1165 som-

203 1212 312 1241 num
337 1202 381 1241 et
405 1199 535 1240 modo
560 1198 758 1241 violento
784 1212 861 1252 per
883 1198 1076 1240 nimium
1102 1202 1274 1252 potum,
1308 1212 1392 1252 quo
1423 1199 1493 1252 fit,
1529 1203 1581 1241 ut
1615 1198 1763 1241 ebrius
1789 1211 1843 1241 ne
1868 1210 2075 1251 experge-

202 1274 353 1315 factus
388 1273 567 1326 quidem
604 1286 625 1314 e
659 1286 812 1315 somno
845 1273 915 1315 uti
951 1273 1093 1327 possit
1127 1273 1313 1315 ratione.

354 1363 422 1404 Ex
467 1362 629 1416 quibus
669 1368 799 1416 patet
844 1361 1072 1416 propriam
1117 1362 1352 1405 ebrietatis
1387 1362 1612 1405 malitiam
1649 1376 1739 1404 non
1773 1375 1868 1404 esse
1900 1361 1949 1403 in
1982 1362 2077 1403 sola

206 1436 466 1491 privatione
498 1450 607 1479 usus
639 1437 846 1484 rationis,
892 1438 969 1480 sed
1002 1437 1047 1479 in
1086 1438 1168 1479 hac
1201 1437 1471 1491 privatione,
1517 1450 1629 1490 quae
1667 1435 1913 1478 adducitur
1946 1435 2077 1477 modo

200 1511 403 1553 violento
437 1510 603 1564 absque
635 1511 884 1554 sufficienti
920 1525 1054 1554 causa
1087 1507 1270 1565 prop'ter
1304 1512 1588 1565 voluptatem
1624 1510 1815 1564 potus'),

357 1601 406 1653 2.
455 1601 705 1651 Ebrietas
761 1601 963 1651 dicitur
1012 1600 1266 1670 perfectat
1325 1602 1366 1650 si
1424 1603 1640 1668 penitus
1695 1599 1875 1648 aufert
1917 1615 2076 1647 usum

207 1691 452 1750 rationis,
498 1697 550 1739 et
593 1689 794 1740 dicitur
822 1689 1151 1759 imperfecta,
1197 1691 1239 1739 si
1270 1707 1431 1739 usum
1460 1690 1688 1739 rationis
1720 1688 1937 1755 penitus
1968 1704 2076 1736 non

202 1778 399 1831 aufert.

366 1867 602 1909 Ebrietate
635 1869 834 1921 perfecta
870 1867 1070 1910 laborare
1104 1871 1329 1910 censetur:
1372 1881 1412 1908 α.
1447 1867 1523 1920 qui
1557 1865 1752 1920 amplius
1799 1865 2090 1925 distinguere

211 1940 359 1983 nescit
391 1940 512 1983 inter
546 1940 708 1983 bonum
744 1945 789 1983 et
823 1942 1022 1983 malum:
1058 1942 1092 1982 b.
1118 1941 1191 1994 qui
1220 1940 1424 1994 sequenti
1453 1940 1524 1982 die
1542 1953 1631 1981 non
1651 1939 1914 1981 recordatur
1931 1952 2079 1981 rerum

206 2014 498 2068 notabilium,
532 2028 641 2068 quas
676 2015 721 2057 in
756 2015 975 2057 ebrietate
1009 2014 1128 2057 dixit
1161 2020 1239 2057 aut
1272 2015 1405 2065 fecit;
1457 2030 1489 2059 c.
1541 2015 1615 2069 qui
1666 2027 1846 2068 prorsus
1894 2013 2081 2056 insolita

210 2088 329 2142 agit,
363 2101 475 2141 quae
507 2088 690 2143 integra
723 2092 875 2131 mente
908 2102 1041 2142 agere
1084 2103 1172 2131 non
1216 2089 1464 2132 consuevit.
1529 2089 1738 2132 Ebrietas
1783 2088 1870 2130 erit
1922 2088 2081 2142 imper-

207 2163 346 2216 fecta,
379 2162 416 2204 si
449 2163 730 2205 solummodo
764 2162 1008 2217 phantasia
1042 2176 1283 2217 parumper
1314 2163 1499 2205 turbata
1549 2169 1633 2217 est,
1682 2163 1843 2217 lingua
1892 2162 2082 2216 titubat,

211 2237 345 2291 pedes
380 2236 763 2297 vacillant-‚foculi
798 2236 1032 2290 duplicata
1064 2238 1311 2297 aspiciunt-7
1343 2237 1517 2280 obiecta
1550 2251 1628 2292 per
1661 2250 1825 2292 gyrum
1871 2236 1987 2279 verti
2022 2237 2082 2279 vi-

216 2311 396 2364 dentur,
429 2311 630 2353 vomitus
650 2296 872 2364 3011111101·
883 2302 894 2304 ”
905 2302 956 2353 01
976 2298 1218 2355 eiusmodi.

362 2475 495 2528 308.
524 2475 670 2528 Num
695 2476 1059 2528 intrinsecus
1088 2475 1243 2527 mala.
1271 2477 1371 2528 sit.
1417 2475 1712 2526 Ebrietatis
1756 2494 1849 2525 seu
1880 2476 2083 2525 nimiae

213 2566 510 2633 potationis
570 2566 795 2615 effectus
856 2565 1207 2615 immediatus
1280 2572 1360 2614 est
1448 2565 1713 2615 relaxatio
1787 2581 2081 2615 nervorum

211 2662 268 2703 et
321 2664 482 2721 sopor
535 2672 810 2716 sensuum,
867 2672 934 2704 ex
988 2653 1189 2722 quibus
1241 2663 1523 2722 tamquam
1578 2654 1803 2704 effectus
1847 2654 2082 2721 privatio

215 2761 345 2793 usus
385 2744 612 2793 rationis
654 2744 1024 2811 consequitur.
1102 2742 1355 2793 Ebrietas
1407 2761 1500 2792 seu
1544 2745 1714 2792 nimia
1757 2745 1959 2810 potatio
2004 2760 2081 2792 us-

217 2850 321 2900 que
363 2831 430 2882 ad
475 2849 722 2899 soporem
766 2849 1022 2882 sensuum
1068 2833 1121 2881 in
1151 2822 1219 2881 *se
1246 2830 1565 2882 indifferens
1596 2841 1648 2881 et
1676 2844 1900 2882 eatenus
1943 2831 2085 2882 mala

210 2930 311 2984 sest,
355 2931 625 2988 quatenus
667 2921 882 2970 inducit
921 2922 1287 2988 privationem
1318 2939 1446 2971 usus
1488 2922 1740 2982 rationisg
1786 2921 1979 2990 quodsi
2012 2923 2081 2971 in-

212 3009 437 3060 ducitur
465 3010 581 3059 sine
623 3010 948 3059 necessitato
1000 3009 1164 3060 3011113
1207 3009 1504 3077 voluptatis
1561 3029 1744 3076 causa,
1805 3011 1946 3061 mala
1988 3018 2082 3075 est,

213 3100 346 3166 quia
388 3097 687 3148 violentam
731 3097 1099 3148 turbationem
1154 3099 1381 3148 rationis
1433 3099 1550 3149 sine
1604 3118 1768 3150 causa
1822 3099 2083 3149 inducere

212 3206 325 3238 non
368 3186 511 3252 11001,
555 3187 773 3256 quando
816 3198 997 3238 autem
1043 3207 1110 3238 ex
1139 3186 1244 3238 alio
1276 3189 1480 3240 motivo
1523 3188 1747 3239 honesto
1790 3188 2084 3250 inducitur,

216 3276 363 3326 mala
424 3294 529 3326 non
594 3285 690 3335 est,
757 3278 856 3327 etsi
928 3290 1116 3327 causet
1191 3276 1556 3328 turbatiOnem
1618 3278 1859 3342 rationis,
1925 3276 2084 3327 modo

186 3366 482 3416 'damnum
535 3367 899 3433 temporariae
968 3366 1294 3433 privationis
1353 3384 1482 3417 usus
1543 3367 1767 3418 rationis
1830 3384 1861 3416 a
1922 3367 2084 3432 bono,

376 3512 404 3564 ¹)
433 3512 627 3555 Lessius
658 3512 684 3553 l.
719 3513 759 3554 4.
795 3526 829 3555 0.
865 3513 904 3554 3.
938 3527 981 3555 n.
1020 3513 1072 3554 13
1106 3526 1140 3555 3.
