<?xml version="1.0" encoding="UTF-8"?>
<!DOCTYPE html PUBLIC "-//W3C//DTD XHTML 1.0 Transitional//EN"
    "http://www.w3.org/TR/xhtml1/DTD/xhtml1-transitional.dtd">
<html xmlns="http://www.w3.org/1999/xhtml" xml:lang="en" lang="en">
 <head>
  <title>
</title>
<meta http-equiv="Content-Type" content="text/html;charset=utf-8" />
  <meta name='ocr-system' content='tesseract 3.04.00' />
  <meta name='ocr-capabilities' content='ocr_page ocr_carea ocr_par ocr_line ocrx_word'/>
</head>
<body>
  <div class='ocr_page' id='page_1' title='image "./summatheologiaem00nold_0395.png"; bbox 0 0 2269 3898; ppageno 0'>
   <div class='ocr_carea' id='block_1_1' title="bbox 715 134 1936 177">
    <p class='ocr_par' dir='ltr' id='par_1_1' title="bbox 715 134 1936 177">
     <span class='ocr_line' id='line_1_1' title="bbox 715 134 1936 177; baseline 0.001 -1"><span class='ocrx_word' id='word_1_1' title='bbox 715 135 780 177; x_wconf 90' lang='lat' dir='ltr'>De</span> <span class='ocrx_word' id='word_1_2' title='bbox 811 142 976 177; x_wconf 86' lang='lat' dir='ltr'>natura</span> <span class='ocrx_word' id='word_1_3' title='bbox 1009 134 1301 177; x_wconf 81' lang='lat' dir='ltr'>matrimonii.</span> <span class='ocrx_word' id='word_1_4' title='bbox 1881 136 1936 177; x_wconf 67' lang='grc' dir='ltr'>Ξῖ</span> 
     </span>
    </p>
   </div>
   <div class='ocr_carea' id='block_1_2' title="bbox 78 266 1940 761">
    <p class='ocr_par' dir='ltr' id='par_1_2' title="bbox 78 266 1940 761">
     <span class='ocr_line' id='line_1_2' title="bbox 80 266 1940 336; baseline 0 -18"><span class='ocrx_word' id='word_1_5' title='bbox 80 269 278 318; x_wconf 81' lang='lat' dir='ltr'>iterum</span> <span class='ocrx_word' id='word_1_6' title='bbox 331 269 473 320; x_wconf 87' lang='lat' dir='ltr'>inter</span> <span class='ocrx_word' id='word_1_7' title='bbox 524 266 803 334; x_wconf 87' lang='lat' dir='ltr'>theologos</span> <span class='ocrx_word' id='word_1_8' title='bbox 855 266 1044 318; x_wconf 86' lang='lat' dir='ltr'>saltem</span> <span class='ocrx_word' id='word_1_9' title='bbox 1098 266 1436 336; x_wconf 82' lang='lat' dir='ltr'>probabilior</span> <span class='ocrx_word' id='word_1_10' title='bbox 1491 275 1543 318; x_wconf 88' lang='lat' dir='ltr'>et</span> <span class='ocrx_word' id='word_1_11' title='bbox 1597 269 1940 319; x_wconf 87' lang='lat' dir='ltr'>communior</span> 
     </span>
     <span class='ocr_line' id='line_1_3' title="bbox 81 354 1938 423; baseline 0.001 -17"><span class='ocrx_word' id='word_1_12' title='bbox 81 355 322 422; x_wconf 77' lang='lat' dir='ltr'>evasit&#39;).</span> <span class='ocrx_word' id='word_1_13' title='bbox 404 357 490 407; x_wconf 87' lang='lat' dir='ltr'>Ex</span> <span class='ocrx_word' id='word_1_14' title='bbox 541 356 733 406; x_wconf 90' lang='lat' dir='ltr'>horum</span> <span class='ocrx_word' id='word_1_15' title='bbox 777 373 902 422; x_wconf 89' lang='lat' dir='ltr'>ergo</span> <span class='ocrx_word' id='word_1_16' title='bbox 947 356 1217 406; x_wconf 88' lang='lat' dir='ltr'>sententia</span> <span class='ocrx_word' id='word_1_17' title='bbox 1258 363 1497 423; x_wconf 87' lang='lat' dir='ltr'>potestas</span> <span class='ocrx_word' id='word_1_18' title='bbox 1539 354 1717 406; x_wconf 88' lang='lat' dir='ltr'>civilis</span> <span class='ocrx_word' id='word_1_19' title='bbox 1759 358 1938 407; x_wconf 88' lang='lat' dir='ltr'>matri-</span> 
     </span>
     <span class='ocr_line' id='line_1_4' title="bbox 82 442 1936 513; baseline 0 -19"><span class='ocrx_word' id='word_1_20' title='bbox 82 445 264 495; x_wconf 90' lang='lat' dir='ltr'>monia</span> <span class='ocrx_word' id='word_1_21' title='bbox 324 443 628 495; x_wconf 87' lang='lat' dir='ltr'>infidelium</span> <span class='ocrx_word' id='word_1_22' title='bbox 691 444 830 511; x_wconf 88' lang='lat' dir='ltr'>regit</span> <span class='ocrx_word' id='word_1_23' title='bbox 886 442 1117 512; x_wconf 87' lang='lat' dir='ltr'>ideoque</span> <span class='ocrx_word' id='word_1_24' title='bbox 1178 451 1414 493; x_wconf 88' lang='lat' dir='ltr'>statuere</span> <span class='ocrx_word' id='word_1_25' title='bbox 1476 452 1651 512; x_wconf 87' lang='lat' dir='ltr'>potest</span> <span class='ocrx_word' id='word_1_26' title='bbox 1710 445 1936 513; x_wconf 90' lang='lat' dir='ltr'>impedi-</span> 
     </span>
     <span class='ocr_line' id='line_1_5' title="bbox 81 531 1938 599; baseline 0.001 -16"><span class='ocrx_word' id='word_1_27' title='bbox 81 540 264 583; x_wconf 90' lang='lat' dir='ltr'>menta</span> <span class='ocrx_word' id='word_1_28' title='bbox 306 532 618 583; x_wconf 88' lang='lat' dir='ltr'>dirimentia</span> <span class='ocrx_word' id='word_1_29' title='bbox 661 540 713 581; x_wconf 90' lang='lat' dir='ltr'>et</span> <span class='ocrx_word' id='word_1_30' title='bbox 753 531 1111 599; x_wconf 82' lang='lat' dir='ltr'>impedientia</span> <span class='ocrx_word' id='word_1_31' title='bbox 1153 549 1249 599; x_wconf 92' lang='lat' dir='ltr'>pro</span> <span class='ocrx_word' id='word_1_32' title='bbox 1293 532 1656 582; x_wconf 82' lang='lat' dir='ltr'>matrimoniis</span> <span class='ocrx_word' id='word_1_33' title='bbox 1700 531 1938 584; x_wconf 90' lang='lat' dir='ltr'>subdito-</span> 
     </span>
     <span class='ocr_line' id='line_1_6' title="bbox 78 619 1938 687; baseline 0 -16"><span class='ocrx_word' id='word_1_34' title='bbox 78 639 199 672; x_wconf 90' lang='lat' dir='ltr'>rum</span> <span class='ocrx_word' id='word_1_35' title='bbox 241 620 563 673; x_wconf 89' lang='lat' dir='ltr'>infidelium.</span> <span class='ocrx_word' id='word_1_36' title='bbox 642 619 822 670; x_wconf 91' lang='lat' dir='ltr'>Huius</span> <span class='ocrx_word' id='word_1_37' title='bbox 865 621 1166 670; x_wconf 86' lang='lat' dir='ltr'>sententiae</span> <span class='ocrx_word' id='word_1_38' title='bbox 1208 629 1532 687; x_wconf 88' lang='lat' dir='ltr'>argumenta</span> <span class='ocrx_word' id='word_1_39' title='bbox 1574 621 1643 672; x_wconf 88' lang='lat' dir='ltr'>ad</span> <span class='ocrx_word' id='word_1_40' title='bbox 1687 621 1822 672; x_wconf 87' lang='lat' dir='ltr'>haec</span> <span class='ocrx_word' id='word_1_41' title='bbox 1864 640 1938 671; x_wconf 89' lang='lat' dir='ltr'>re-</span> 
     </span>
     <span class='ocr_line' id='line_1_7' title="bbox 78 717 374 761; baseline -0.003 0"><span class='ocrx_word' id='word_1_42' title='bbox 78 717 374 761; x_wconf 87' lang='lat' dir='ltr'>vocantur:</span> 
     </span>
    </p>
   </div>
   <div class='ocr_carea' id='block_1_3' title="bbox 78 825 1943 1339">
    <p class='ocr_par' dir='ltr' id='par_1_3' title="bbox 78 825 1943 1339">
     <span class='ocr_line' id='line_1_8' title="bbox 230 825 1940 887; baseline 0 -10"><span class='ocrx_word' id='word_1_43' title='bbox 230 829 275 880; x_wconf 82' lang='lat'>1.</span> <span class='ocrx_word' id='word_1_44' title='bbox 331 827 743 878; x_wconf 77' lang='lat' dir='ltr'>Matrimonium</span> <span class='ocrx_word' id='word_1_45' title='bbox 799 825 1103 876; x_wconf 88' lang='lat' dir='ltr'>infidelium</span> <span class='ocrx_word' id='word_1_46' title='bbox 1159 836 1239 876; x_wconf 89' lang='lat' dir='ltr'>est</span> <span class='ocrx_word' id='word_1_47' title='bbox 1293 834 1603 877; x_wconf 87' lang='lat' dir='ltr'>contractus</span> <span class='ocrx_word' id='word_1_48' title='bbox 1646 827 1940 887; x_wconf 75' lang='lat' dir='ltr'>naturalis3</span> 
     </span>
     <span class='ocr_line' id='line_1_9' title="bbox 79 913 1941 985; baseline -0.001 -18"><span class='ocrx_word' id='word_1_49' title='bbox 79 918 230 985; x_wconf 87' lang='lat' dir='ltr'>atqui</span> <span class='ocrx_word' id='word_1_50' title='bbox 291 917 467 967; x_wconf 89' lang='lat' dir='ltr'>omnis</span> <span class='ocrx_word' id='word_1_51' title='bbox 534 922 847 966; x_wconf 89' lang='lat' dir='ltr'>contractus</span> <span class='ocrx_word' id='word_1_52' title='bbox 914 913 1180 965; x_wconf 90' lang='lat' dir='ltr'>naturalis</span> <span class='ocrx_word' id='word_1_53' title='bbox 1245 922 1460 983; x_wconf 89' lang='lat' dir='ltr'>praeter</span> <span class='ocrx_word' id='word_1_54' title='bbox 1523 932 1741 966; x_wconf 89' lang='lat' dir='ltr'>normas</span> <span class='ocrx_word' id='word_1_55' title='bbox 1807 917 1941 966; x_wconf 89' lang='lat' dir='ltr'>iuris</span> 
     </span>
     <span class='ocr_line' id='line_1_10' title="bbox 80 1002 1941 1072; baseline -0.001 -17"><span class='ocrx_word' id='word_1_56' title='bbox 80 1003 342 1055; x_wconf 89' lang='lat' dir='ltr'>naturalis</span> <span class='ocrx_word' id='word_1_57' title='bbox 398 1012 450 1054; x_wconf 93' lang='lat' dir='ltr'>et</span> <span class='ocrx_word' id='word_1_58' title='bbox 500 1002 675 1054; x_wconf 89' lang='lat' dir='ltr'>divini</span> <span class='ocrx_word' id='word_1_59' title='bbox 725 1004 931 1070; x_wconf 86' lang='lat' dir='ltr'>regitur</span> <span class='ocrx_word' id='word_1_60' title='bbox 980 1002 1193 1072; x_wconf 87' lang='lat' dir='ltr'>legibus</span> <span class='ocrx_word' id='word_1_61' title='bbox 1235 1004 1519 1071; x_wconf 86' lang='lat' dir='ltr'>potestatis</span> <span class='ocrx_word' id='word_1_62' title='bbox 1562 1003 1767 1065; x_wconf 81' lang='lat' dir='ltr'>civilis:</span> <span class='ocrx_word' id='word_1_63' title='bbox 1815 1021 1941 1071; x_wconf 89' lang='lat' dir='ltr'>ergo</span> 
     </span>
     <span class='ocr_line' id='line_1_11' title="bbox 79 1091 1940 1161; baseline -0.001 -18"><span class='ocrx_word' id='word_1_64' title='bbox 79 1093 489 1144; x_wconf 83' lang='lat' dir='ltr'>matrimonium</span> <span class='ocrx_word' id='word_1_65' title='bbox 545 1091 848 1143; x_wconf 86' lang='lat' dir='ltr'>infidelium</span> <span class='ocrx_word' id='word_1_66' title='bbox 907 1093 1113 1160; x_wconf 88' lang='lat' dir='ltr'>regitur</span> <span class='ocrx_word' id='word_1_67' title='bbox 1165 1091 1379 1158; x_wconf 87' lang='lat' dir='ltr'>legibus</span> <span class='ocrx_word' id='word_1_68' title='bbox 1421 1093 1704 1161; x_wconf 86' lang='lat' dir='ltr'>potestatis</span> <span class='ocrx_word' id='word_1_69' title='bbox 1746 1092 1940 1157; x_wconf 88' lang='lat' dir='ltr'>civilis,</span> 
     </span>
     <span class='ocr_line' id='line_1_12' title="bbox 79 1180 1943 1250; baseline 0 -18"><span class='ocrx_word' id='word_1_70' title='bbox 79 1199 187 1232; x_wconf 88' lang='lat' dir='ltr'>non</span> <span class='ocrx_word' id='word_1_71' title='bbox 245 1180 466 1250; x_wconf 91' lang='lat' dir='ltr'>quidem</span> <span class='ocrx_word' id='word_1_72' title='bbox 521 1183 637 1232; x_wconf 88' lang='lat' dir='ltr'>iure</span> <span class='ocrx_word' id='word_1_73' title='bbox 691 1182 937 1250; x_wconf 80' lang='lat' dir='ltr'>proprio,</span> <span class='ocrx_word' id='word_1_74' title='bbox 993 1180 1086 1232; x_wconf 88' lang='lat' dir='ltr'>sed</span> <span class='ocrx_word' id='word_1_75' title='bbox 1140 1182 1256 1231; x_wconf 90' lang='lat' dir='ltr'>iure</span> <span class='ocrx_word' id='word_1_76' title='bbox 1307 1181 1584 1247; x_wconf 86' lang='lat' dir='ltr'>translato,</span> <span class='ocrx_word' id='word_1_77' title='bbox 1640 1181 1798 1233; x_wconf 91' lang='lat' dir='ltr'>modo</span> <span class='ocrx_word' id='word_1_78' title='bbox 1840 1181 1943 1232; x_wconf 86' lang='lat' dir='ltr'>hae</span> 
     </span>
     <span class='ocr_line' id='line_1_13' title="bbox 78 1268 1845 1339; baseline 0.001 -18"><span class='ocrx_word' id='word_1_79' title='bbox 78 1269 223 1339; x_wconf 87' lang='lat' dir='ltr'>leges</span> <span class='ocrx_word' id='word_1_80' title='bbox 264 1288 374 1321; x_wconf 90' lang='lat' dir='ltr'>non</span> <span class='ocrx_word' id='word_1_81' title='bbox 415 1270 778 1321; x_wconf 83' lang='lat' dir='ltr'>adversentur</span> <span class='ocrx_word' id='word_1_82' title='bbox 817 1268 1031 1337; x_wconf 88' lang='lat' dir='ltr'>legibus</span> <span class='ocrx_word' id='word_1_83' title='bbox 1073 1271 1206 1320; x_wconf 91' lang='lat' dir='ltr'>iuris</span> <span class='ocrx_word' id='word_1_84' title='bbox 1249 1270 1515 1321; x_wconf 85' lang='lat' dir='ltr'>naturalis</span> <span class='ocrx_word' id='word_1_85' title='bbox 1558 1278 1610 1321; x_wconf 91' lang='lat' dir='ltr'>et</span> <span class='ocrx_word' id='word_1_86' title='bbox 1652 1270 1845 1323; x_wconf 90' lang='lat' dir='ltr'>divini.</span> 
     </span>
    </p>
   </div>
   <div class='ocr_carea' id='block_1_4' title="bbox 75 1380 1947 1738">
    <p class='ocr_par' dir='ltr' id='par_1_4' title="bbox 75 1380 1947 1738">
     <span class='ocr_line' id='line_1_14' title="bbox 226 1380 1941 1442; baseline -0.001 -11"><span class='ocrx_word' id='word_1_87' title='bbox 226 1388 567 1431; x_wconf 77' lang='lat' dir='ltr'>Matrimonium</span> <span class='ocrx_word' id='word_1_88' title='bbox 602 1394 671 1432; x_wconf 87' lang='lat' dir='ltr'>est</span> <span class='ocrx_word' id='word_1_89' title='bbox 704 1388 884 1442; x_wconf 88' lang='lat' dir='ltr'>quidem</span> <span class='ocrx_word' id='word_1_90' title='bbox 919 1392 1176 1431; x_wconf 88' lang='lat' dir='ltr'>contractus</span> <span class='ocrx_word' id='word_1_91' title='bbox 1208 1388 1447 1442; x_wconf 85' lang='lat' dir='ltr'>naturalis,</span> <span class='ocrx_word' id='word_1_92' title='bbox 1497 1389 1572 1431; x_wconf 81' lang='lat' dir='ltr'>sed</span> <span class='ocrx_word' id='word_1_93' title='bbox 1621 1380 1756 1431; x_wconf 86' lang='lat' dir='ltr'>simul</span> <span class='ocrx_word' id='word_1_94' title='bbox 1805 1388 1941 1431; x_wconf 88' lang='lat' dir='ltr'>etiam</span> 
     </span>
     <span class='ocr_line' id='line_1_15' title="bbox 75 1462 1946 1517; baseline -0.001 -12"><span class='ocrx_word' id='word_1_95' title='bbox 75 1463 315 1517; x_wconf 78' lang='lat' dir='ltr'>religiosus</span> <span class='ocrx_word' id='word_1_96' title='bbox 349 1468 395 1506; x_wconf 84' lang='lat' dir='ltr'>et</span> <span class='ocrx_word' id='word_1_97' title='bbox 428 1476 571 1515; x_wconf 73' lang='lat' dir='ltr'>sacer,</span> <span class='ocrx_word' id='word_1_98' title='bbox 622 1463 721 1505; x_wconf 85' lang='lat' dir='ltr'>ideo</span> <span class='ocrx_word' id='word_1_99' title='bbox 754 1467 958 1517; x_wconf 84' lang='lat' dir='ltr'>potestas</span> <span class='ocrx_word' id='word_1_100' title='bbox 991 1462 1138 1504; x_wconf 81' lang='lat' dir='ltr'>civilis</span> <span class='ocrx_word' id='word_1_101' title='bbox 1170 1462 1286 1505; x_wconf 89' lang='lat' dir='ltr'>illud</span> <span class='ocrx_word' id='word_1_102' title='bbox 1319 1476 1407 1504; x_wconf 89' lang='lat' dir='ltr'>non</span> <span class='ocrx_word' id='word_1_103' title='bbox 1450 1462 1570 1517; x_wconf 81' lang='lat' dir='ltr'>regit</span> <span class='ocrx_word' id='word_1_104' title='bbox 1613 1462 1708 1504; x_wconf 83' lang='lat' dir='ltr'>iure</span> <span class='ocrx_word' id='word_1_105' title='bbox 1751 1462 1946 1516; x_wconf 85' lang='lat' dir='ltr'>proprio,</span> 
     </span>
     <span class='ocr_line' id='line_1_16' title="bbox 79 1536 1947 1590; baseline -0.001 -11"><span class='ocrx_word' id='word_1_106' title='bbox 79 1537 154 1579; x_wconf 70' lang='lat' dir='ltr'>sed</span> <span class='ocrx_word' id='word_1_107' title='bbox 195 1537 292 1580; x_wconf 90' lang='lat' dir='ltr'>iure</span> <span class='ocrx_word' id='word_1_108' title='bbox 325 1537 561 1580; x_wconf 88' lang='lat' dir='ltr'>translato.</span> <span class='ocrx_word' id='word_1_109' title='bbox 625 1537 674 1579; x_wconf 90' lang='lat' dir='ltr'>In</span> <span class='ocrx_word' id='word_1_110' title='bbox 717 1537 931 1578; x_wconf 85' lang='lat' dir='ltr'>societate</span> <span class='ocrx_word' id='word_1_111' title='bbox 976 1536 1110 1590; x_wconf 89' lang='lat' dir='ltr'>enim,</span> <span class='ocrx_word' id='word_1_112' title='bbox 1158 1536 1205 1578; x_wconf 91' lang='lat' dir='ltr'>in</span> <span class='ocrx_word' id='word_1_113' title='bbox 1249 1549 1336 1590; x_wconf 90' lang='lat' dir='ltr'>qua</span> <span class='ocrx_word' id='word_1_114' title='bbox 1382 1549 1470 1578; x_wconf 90' lang='lat' dir='ltr'>non</span> <span class='ocrx_word' id='word_1_115' title='bbox 1515 1544 1583 1579; x_wconf 86' lang='lat' dir='ltr'>cst</span> <span class='ocrx_word' id='word_1_116' title='bbox 1630 1536 1878 1578; x_wconf 82' lang='lat' dir='ltr'>auctoritas</span> <span class='ocrx_word' id='word_1_117' title='bbox 1921 1549 1947 1578; x_wconf 87' lang='lat' dir='ltr'>a</span> 
     </span>
     <span class='ocr_line' id='line_1_17' title="bbox 77 1609 1946 1665; baseline -0.001 -12"><span class='ocrx_word' id='word_1_118' title='bbox 77 1611 200 1654; x_wconf 86' lang='lat' dir='ltr'>civili</span> <span class='ocrx_word' id='word_1_119' title='bbox 243 1611 474 1665; x_wconf 84' lang='lat' dir='ltr'>distincta,</span> <span class='ocrx_word' id='word_1_120' title='bbox 522 1623 634 1664; x_wconf 86' lang='lat' dir='ltr'>quae</span> <span class='ocrx_word' id='word_1_121' title='bbox 681 1616 811 1664; x_wconf 85' lang='lat' dir='ltr'>regat</span> <span class='ocrx_word' id='word_1_122' title='bbox 860 1622 928 1652; x_wconf 88' lang='lat' dir='ltr'>res</span> <span class='ocrx_word' id='word_1_123' title='bbox 975 1610 1227 1664; x_wconf 82' lang='lat' dir='ltr'>religiosas,</span> <span class='ocrx_word' id='word_1_124' title='bbox 1274 1610 1518 1664; x_wconf 85' lang='lat' dir='ltr'>potestatis</span> <span class='ocrx_word' id='word_1_125' title='bbox 1553 1609 1699 1652; x_wconf 80' lang='lat' dir='ltr'>civilis</span> <span class='ocrx_word' id='word_1_126' title='bbox 1747 1615 1829 1661; x_wconf 87' lang='lat' dir='ltr'>est,</span> <span class='ocrx_word' id='word_1_127' title='bbox 1877 1622 1946 1652; x_wconf 86' lang='lat' dir='ltr'>res</span> 
     </span>
     <span class='ocr_line' id='line_1_18' title="bbox 78 1683 1943 1738; baseline -0.001 -11"><span class='ocrx_word' id='word_1_128' title='bbox 78 1698 225 1727; x_wconf 84' lang='lat' dir='ltr'>sacras</span> <span class='ocrx_word' id='word_1_129' title='bbox 249 1684 469 1738; x_wconf 87' lang='lat' dir='ltr'>ordinare,</span> <span class='ocrx_word' id='word_1_130' title='bbox 501 1698 590 1727; x_wconf 87' lang='lat' dir='ltr'>non</span> <span class='ocrx_word' id='word_1_131' title='bbox 613 1690 665 1727; x_wconf 89' lang='lat' dir='ltr'>ut</span> <span class='ocrx_word' id='word_1_132' title='bbox 690 1691 757 1726; x_wconf 84' lang='lat' dir='ltr'>est</span> <span class='ocrx_word' id='word_1_133' title='bbox 776 1683 977 1738; x_wconf 82' lang='lat' dir='ltr'>poIitica,</span> <span class='ocrx_word' id='word_1_134' title='bbox 1011 1684 1087 1726; x_wconf 83' lang='lat' dir='ltr'>sed</span> <span class='ocrx_word' id='word_1_135' title='bbox 1106 1690 1157 1726; x_wconf 90' lang='lat' dir='ltr'>ut</span> <span class='ocrx_word' id='word_1_136' title='bbox 1188 1689 1257 1727; x_wconf 86' lang='lat' dir='ltr'>est</span> <span class='ocrx_word' id='word_1_137' title='bbox 1283 1684 1418 1726; x_wconf 87' lang='lat' dir='ltr'>simul</span> <span class='ocrx_word' id='word_1_138' title='bbox 1437 1684 1663 1738; x_wconf 85' lang='lat' dir='ltr'>religiosa.</span> <span class='ocrx_word' id='word_1_139' title='bbox 1727 1684 1838 1726; x_wconf 85' lang='lat' dir='ltr'>Inde</span> <span class='ocrx_word' id='word_1_140' title='bbox 1861 1689 1943 1737; x_wconf 88' lang='lat' dir='ltr'>est,</span> 
     </span>
    </p>
   </div>
   <div class='ocr_carea' id='block_1_5' title="bbox 78 1757 1949 1888">
    <p class='ocr_par' dir='ltr' id='par_1_5' title="bbox 78 1757 1949 1888">
     <span class='ocr_line' id='line_1_19' title="bbox 78 1757 1949 1813; baseline -0.001 -11"><span class='ocrx_word' id='word_1_141' title='bbox 78 1759 195 1813; x_wconf 84' lang='lat' dir='ltr'>quod</span> <span class='ocrx_word' id='word_1_142' title='bbox 240 1758 378 1801; x_wconf 90' lang='lat' dir='ltr'>etiam</span> <span class='ocrx_word' id='word_1_143' title='bbox 428 1759 734 1802; x_wconf 88' lang='lat' dir='ltr'>iuramentum</span> <span class='ocrx_word' id='word_1_144' title='bbox 785 1767 830 1803; x_wconf 89' lang='lat' dir='ltr'>et</span> <span class='ocrx_word' id='word_1_145' title='bbox 878 1759 1149 1803; x_wconf 87' lang='lat' dir='ltr'>sacrificium</span> <span class='ocrx_word' id='word_1_146' title='bbox 1197 1759 1244 1801; x_wconf 91' lang='lat' dir='ltr'>in</span> <span class='ocrx_word' id='word_1_147' title='bbox 1287 1758 1504 1801; x_wconf 87' lang='lat' dir='ltr'>eiusmodi</span> <span class='ocrx_word' id='word_1_148' title='bbox 1555 1757 1848 1801; x_wconf 79' lang='lat' dir='ltr'>societatibus</span> <span class='ocrx_word' id='word_1_149' title='bbox 1891 1757 1949 1800; x_wconf 85' lang='lat' dir='ltr'>ab</span> 
     </span>
     <span class='ocr_line' id='line_1_20' title="bbox 80 1832 778 1888; baseline 0 -13"><span class='ocrx_word' id='word_1_150' title='bbox 80 1833 358 1876; x_wconf 85' lang='lat' dir='ltr'>anctoritate</span> <span class='ocrx_word' id='word_1_151' title='bbox 390 1832 514 1876; x_wconf 89' lang='lat' dir='ltr'>civili</span> <span class='ocrx_word' id='word_1_152' title='bbox 547 1839 778 1888; x_wconf 82' lang='lat' dir='ltr'>regantur.</span> 
     </span>
    </p>
   </div>
   <div class='ocr_carea' id='block_1_6' title="bbox 78 1935 1950 2628">
    <p class='ocr_par' dir='ltr' id='par_1_6' title="bbox 78 1935 1950 2628">
     <span class='ocr_line' id='line_1_21' title="bbox 229 1935 1946 1990; baseline -0.002 -2"><span class='ocrx_word' id='word_1_153' title='bbox 229 1938 277 1990; x_wconf 75' lang='lat'>2.</span> <span class='ocrx_word' id='word_1_154' title='bbox 331 1938 555 1988; x_wconf 87' lang='lat' dir='ltr'>Praeter</span> <span class='ocrx_word' id='word_1_155' title='bbox 604 1955 823 1989; x_wconf 88' lang='lat' dir='ltr'>normas</span> <span class='ocrx_word' id='word_1_156' title='bbox 873 1939 1006 1988; x_wconf 89' lang='lat' dir='ltr'>iuris</span> <span class='ocrx_word' id='word_1_157' title='bbox 1049 1935 1314 1987; x_wconf 88' lang='lat' dir='ltr'>naturalis</span> <span class='ocrx_word' id='word_1_158' title='bbox 1357 1947 1408 1986; x_wconf 92' lang='lat' dir='ltr'>et</span> <span class='ocrx_word' id='word_1_159' title='bbox 1451 1936 1628 1987; x_wconf 89' lang='lat' dir='ltr'>divini</span> <span class='ocrx_word' id='word_1_160' title='bbox 1672 1937 1946 1986; x_wconf 89' lang='lat' dir='ltr'>matrimo-</span> 
     </span>
     <span class='ocr_line' id='line_1_22' title="bbox 79 2025 1942 2095; baseline -0.001 -18"><span class='ocrx_word' id='word_1_161' title='bbox 79 2028 233 2077; x_wconf 90' lang='lat' dir='ltr'>nium</span> <span class='ocrx_word' id='word_1_162' title='bbox 276 2025 582 2095; x_wconf 81' lang='lat' dir='ltr'>complures</span> <span class='ocrx_word' id='word_1_163' title='bbox 623 2025 770 2094; x_wconf 89' lang='lat' dir='ltr'>leges</span> <span class='ocrx_word' id='word_1_164' title='bbox 812 2027 1077 2095; x_wconf 85' lang='lat' dir='ltr'>positivas</span> <span class='ocrx_word' id='word_1_165' title='bbox 1120 2027 1396 2094; x_wconf 76' lang='lat' dir='ltr'>exposcit:</span> <span class='ocrx_word' id='word_1_166' title='bbox 1456 2026 1745 2075; x_wconf 90' lang='lat' dir='ltr'>innumera</span> <span class='ocrx_word' id='word_1_167' title='bbox 1800 2026 1942 2075; x_wconf 89' lang='lat' dir='ltr'>enim</span> 
     </span>
     <span class='ocr_line' id='line_1_23' title="bbox 80 2113 1950 2184; baseline -0.001 -18"><span class='ocrx_word' id='word_1_168' title='bbox 80 2124 436 2184; x_wconf 88' lang='lat' dir='ltr'>sequerentur</span> <span class='ocrx_word' id='word_1_169' title='bbox 477 2116 943 2177; x_wconf 82' lang='lat' dir='ltr'>inconvenientia,</span> <span class='ocrx_word' id='word_1_170' title='bbox 998 2116 1042 2166; x_wconf 92' lang='lat' dir='ltr'>si</span> <span class='ocrx_word' id='word_1_171' title='bbox 1083 2115 1434 2166; x_wconf 87' lang='lat' dir='ltr'>matrimonia</span> <span class='ocrx_word' id='word_1_172' title='bbox 1476 2113 1780 2165; x_wconf 89' lang='lat' dir='ltr'>infidelium</span> <span class='ocrx_word' id='word_1_173' title='bbox 1823 2113 1950 2164; x_wconf 91' lang='lat' dir='ltr'>solis</span> 
     </span>
     <span class='ocr_line' id='line_1_24' title="bbox 78 2201 1947 2273; baseline -0.002 -18"><span class='ocrx_word' id='word_1_174' title='bbox 78 2204 293 2273; x_wconf 90' lang='lat' dir='ltr'>legibus</span> <span class='ocrx_word' id='word_1_175' title='bbox 335 2206 468 2255; x_wconf 91' lang='lat' dir='ltr'>iuris</span> <span class='ocrx_word' id='word_1_176' title='bbox 508 2204 775 2256; x_wconf 87' lang='lat' dir='ltr'>naturalis</span> <span class='ocrx_word' id='word_1_177' title='bbox 830 2213 882 2255; x_wconf 90' lang='lat' dir='ltr'>et</span> <span class='ocrx_word' id='word_1_178' title='bbox 932 2204 1111 2255; x_wconf 91' lang='lat' dir='ltr'>divini</span> <span class='ocrx_word' id='word_1_179' title='bbox 1167 2211 1515 2271; x_wconf 79' lang='lat' dir='ltr'>regerentur3</span> <span class='ocrx_word' id='word_1_180' title='bbox 1575 2220 1700 2270; x_wconf 88' lang='lat' dir='ltr'>ergo</span> <span class='ocrx_word' id='word_1_181' title='bbox 1758 2201 1947 2252; x_wconf 91' lang='lat' dir='ltr'>adesse</span> 
     </span>
     <span class='ocr_line' id='line_1_25' title="bbox 81 2290 1949 2363; baseline -0.001 -19"><span class='ocrx_word' id='word_1_182' title='bbox 81 2292 244 2345; x_wconf 88' lang='lat' dir='ltr'>debet</span> <span class='ocrx_word' id='word_1_183' title='bbox 285 2295 597 2359; x_wconf 87' lang='lat' dir='ltr'>auctoritas,</span> <span class='ocrx_word' id='word_1_184' title='bbox 654 2312 793 2363; x_wconf 87' lang='lat' dir='ltr'>quae</span> <span class='ocrx_word' id='word_1_185' title='bbox 852 2296 997 2344; x_wconf 90' lang='lat' dir='ltr'>circa</span> <span class='ocrx_word' id='word_1_186' title='bbox 1054 2293 1404 2343; x_wconf 84' lang='lat' dir='ltr'>matrimonia</span> <span class='ocrx_word' id='word_1_187' title='bbox 1453 2291 1760 2342; x_wconf 87' lang='lat' dir='ltr'>infidelium</span> <span class='ocrx_word' id='word_1_188' title='bbox 1802 2290 1949 2358; x_wconf 89' lang='lat' dir='ltr'>leges</span> 
     </span>
     <span class='ocr_line' id='line_1_26' title="bbox 82 2379 1946 2452; baseline -0.002 -18"><span class='ocrx_word' id='word_1_189' title='bbox 82 2382 312 2449; x_wconf 75' lang='lat' dir='ltr'>condat3</span> <span class='ocrx_word' id='word_1_190' title='bbox 371 2384 523 2452; x_wconf 89' lang='lat' dir='ltr'>atqui</span> <span class='ocrx_word' id='word_1_191' title='bbox 577 2391 794 2452; x_wconf 86' lang='lat' dir='ltr'>praeter</span> <span class='ocrx_word' id='word_1_192' title='bbox 849 2383 1232 2433; x_wconf 89' lang='lat' dir='ltr'>auctoritatem</span> <span class='ocrx_word' id='word_1_193' title='bbox 1286 2380 1506 2432; x_wconf 90' lang='lat' dir='ltr'>civilem</span> <span class='ocrx_word' id='word_1_194' title='bbox 1550 2398 1659 2431; x_wconf 92' lang='lat' dir='ltr'>non</span> <span class='ocrx_word' id='word_1_195' title='bbox 1702 2387 1781 2430; x_wconf 89' lang='lat' dir='ltr'>est</span> <span class='ocrx_word' id='word_1_196' title='bbox 1822 2379 1946 2441; x_wconf 86' lang='lat' dir='ltr'>alia,</span> 
     </span>
     <span class='ocr_line' id='line_1_27' title="bbox 81 2467 1949 2542; baseline -0.002 -19"><span class='ocrx_word' id='word_1_197' title='bbox 81 2491 222 2542; x_wconf 90' lang='lat' dir='ltr'>quae</span> <span class='ocrx_word' id='word_1_198' title='bbox 265 2472 535 2523; x_wconf 87' lang='lat' dir='ltr'>eiusmodi</span> <span class='ocrx_word' id='word_1_199' title='bbox 575 2470 723 2540; x_wconf 88' lang='lat' dir='ltr'>leges</span> <span class='ocrx_word' id='word_1_200' title='bbox 765 2471 999 2522; x_wconf 89' lang='lat' dir='ltr'>condere</span> <span class='ocrx_word' id='word_1_201' title='bbox 1041 2472 1234 2540; x_wconf 67' lang='lat' dir='ltr'>possitg</span> <span class='ocrx_word' id='word_1_202' title='bbox 1280 2487 1405 2537; x_wconf 90' lang='lat' dir='ltr'>ergo</span> <span class='ocrx_word' id='word_1_203' title='bbox 1444 2473 1740 2520; x_wconf 81' lang='lat' dir='ltr'>auctoritas</span> <span class='ocrx_word' id='word_1_204' title='bbox 1768 2467 1949 2520; x_wconf 89' lang='lat' dir='ltr'>civilis</span> 
     </span>
     <span class='ocr_line' id='line_1_28' title="bbox 82 2558 1563 2628; baseline -0.001 -16"><span class='ocrx_word' id='word_1_205' title='bbox 82 2563 199 2612; x_wconf 90' lang='lat' dir='ltr'>iure</span> <span class='ocrx_word' id='word_1_206' title='bbox 240 2560 389 2628; x_wconf 85' lang='lat' dir='ltr'>leges</span> <span class='ocrx_word' id='word_1_207' title='bbox 432 2562 621 2612; x_wconf 86' lang='lat' dir='ltr'>statuit</span> <span class='ocrx_word' id='word_1_208' title='bbox 662 2562 807 2613; x_wconf 86' lang='lat' dir='ltr'>circa</span> <span class='ocrx_word' id='word_1_209' title='bbox 847 2561 1199 2612; x_wconf 89' lang='lat' dir='ltr'>matrimonia</span> <span class='ocrx_word' id='word_1_210' title='bbox 1241 2558 1563 2611; x_wconf 87' lang='lat' dir='ltr'>infidelium.</span> 
     </span>
    </p>
   </div>
   <div class='ocr_carea' id='block_1_7' title="bbox 83 2674 1950 3280">
    <p class='ocr_par' dir='ltr' id='par_1_7' title="bbox 83 2674 1950 3280">
     <span class='ocr_line' id='line_1_29' title="bbox 232 2674 1944 2744; baseline -0.003 -14"><span class='ocrx_word' id='word_1_211' title='bbox 232 2680 281 2730; x_wconf 78' lang='lat'>3.</span> <span class='ocrx_word' id='word_1_212' title='bbox 323 2679 695 2731; x_wconf 86' lang='lat' dir='ltr'>Praeferenda</span> <span class='ocrx_word' id='word_1_213' title='bbox 736 2688 814 2731; x_wconf 89' lang='lat' dir='ltr'>est</span> <span class='ocrx_word' id='word_1_214' title='bbox 856 2679 1142 2743; x_wconf 84' lang='lat' dir='ltr'>sententia,</span> <span class='ocrx_word' id='word_1_215' title='bbox 1200 2678 1286 2728; x_wconf 92' lang='lat' dir='ltr'>cui</span> <span class='ocrx_word' id='word_1_216' title='bbox 1341 2677 1491 2728; x_wconf 87' lang='lat' dir='ltr'>favet</span> <span class='ocrx_word' id='word_1_217' title='bbox 1545 2677 1734 2744; x_wconf 81' lang='lat' dir='ltr'>praxis</span> <span class='ocrx_word' id='word_1_218' title='bbox 1782 2674 1944 2725; x_wconf 91' lang='lat' dir='ltr'>eccle-</span> 
     </span>
     <span class='ocr_line' id='line_1_30' title="bbox 83 2764 1947 2838; baseline -0.003 -19"><span class='ocrx_word' id='word_1_219' title='bbox 83 2770 222 2833; x_wconf 69' lang='lat' dir='ltr'>siae,</span> <span class='ocrx_word' id='word_1_220' title='bbox 295 2770 447 2838; x_wconf 90' lang='lat' dir='ltr'>atqui</span> <span class='ocrx_word' id='word_1_221' title='bbox 509 2770 696 2836; x_wconf 85' lang='lat' dir='ltr'>praxis</span> <span class='ocrx_word' id='word_1_222' title='bbox 758 2767 1021 2819; x_wconf 87' lang='lat' dir='ltr'>ecclesiae</span> <span class='ocrx_word' id='word_1_223' title='bbox 1088 2767 1238 2818; x_wconf 85' lang='lat' dir='ltr'>favet</span> <span class='ocrx_word' id='word_1_224' title='bbox 1293 2766 1594 2817; x_wconf 85' lang='lat' dir='ltr'>sententiae</span> <span class='ocrx_word' id='word_1_225' title='bbox 1650 2764 1947 2815; x_wconf 87' lang='lat' dir='ltr'>affirmanti</span> 
     </span>
     <span class='ocr_line' id='line_1_31' title="bbox 84 2854 1949 2908; baseline -0.003 0"><span class='ocrx_word' id='word_1_226' title='bbox 84 2857 435 2908; x_wconf 85' lang='lat' dir='ltr'>matrimonia</span> <span class='ocrx_word' id='word_1_227' title='bbox 503 2856 814 2908; x_wconf 89' lang='lat' dir='ltr'>infidelium</span> <span class='ocrx_word' id='word_1_228' title='bbox 883 2855 1108 2907; x_wconf 89' lang='lat' dir='ltr'>subesse</span> <span class='ocrx_word' id='word_1_229' title='bbox 1174 2854 1541 2906; x_wconf 88' lang='lat' dir='ltr'>iurisdictioni</span> <span class='ocrx_word' id='word_1_230' title='bbox 1608 2855 1949 2905; x_wconf 87' lang='lat' dir='ltr'>auctoritatis</span> 
     </span>
     <span class='ocr_line' id='line_1_32' title="bbox 85 2941 1950 3011; baseline -0.002 -16"><span class='ocrx_word' id='word_1_231' title='bbox 85 2945 294 2996; x_wconf 90' lang='lat' dir='ltr'>civilis:</span> <span class='ocrx_word' id='word_1_232' title='bbox 339 2947 438 2997; x_wconf 92' lang='lat' dir='ltr'>etsi</span> <span class='ocrx_word' id='word_1_233' title='bbox 482 2947 628 2995; x_wconf 91' lang='lat' dir='ltr'>enim</span> <span class='ocrx_word' id='word_1_234' title='bbox 671 2944 901 2996; x_wconf 85' lang='lat' dir='ltr'>ecclesia</span> <span class='ocrx_word' id='word_1_235' title='bbox 941 2952 1181 2995; x_wconf 89' lang='lat' dir='ltr'>mentem</span> <span class='ocrx_word' id='word_1_236' title='bbox 1224 2961 1378 2994; x_wconf 89' lang='lat' dir='ltr'>suam</span> <span class='ocrx_word' id='word_1_237' title='bbox 1423 2944 1568 2993; x_wconf 87' lang='lat' dir='ltr'>circa</span> <span class='ocrx_word' id='word_1_238' title='bbox 1610 2941 1753 2993; x_wconf 91' lang='lat' dir='ltr'>hanc</span> <span class='ocrx_word' id='word_1_239' title='bbox 1792 2960 1950 3011; x_wconf 88' lang='lat' dir='ltr'>quae-</span> 
     </span>
     <span class='ocr_line' id='line_1_33' title="bbox 84 3030 1950 3103; baseline -0.002 -18"><span class='ocrx_word' id='word_1_240' title='bbox 84 3036 316 3086; x_wconf 90' lang='lat' dir='ltr'>stionem</span> <span class='ocrx_word' id='word_1_241' title='bbox 371 3033 633 3103; x_wconf 88' lang='lat' dir='ltr'>explicite</span> <span class='ocrx_word' id='word_1_242' title='bbox 690 3051 800 3084; x_wconf 89' lang='lat' dir='ltr'>non</span> <span class='ocrx_word' id='word_1_243' title='bbox 856 3033 1307 3096; x_wconf 84' lang='lat' dir='ltr'>manifestaverit,</span> <span class='ocrx_word' id='word_1_244' title='bbox 1363 3050 1431 3082; x_wconf 90' lang='lat' dir='ltr'>ex</span> <span class='ocrx_word' id='word_1_245' title='bbox 1486 3030 1950 3082; x_wconf 88' lang='lat' dir='ltr'>declarationibus</span> 
     </span>
     <span class='ocr_line' id='line_1_34' title="bbox 83 3120 1948 3191; baseline -0.002 -17"><span class='ocrx_word' id='word_1_246' title='bbox 83 3133 267 3174; x_wconf 89' lang='lat' dir='ltr'>tamen</span> <span class='ocrx_word' id='word_1_247' title='bbox 328 3140 605 3174; x_wconf 87' lang='lat' dir='ltr'>sacrarum</span> <span class='ocrx_word' id='word_1_248' title='bbox 668 3126 1155 3191; x_wconf 81' lang='lat' dir='ltr'>congregationum</span> <span class='ocrx_word' id='word_1_249' title='bbox 1224 3120 1496 3189; x_wconf 85' lang='lat' dir='ltr'>colligitur</span> <span class='ocrx_word' id='word_1_250' title='bbox 1557 3139 1647 3172; x_wconf 90' lang='lat' dir='ltr'>eas</span> <span class='ocrx_word' id='word_1_251' title='bbox 1714 3139 1808 3189; x_wconf 87' lang='lat' dir='ltr'>pro</span> <span class='ocrx_word' id='word_1_252' title='bbox 1874 3121 1948 3170; x_wconf 88' lang='lat' dir='ltr'>in-</span> 
     </span>
     <span class='ocr_line' id='line_1_35' title="bbox 85 3208 1947 3280; baseline -0.002 -19"><span class='ocrx_word' id='word_1_253' title='bbox 85 3211 285 3263; x_wconf 87' lang='lat' dir='ltr'>validis</span> <span class='ocrx_word' id='word_1_254' title='bbox 341 3210 544 3262; x_wconf 89' lang='lat' dir='ltr'>habere</span> <span class='ocrx_word' id='word_1_255' title='bbox 598 3212 950 3262; x_wconf 89' lang='lat' dir='ltr'>matrimonia</span> <span class='ocrx_word' id='word_1_256' title='bbox 1003 3209 1330 3272; x_wconf 88' lang='lat' dir='ltr'>infidelium,</span> <span class='ocrx_word' id='word_1_257' title='bbox 1389 3209 1588 3280; x_wconf 88' lang='lat' dir='ltr'>quibus</span> <span class='ocrx_word' id='word_1_258' title='bbox 1638 3208 1817 3260; x_wconf 85' lang='lat' dir='ltr'>obstat</span> <span class='ocrx_word' id='word_1_259' title='bbox 1857 3209 1947 3258; x_wconf 93' lang='lat' dir='ltr'>im-</span> 
     </span>
    </p>
   </div>
   <div class='ocr_carea' id='block_1_8' title="bbox 86 3399 1949 3531">
    <p class='ocr_par' dir='ltr' id='par_1_8' title="bbox 86 3399 1949 3531">
     <span class='ocr_line' id='line_1_36' title="bbox 243 3399 1949 3457; baseline -0.003 -11"><span class='ocrx_word' id='word_1_260' title='bbox 243 3403 268 3457; x_wconf 76' lang='grc' dir='ltr'>ι&gt;</span> <span class='ocrx_word' id='word_1_261' title='bbox 299 3402 492 3446; x_wconf 75' lang='lat' dir='ltr'>Nomina</span> <span class='ocrx_word' id='word_1_262' title='bbox 525 3406 758 3445; x_wconf 84' lang='lat' dir='ltr'>auctorum</span> <span class='ocrx_word' id='word_1_263' title='bbox 793 3405 891 3444; x_wconf 88' lang='lat' dir='ltr'>tum</span> <span class='ocrx_word' id='word_1_264' title='bbox 924 3401 1173 3445; x_wconf 87' lang='lat' dir='ltr'>recentium</span> <span class='ocrx_word' id='word_1_265' title='bbox 1208 3405 1305 3445; x_wconf 86' lang='lat' dir='ltr'>tum</span> <span class='ocrx_word' id='word_1_266' title='bbox 1341 3400 1645 3455; x_wconf 84' lang='lat' dir='ltr'>antiquorum,</span> <span class='ocrx_word' id='word_1_267' title='bbox 1677 3399 1751 3454; x_wconf 91' lang='lat' dir='ltr'>qui</span> <span class='ocrx_word' id='word_1_268' title='bbox 1776 3403 1949 3441; x_wconf 87' lang='lat' dir='ltr'>senten-</span> 
     </span>
     <span class='ocr_line' id='line_1_37' title="bbox 86 3472 1945 3531; baseline -0.004 -11"><span class='ocrx_word' id='word_1_269' title='bbox 86 3476 199 3520; x_wconf 84' lang='lat' dir='ltr'>tiam</span> <span class='ocrx_word' id='word_1_270' title='bbox 233 3477 541 3520; x_wconf 79' lang='lat' dir='ltr'>affirmantem</span> <span class='ocrx_word' id='word_1_271' title='bbox 576 3480 747 3528; x_wconf 82' lang='lat' dir='ltr'>tenent,</span> <span class='ocrx_word' id='word_1_272' title='bbox 782 3475 964 3519; x_wconf 81' lang='lat' dir='ltr'>exhibet</span> <span class='ocrx_word' id='word_1_273' title='bbox 1000 3476 1229 3531; x_wconf 73' lang='lat' dir='ltr'>Gaslmrrz&#39;</span> <span class='ocrx_word' id='word_1_274' title='bbox 1258 3476 1292 3518; x_wconf 88' lang='lat' dir='ltr'>I.</span> <span class='ocrx_word' id='word_1_275' title='bbox 1326 3489 1369 3518; x_wconf 92' lang='lat' dir='ltr'>n.</span> <span class='ocrx_word' id='word_1_276' title='bbox 1404 3476 1512 3527; x_wconf 71' lang='lat'>2813</span> <span class='ocrx_word' id='word_1_277' title='bbox 1549 3474 1788 3517; x_wconf 57' lang='lat' dir='ltr'>Scleniteer</span> <span class='ocrx_word' id='word_1_278' title='bbox 1810 3486 1852 3527; x_wconf 87' lang='lat' dir='ltr'>p.</span> <span class='ocrx_word' id='word_1_279' title='bbox 1872 3472 1945 3514; x_wconf 77' lang='lat'>28.</span> 
     </span>
    </p>
   </div>
  </div>
 </body>
</html>
