2269 3898
800 138 866 180 De
899 141 1146 191 systemate
1180 140 1352 183 morali.
1926 145 2012 186 <233

151 281 294 323 posse,
326 272 381 312 ut
415 268 553 312 etiam
586 281 704 310 unus
757 277 915 311 auctor
963 271 1218 325 opinionem
1267 285 1369 315 vere
1416 273 1690 327 probabilem
1741 275 1927 318 reddat:
1978 277 2014 319 si

150 355 311 397 nempe
344 347 502 385 auctor
534 341 690 397 gravis
723 346 767 384 et
802 343 958 397 magni
990 345 1187 388 nominis
1221 347 1529 400 quaestionem
1573 348 1770 402 aliquam
1814 350 1928 392 serio
1972 356 2015 393 et

149 416 399 471 diligent-er
432 430 486 459 ex
520 417 718 471 professo
769 420 953 471 tractet,
1003 419 1276 461 sententiam
1326 434 1451 463 suam
1501 423 1716 476 gravibus
1762 424 2015 467 rationibus

148 492 401 544 confirmet,
437 504 546 544 quas
580 489 659 532 alii
692 503 780 532 non
814 491 1073 545 attulerint,
1107 496 1150 534 et
1185 493 1375 536 aliorum
1413 497 1660 539 contrarias
1695 498 1893 541 rationes
1927 501 2015 541 suf-

148 564 354 606 ficienter
402 564 562 618 solvat,
612 564 708 607 eius
759 565 1008 608 auctoritas
1057 567 1231 609 sufficit
1280 569 1336 610 ad
1385 569 1712 613 conciliandam
1762 573 2014 616 sententiae

148 651 300 680 veram
334 637 721 691 probabilitatem.
785 638 839 680 Id
872 639 1004 682 hodie
1053 653 1102 682 eo
1154 641 1373 684 fidentius
1422 644 1646 686 affirmari
1696 650 1860 700 potest,
1909 647 2014 701 quia

143 726 179 754 s.
215 712 340 754 sedes
373 724 579 766 expresse
615 712 863 755 declaravit
899 727 988 756 non
1022 727 1116 757 esse
1148 713 1498 768 inquietandum
1530 715 1887 773 {confessariuim
1937 720 2012 772 qui

146 785 354 839 sequitur
388 786 640 829 doctrinam
674 799 707 828 S.
741 787 964 840 Alphonsi
999 789 1142 830 solum
1176 793 1361 843 propter
1394 790 1489 832 eius
1523 792 1860 851 auctoritatem,
1905 794 2013 848 quin

140 860 342 903 rationes
376 859 471 902 eius
505 860 808 914 perpenderit.
1213 852 1217 853 ⁷

293 963 326 992 e.
363 948 737 1003 Quandoquidem
763 954 949 993 externa
972 950 1270 1005 probabilitas
1293 952 1600 996 essentialiter
1632 954 1679 996 in
1711 954 1891 998 interna
1914 959 2012 999 tun-

148 1023 297 1077 datur,
330 1036 419 1065 non
452 1023 559 1066 licet
592 1037 834 1078 provocare
868 1025 925 1067 ad
973 1024 1343 1079 probabilitatem
1394 1030 1640 1079 externam,
1691 1029 1867 1081 quando
1920 1043 2011 1072 sen-

143 1097 293 1140 tent-ia
324 1098 442 1140 falsa
475 1102 520 1140 et
569 1098 756 1152 proinde
803 1098 1025 1153 probabili
1076 1099 1253 1142 ratione
1306 1100 1531 1143 destituta
1578 1102 1877 1156 cognoscitur,
1926 1104 2011 1146 etsi

145 1171 301 1226 magni
334 1171 531 1214 nominis
566 1176 773 1216 auctores
798 1186 895 1215 eam
921 1173 1197 1216 sententiam
1223 1178 1424 1217 teneant.
1488 1175 1691 1218 Externa
1714 1177 2012 1230 probabilitas

142 1260 243 1289 cum
277 1246 553 1300 praecisione
586 1247 642 1290 ab
674 1247 856 1290 interna
889 1251 987 1289 tum
1023 1248 1167 1290 solum
1202 1248 1403 1291 invocari
1447 1253 1611 1304 potest,
1646 1251 1821 1303 quando
1855 1251 2012 1305 agitur

144 1321 197 1364 de
230 1334 276 1364 re
310 1321 496 1364 obscura
529 1325 573 1364 et
610 1322 966 1366 difficultatibus
999 1323 1213 1378 implexa,
1262 1338 1375 1378 quae
1407 1325 1462 1367 ab
1510 1326 1767 1369 auctoribus
1810 1328 2010 1370 nondum

140 1395 254 1438 satis
289 1396 519 1438 declarata
551 1400 632 1438 est.

299 1485 340 1527 d.
374 1485 443 1527 Ex
476 1484 547 1527 his
579 1485 670 1528 iam
706 1485 932 1538 sequitur:
970 1500 1010 1531 α.
1046 1487 1081 1528 si
1126 1487 1364 1541 theologus
1410 1488 1660 1531 sufficienti
1702 1490 1905 1534 doctrina
1949 1492 2010 1534 in-

146 1562 348 1601 structus
382 1558 656 1601 sententiam
693 1559 940 1613 diligenter
983 1563 1027 1602 et
1072 1560 1239 1614 absque
1278 1561 1538 1604 inordinato
1581 1564 1752 1606 affectu
1794 1566 2010 1619 expendit

143 1646 329 1687 eamque
362 1632 493 1687 gravi
527 1633 703 1690 ratione
736 1633 942 1676 innixam
994 1634 1306 1689 deprehendit,
1357 1648 1454 1678 eam
1498 1640 1549 1678 ut
1599 1636 1683 1679 sibi
1732 1638 2009 1692 probabilem

138 1707 263 1762 sequi
298 1710 470 1761 potest;
508 1708 548 1757 ‹3-
583 1708 714 1750 homo
747 1708 873 1751 rudis
908 1713 1028 1751 stare
1061 1714 1213 1763 potest
1247 1710 1504 1753 sententiae
1538 1712 1799 1754 confessarii
1834 1714 1903 1755 vel
1938 1728 2009 1768 pa-

140 1782 277 1836 rochi,
312 1795 442 1835 quem
477 1781 563 1824 scit
597 1795 692 1825 esse
735 1782 923 1836 probum
973 1787 1109 1837 atque
1158 1784 1450 1844 p1·udent·em;
1503 1798 1541 1835 γ.
1593 1787 1893 1830 confessarius
1938 1789 2009 1831 vel

144 1857 364 1911 parochus
398 1856 445 1898 in
479 1856 822 1910 quaestionibus
856 1858 1068 1912 practicis
1104 1858 1227 1912 sequi
1272 1863 1424 1912 potest
1470 1859 1793 1903 auctoritatem
1840 1862 2008 1904 theolo-

136 1943 298 1985 gorum
333 1930 641 1985 probatorum,
674 1931 813 1974 immo
848 1931 986 1974 etiam
1020 1932 1156 1975 unius
1189 1945 1291 1975 vere
1325 1933 1480 1987 gravis
1513 1937 1557 1976 et
1592 1934 1772 1988 probati
1799 1936 2011 1991 doctoris,

139 2005 406 2060 praesertim
440 2019 544 2048 vero
578 2019 609 2048 s.
646 2006 882 2060 Alphonsi.

290 2167 414 2222 213.
490 2169 953 2222 Demonstratur
1018 2170 1405 2237 principium.
1517 2176 1560 2225 1.
1636 2173 1723 2223 Eae
1785 2175 2006 2228 ratione.

141 2278 190 2310 α.
232 2257 350 2308 Lex
379 2257 549 2308 dubia
576 2276 683 2308 non
712 2258 949 2325 obligat3
995 2260 1147 2327 atqui
1187 2258 1293 2325 lex,
1337 2268 1525 2310 contra
1568 2279 1731 2329 quam
1773 2261 2012 2315 habetur

141 2365 272 2398 Vera
300 2355 351 2397 et
377 2347 553 2398 solida
582 2348 961 2417 probabilitas,
1007 2358 1086 2400 est
1114 2368 1244 2402 vere
1276 2350 1477 2410 dubia:
1519 2369 1646 2419 ergo
1682 2351 1787 2419 lex,
1818 2362 2007 2403 contra

139 2455 304 2506 quam
349 2435 581 2487 habetur
623 2455 755 2488 vera
797 2437 1173 2506 probabilitas,
1218 2456 1327 2490 non
1369 2439 1592 2509 obligat.

289 2541 378 2591 Ad
429 2542 693 2594 maiorem.
777 2540 962 2593 Solum
1021 2542 1111 2593 lex
1154 2544 1374 2611 cognita
1416 2543 1807 2614 obligationem
1853 2545 2007 2596 indu-

140 2647 262 2680 cere
303 2638 508 2698 potest:
567 2629 656 2681 lex
699 2632 846 2681 enim
891 2633 1082 2700 nequit
1122 2633 1442 2684 immediate
1484 2642 1536 2684 et
1576 2651 1672 2702 per
1714 2651 1769 2684 se
1811 2632 2006 2685 Volun-

139 2727 305 2770 tatem
361 2719 621 2786 obligare,
672 2720 764 2770 sed
819 2729 879 2771 ut
919 2721 1174 2772 voluntas
1219 2721 1462 2790 obligata
1503 2732 1739 2786 maneat,
1782 2723 1872 2774 lex
1913 2742 2010 2792 per

142 2809 509 2877 cognitionem
570 2811 618 2860 ei
680 2809 929 2860 exhiberi
989 2819 1042 2861 et
1097 2811 1361 2880 applicari
1418 2811 1606 2871 debet;
1663 2830 1789 2880 ergo
1833 2813 2008 2864 solum

139 2896 230 2948 lex
273 2898 491 2964 cognita
534 2898 874 2950 voluntatem
918 2898 1162 2968 obligare
1203 2909 1396 2969 potest,
1441 2901 1496 2951 id
1538 2902 1683 2970 quod
1710 2921 1748 2955 s,
1786 2904 2007 2953 Thomas

140 2985 227 3036 his
280 2985 465 3037 Verbis
519 2987 703 3038 docet:
766 2987 942 3039 nullus
1001 2989 1198 3058 Ziyatur
1251 3009 1355 3059 per
1403 2999 1739 3060 praeceptum
1792 2989 2034 3060 alz'quocls

138 3076 246 3126 nisi
287 3076 549 3127 mediante
590 3077 809 3128 scicntia
849 3077 998 3128 illius
1031 3078 1388 3148 praeceptil);
1429 3081 1580 3148 atqui
1624 3080 1886 3149 quamdiu
1932 3063 2017 3130 in-fs

139 3268 490 3323 improbabilem.
554 3269 688 3311 Falsa
720 3275 788 3312 est
821 3270 930 3312 haec
962 3269 1226 3324 propositio,
1272 3270 1376 3324 quia
1419 3272 1625 3313 affirmat
1669 3271 1726 3312 ad
1770 3269 2006 3324 probabili·

140 3347 286 3385 tatem
320 3341 544 3395 opinionis
578 3344 801 3398 sufficere,
833 3348 886 3386 ut
918 3358 943 3387 a
977 3345 1188 3387 moderno
1223 3349 1404 3387 auctore
1438 3344 1684 3400 probabilis
1719 3343 1896 3386 dicatur
1926 3357 2007 3387 nec

140 3415 197 3458 ab
229 3415 413 3459 ecclesia
446 3416 612 3459 reiecta
644 3417 799 3460 fuerit.

302 3490 335 3541 ¹)
363 3490 429 3532 De
463 3490 596 3533 verit.
631 3504 670 3545 q.
707 3492 775 3533 17.
809 3505 846 3535 a.
881 3492 920 3534 3.
