2269 3898
316 130 372 172 52
1029 123 1094 166 De
1127 121 1433 165 matrimonio.

937 356 1230 416 Articulus
1269 357 1498 415 tertius

803 496 881 534 De
915 493 1267 535 dissolutione
1299 494 1647 542 sponsalium.

434 644 525 699 53.
585 641 889 715 Quomodo
946 641 1099 695 solvi
1150 640 1407 708 possint.
1502 640 1794 710 Sponsalia
1855 648 1982 692 sunt
2044 658 2168 692 con-

289 742 495 786 tractus
550 741 745 801 suapte
801 739 998 783 natura
1041 729 1395 794 dissolubiliS,
1448 731 1653 800 quippe
1696 732 1853 782 cuius
1894 731 2167 800 perpetui-

286 832 454 875 tatem
510 840 611 872 nec
661 820 751 872 lex
795 820 990 872 divina
1044 828 1103 870 ut
1153 821 1210 870 in
1253 821 1604 871 matrimonio
1646 838 1749 871 nec
1789 819 1880 871 lex
1922 819 2171 872 humana

287 914 440 964 utin
492 911 829 980 professione
882 908 1139 976 religiosa
1197 910 1401 977 exigat.
1481 908 1709 978 Duplici
1762 918 1947 961 autem
2004 910 2170 961 modo

289 1000 566 1073 sponsalia
608 998 836 1051 dissolvi
880 1007 1126 1067 possunt,
1177 1005 1271 1048 aut
1310 999 1427 1067 'ipso
1469 999 1585 1050 iure
1626 1017 1696 1050 ex
1736 1007 1971 1069 utraque
2012 1007 2167 1069 parte

287 1102 381 1144 aut
417 1110 514 1161 per
554 1088 872 1141 voluntatem,
914 1090 1069 1140 unius
1103 1089 1303 1157 partiS,
1346 1089 1436 1138 cui
1479 1089 1623 1139 iusta
1664 1088 1961 1157 praebetur
2002 1107 2170 1140 causa

287 1179 584 1233 resiliendi.
665 1178 784 1229 Iam
843 1177 1179 1229 indicandae
1238 1185 1364 1229 sunt
1419 1196 1634 1245 causae,
1690 1197 1833 1248 quae
1881 1180 2000 1248 ipso
2051 1179 2170 1230 iure

287 1289 356 1323 ex
398 1278 628 1338 utraque
671 1277 824 1337 parte
867 1266 1146 1336 sponsalia
1196 1265 1434 1333 solvunt,
1492 1275 1547 1320 et
1597 1285 1813 1334 causae,
1873 1285 2014 1337 quae
2070 1269 2170 1319 uni

288 1362 429 1431 parti
471 1357 789 1410 facultatem
837 1356 1151 1408 concedunt
1192 1355 1470 1426 sponsalia
1510 1355 1882 1409 rescindendi.
1951 1356 2174 1408 Patebit

286 1461 398 1502 tam
453 1450 637 1500 varias
692 1465 808 1499 esse
861 1445 961 1498 has
1015 1465 1226 1511 causas,
1281 1454 1340 1497 ut
1393 1445 1566 1498 iudex
1623 1446 2031 1498 ecclesiasticus
2080 1446 2168 1498 vel
2241 1457 2249 1462 ’

290 1539 656 1592 confessarius
712 1554 833 1588 raro
890 1535 1285 1604 obligationem
1343 1535 1682 1605 sponsalium
1741 1553 1936 1604 urgere
1978 1536 2171 1605 possit.

403 1734 434 1789 ,ξ
465 1736 516 1778 1.
562 1733 796 1785 Causae,
829 1733 894 1775 ob
928 1739 1072 1787 quas
1102 1733 1403 1786 sponsalia
1433 1732 1557 1785 ipso
1592 1732 1720 1775 iure
1749 1733 2064 1774 solvuntur.

437 1853 727 1905 Existente
770 1868 951 1917 causa,
1003 1868 1143 1920 quae
1186 1849 1465 1919 sponsalia
1507 1850 1624 1918 ipso
1667 1849 1785 1900 iure
1828 1867 1896 1900 ex
1937 1857 2174 1919 utraque·

288 1953 442 2016 parte
485 1942 666 2007 solvit,
710 1940 930 2009 utrique
971 1941 1114 2009 parti
1157 1938 1481 1990 conceditur
1526 1937 1754 1990 libertas
1795 1937 1947 1990 aliud
1989 1939 2169 1990 matri-

288 2035 537 2087 monium
580 2031 828 2083 ineundi.
909 2028 1201 2080 Eiusmodi
1244 2046 1444 2080 causae
1487 2037 1722 2098 quatuor
1781 2036 2170 2080 numerantur:

288 2133 492 2176 mutuus
537 2139 831 2183 consensus,
875 2117 1300 2189 impedimentum
1339 2118 1729 2188 supervenienS,
1782 2117 1961 2169 electio
2003 2126 2176 2170 status

284 2211 635 2285 pewfeetioris,
680 2209 1007 2280 dispensatio
1051 2209 1237 2259 summi
1268 2208 1556 2278 pontificis.

436 2375 530 2431 54.
606 2375 847 2429 Mutuus
909 2387 1270 2442 consensus,
1348 2390 1454 2443 quo
1529 2373 1715 2442 sponsi
1775 2370 2171 2439 obligationem

290 2466 629 2539 sponsalium
672 2464 777 2516 sibi
818 2464 1097 2515 remittere
1139 2470 1386 2532 possunt,
1444 2463 1544 2513 etsi
1586 2462 1896 2513 iuramento
1938 2460 2173 2512 fuissent

289 2560 533 2611 firmata:
597 2555 776 2607 omnis
849 2555 998 2605 enim
1060 2559 1371 2604 contractus
1434 2560 1625 2603 mutuo
1692 2568 1964 2602 consensu
2031 2549 2171 2601 solvi

292 2655 482 2718 potest,
526 2647 669 2698 sicut
708 2651 899 2695 mutuo
943 2660 1215 2694 consensu
1257 2651 1406 2694 ortus
1447 2649 1543 2708 est,
1597 2641 1704 2693 nisi
1746 2642 1831 2692 ius
1872 2641 1989 2692 eius
2029 2658 2170 2691 reso-

276 2732 485 2789 lutioni
528 2736 772 2800 resistat3
823 2734 976 2803 atqui
1018 2731 1277 2784 solutioni
1321 2738 1636 2783 contractus
1678 2729 1986 2800 sponsalitii
2028 2731 2172 2782 inter

291 2826 524 2897 puberes
566 2826 652 2876 ius
693 2842 803 2876 non
844 2823 1117 2889 1·esistit¹).

439 2930 479 2958 α.
513 2915 609 2958 Hoc
640 2915 765 2958 valet
797 2913 935 2957 etiam
969 2912 1018 2956 in
1050 2925 1171 2967 casu,
1218 2925 1304 2966 quo
1346 2910 1498 2966 sponsi
1543 2914 1648 2965 post
1691 2909 1921 2966 sponsalia
1963 2909 2172 2964 copulam·

291 2990 516 3035 carnalem
550 2988 816 3032 habuerint:
852 3001 931 3043 per
964 2988 1171 3043 copulam
1206 2986 1325 3030 enim
1358 2986 1459 3041 ipsa
1493 2985 1723 3040 sponsalia
1767 2984 1983 3027 maiorem
2028 2983 2168 3026 firmi·

292 3070 434 3109 tatem
468 3077 558 3106 non
604 3062 860 3117 acquirunt.
923 3061 1053 3105 Aliae
1100 3066 1255 3104 tamen
1303 3059 1607 3116 obligationes
1654 3059 1913 3114 implendae
1961 3061 2083 3112 sunt,
2131 3057 2170 3101 si

289 3152 455 3195 sponsa
486 3139 615 3181 facta
648 3138 710 3180 sit
743 3137 949 3192 gravida.

442 3214 477 3255 b.
514 3211 599 3266 Qui
630 3211 938 3255 iuramentum
960 3206 1259 3266 'sponsalibus
1291 3209 1438 3264 addit,
1471 3222 1580 3264 erga
1625 3209 1770 3252 Deum
1805 3220 1851 3251 se
1891 3206 2068 3262 obligat
2110 3206 2168 3250 ad

294 3287 637 3332 matrimonium
672 3286 944 3340 promissum
979 3284 1364 3335 contrahendun1;
1399 3284 1521 3328 Deus
1554 3290 1708 3327 autem
1742 3280 2069 3337 obligationem
2103 3294 2168 3323 ae-

292 3367 444 3418 ceptat
478 3362 525 3405 in
559 3359 758 3417 gratiam
795 3359 905 3414 eius,
938 3359 1009 3402 cui
1042 3357 1386 3402 matrimonium
1420 3358 1693 3413 promissum
1727 3360 1817 3408 est3
1859 3355 1895 3399 si
1940 3368 2047 3410 ergo
2078 3353 2175 3397 iste-

448 3495 479 3550 1)
510 3496 555 3539 C.
590 3495 829 3541 Praeterea
862 3493 887 3535 ‘2
922 3494 994 3536 De
1026 3494 1223 3548 sponsal.
1259 3496 1303 3536 eff
1332 3492 1530 3538 matrim.
1564 3491 1656 3545 (IV.
1694 3492 1748 3546 1).
