2269 3898
732 138 799 182 De
829 142 995 181 natura
1025 137 1320 180 matrimonii.
1903 141 1954 181 11

99 270 176 314 sed
211 271 353 313 solum
387 272 672 314 voluntatem
707 270 1032 326 obligationem
1067 275 1321 325 susceptam
1355 270 1576 325 implendi
1622 271 1856 314 excludere
1896 272 1959 314 in-

97 345 308 387 tendunt.
374 344 524 398 Quods
576 346 658 388 hac
691 345 949 388 condicione
980 344 1126 398 ipsam
1161 343 1484 398 obligationem
1509 344 1596 387 rite
1619 345 1779 387 utendi
1803 346 1958 387 matri-

98 418 248 461 monio
282 419 516 462 excludere
547 419 810 473 intendunt,
857 418 1059 461 invalide
1107 418 1401 460 contrahunt:
1447 419 1503 461 ad
1553 419 1792 461 essentiale
1840 419 1956 461 enim

99 492 321 535 obiectum
371 496 629 535 contractus
676 491 1028 534 matrimonialis
1075 491 1275 545 pertinet
1323 491 1542 546 obligatio
1592 498 1823 546 perpetua,
1871 506 1960 535 non

99 567 242 609 solum
277 570 579 620 temporanea,
628 569 778 607 actum
824 565 1105 620 coniugalem
1155 565 1398 619 peragendi
1447 565 1578 608 iuxta
1624 572 1850 608 naturam.
1916 566 1960 608 Si

98 639 295 682 intentio
343 638 708 682 contrahentium
760 639 897 681 dubia
944 643 1073 685 esset,
1124 638 1171 680 in
1219 638 1348 692 praxi
1397 639 1602 681 renovari
1654 640 1832 683 deberet
1866 653 1962 682 con—

100 727 267 756 sensus.

248 790 287 836 ,3.
321 786 665 829 Matrimonium
700 786 782 829 sub
815 787 1074 830 condicione
1107 786 1274 829 initum
1292 787 1418 843 filios
1442 787 1665 829 ednccmdl
1695 788 1738 829 in
1763 788 1963 842 haeresi,

100 874 189 903 non
222 866 290 903 est
322 860 600 903 invalidum:
644 860 752 903 haec
784 874 978 914 namque
1021 861 1222 903 condicio
1263 864 1331 903 est
1376 861 1556 914 quidem
1598 866 1754 904 contra
1798 861 1962 904 bonum

102 934 354 989 spirituale,
386 948 476 976 non
510 938 663 977 autem
698 942 854 977 contra
896 935 1058 978 bonum
1106 935 1315 978 naturale
1354 934 1511 989 prolis;
1560 935 1636 977 sed
1682 935 1826 977 solum
1869 949 1964 978 con-

103 1008 232 1062 dicio,
267 1021 379 1062 quae
412 1012 479 1051 est
513 1013 669 1051 contra
712 1008 875 1051 bonum
920 1010 1130 1052 naturale
1173 1009 1327 1063 prolis,
1368 1009 1638 1052 adversatur
1682 1008 1967 1052 substantiae

102 1082 397 1137 matrimonii,
429 1082 595 1137 qnippe
628 1096 740 1136 quae
772 1082 1097 1137 obligationem
1130 1083 1336 1126 involvat
1370 1083 1427 1125 ad
1450 1088 1594 1137 actus,
1628 1082 1788 1137 quibus
1821 1083 1968 1138 proles

103 1157 308 1213 generari
342 1162 388 1200 et·
420 1157 618 1212 physice,
650 1170 739 1199 non
773 1157 844 1211 pie
878 1163 923 1200 et
957 1161 1124 1212 sancte,
1158 1157 1336 1200 educari
1370 1157 1526 1212 possit.

253 1247 296 1300 b.
358 1245 468 1310 Qui
523 1245 798 1298 contrahit
846 1245 946 1297 sub
991 1245 1332 1311 condicione,
1377 1265 1484 1315 qua
1526 1245 1842 1297 excluditur
1883 1247 1967 1296 ius

104 1337 161 1386 in
205 1353 402 1404 corpus
444 1335 684 1401 alteriUS,
744 1338 873 1386 item
928 1354 1035 1403 qua
1087 1333 1330 1386 alterutri
1382 1334 1470 1386 vel
1521 1336 1740 1403 utrique
1782 1353 1967 1385 conce-

105 1424 254 1476 ditur
310 1426 393 1475 ius
450 1423 539 1475 vel
595 1425 896 1493 imponitur
952 1423 1213 1493 obligatio
1270 1442 1391 1474 cum
1449 1423 1571 1474 aliis
1624 1442 1679 1474 se
1723 1425 1968 1474 cominis-

107 1513 283 1578 cendi,
330 1513 575 1565 invalide
618 1512 907 1578 contrahit,
947 1514 1076 1581 quia
1107 1511 1358 1563 condicio
1390 1514 1643 1581 apposita
1672 1521 1752 1563 est
1781 1519 1971 1563 contra

106 1603 291 1654 bonum,
317 1603 468 1670 fidei.

255 1691 466 1734 Condicio
499 1690 751 1734 contractui
785 1689 1113 1733 matrimoniali
1147 1702 1353 1744 expresse
1387 1689 1566 1732 adiecta
1592 1689 1810 1732 servandi
1840 1689 1972 1744 ciryi—

106 1766 290 1808 m'tatem
326 1779 403 1808 seu
433 1779 663 1819 nunquam
698 1765 859 1808 utendi
893 1764 1198 1818 matrimonio,
1232 1777 1321 1807 non
1355 1763 1583 1806 invalidat
1616 1763 1972 1810 matrimonium,

109 1840 216 1894 quia
249 1839 343 1882 eius
377 1838 662 1882 substantiae
695 1852 785 1881 non
818 1844 1068 1894 repugnat:
1104 1839 1187 1881 hac
1220 1838 1338 1881 enim
1364 1837 1623 1881 condicione
1646 1838 1856 1893 apposita
1879 1851 1974 1880 con-

108 1914 341 1957 trahentes
373 1927 462 1956 non
496 1913 743 1956 excludunt
776 1918 986 1955 mutuum
1020 1913 1091 1955 ius
1124 1912 1171 1955 in
1205 1925 1377 1967 corpus.
1419 1912 1496 1955 sed
1538 1912 1710 1955 tradito
1753 1912 1835 1954 hoc
1877 1912 1974 1955 iure

108 1988 306 2031 eiusdem
340 1987 443 2030 usui
475 1987 757 2030 renuntiant.
820 1988 882 2030 Et
915 2000 1035 2041 sane,
1069 1987 1145 2041 qui
1189 1986 1419 2029 contrahit
1463 1986 1543 2029 sub
1588 1986 1847 2029 condicione
1891 1999 1973 2029 ser-

107 2062 284 2104 vandae
315 2061 603 2116 virginitatis
636 2061 829 2116 acquirit
862 2061 934 2104 ius
975 2061 1024 2104 in
1072 2062 1292 2116 copulam,
1340 2061 1417 2103 sed
1465 2061 1599 2103 simul
1649 2061 1973 2116 obligationem

107 2135 262 2178 induit
300 2149 390 2179 non
429 2136 589 2179 utendi
632 2136 714 2178 hoc
753 2136 849 2179 iure
890 2149 966 2179 seu
1007 2135 1212 2191 copulam
1256 2149 1349 2178 non
1396 2135 1626 2190 exigendi;
1678 2136 1824 2178 altera
1870 2148 1974 2178 vero

109 2224 212 2265 pars
246 2223 294 2253 eo
326 2210 424 2265 ipso
456 2210 597 2253 libera
629 2211 785 2253 evadit
817 2210 873 2253 ab
906 2210 1185 2266 obligatione
1231 2209 1449 2253 reddendi
1498 2210 1699 2264 copulam
1752 2212 1797 2252 et
1840 2208 1975 2251 simul

109 2284 434 2339 obligationem
469 2285 663 2327 assumit
697 2285 902 2339 copulam
936 2299 1025 2328 non
1057 2283 1326 2338 reddendi&

259 2395 298 2427 c.
371 2373 480 2439 Qui
548 2375 823 2426 contrahit
887 2373 987 2426 sub
1055 2374 1379 2426 condicione
1452 2375 1508 2425 in
1575 2382 1721 2425 certo
1787 2373 1974 2442 aliquo

111 2472 312 2515 eventu
374 2482 417 2516 e.
476 2481 525 2531 g.
588 2464 862 2531 adulterii,
925 2465 1323 2516 discordiarum
1385 2471 1485 2516 etc.
1547 2462 1798 2515 solvendi
1861 2464 1975 2513 vin—

113 2552 294 2604 culum
340 2553 758 2620 matrimoniale,
803 2553 1048 2605 invalide
1090 2552 1378 2620 contrahit,
1422 2553 1550 2621 quia
1593 2552 1845 2603 condicio
1887 2551 1973 2602 ad-

112 2642 254 2693 iecta
295 2650 375 2693 est
415 2650 603 2694 contra
645 2642 831 2694 bonum
871 2644 1203 2694 sacrem-enti.

262 2731 331 2773 Ex
363 2730 433 2774 his
479 2745 569 2774 non
617 2732 821 2786 sequitur
867 2731 1121 2774 invalidum
1170 2744 1264 2774 esse
1311 2729 1648 2772 matrimonium
1693 2741 1978 2784 ffl'aecornm,

114 2804 190 2859 qui
226 2805 387 2848 docent
419 2810 603 2860 propter
634 2806 911 2849 adulterium
957 2806 1070 2849 solvi
1120 2804 1488 2858 matrimonium,
1533 2804 1604 2846 vel
1645 2803 1976 2846 haereticorum

272 2968 302 3022 1>
338 2969 404 3012 Cf.
437 2968 703 3011 Zeitschrift
736 2970 811 3011 fur
857 2970 899 3011 k.
950 2969 1104 3012 Theoi.
1149 2966 1324 3010 XXVH
1374 2966 1530 3022 (1903)
1581 2966 1621 3009 S.
1657 2966 1757 3008 719.
1823 2964 1977 3018 Quoad

115 3043 457 3086 matrimonium
492 3043 528 3086 b.
564 3043 754 3099 virginis
785 3043 970 3086 Mariae
1002 3057 1097 3086 cum
1131 3057 1167 3085 s.
1200 3041 1390 3097 Ioseplto
1423 3047 1594 3084 certum
1619 3043 1687 3084 est
1717 3040 1838 3083 inter
1859 3040 1979 3094 ipsos

115 3117 422 3161 intercessisse
444 3130 600 3160 verum
625 3117 988 3171 matrimonium3
1025 3117 1198 3172 pariter
1231 3120 1404 3159 certum
1437 3119 1505 3158 est
1539 3128 1612 3158 eos
1644 3114 1735 3157 iam
1760 3118 1866 3157 ante
1889 3127 1978 3156 ma-

116 3191 381 3235 trimonium
406 3191 607 3235 emisisse
639 3196 796 3234 votum
820 3196 1065 3246 perpetuae
1087 3190 1376 3245 virginitatis
1399 3189 1673 3244 proindeque
1696 3187 1981 3231 'contraxisse

118 3266 200 3309 sub
233 3265 491 3309 condicione
523 3266 771 3309 servandae
801 3265 1104 3320 virginitatis.
1167 3264 1333 3308 Verum
1369 3277 1468 3307 cum
1503 3272 1674 3307 certum
1709 3276 1797 3305 non
1822 3262 1884 3304 sit
1907 3274 1979 3303 eos

116 3341 233 3383 hanc
265 3339 568 3383 condicionem
601 3339 649 3382 in
693 3344 876 3394 pactum
922 3338 1162 3382 deduxisse
1202 3342 1247 3381 et
1289 3351 1496 3393 expresse
1536 3335 1788 3380 contractui
1830 3334 1980 3378 matri-

118 3413 305 3457 moniali
338 3413 614 3469 apposuisse,
648 3426 701 3456 ex
733 3426 884 3456 eorum
919 3411 1210 3455 matrimonio
1241 3411 1400 3466 nequit
1445 3410 1618 3454 desumi
1658 3411 1977 3463 argumentum

117 3489 176 3532 ad
209 3488 563 3531 confirmandam
599 3487 849 3530 doctrinam
884 3486 1150 3542 expositam.
