2269 3898
482 171 548 213 De
581 171 963 226 interpretatione
995 173 1111 228 legis
1145 179 1189 217 et
1225 175 1277 217 de
1311 176 1476 231 epikia.
1834 179 1917 221 155

198 305 249 356 3.
291 304 679 372 Interpretatio
723 304 1041 357 doctrinalis
1083 325 1192 359 non
1234 308 1402 360 habet
1440 310 1552 360 vim
1593 310 1746 380 legis,
1791 313 1920 380 quia

47 412 157 445 non
183 394 433 463 procedit
461 412 492 444 a
517 401 785 461 potestate
812 393 1142 462 legislativa,
1185 397 1278 448 sed
1310 416 1434 449 eum
1465 399 1706 451 valorem
1734 400 1916 467 habet,

49 500 211 551 quem
253 484 357 552 ipsi
400 481 699 534 conciliant
739 484 957 556 pondus
999 487 1276 537 rationum
1320 496 1371 538 et
1410 488 1695 540 doctorum
1737 499 1916 541 aucto-

47 573 207 638 ritas3
251 573 510 641 quocirca
551 571 646 622 ubi
690 572 978 625 doctorum
1023 592 1322 627 consensus
1365 576 1615 644 habetur,
1662 580 1915 648 interpre-

47 662 180 712 tatio
222 670 302 712 est
342 660 621 713 moraliter
650 670 837 728 ,certa3
882 661 977 713 ubi
1017 682 1146 731 vero
1176 663 1428 717 doctores
1473 667 1538 718 de
1580 686 1741 718 sensu
1781 668 1917 736 legis

49 750 382 817 discordant,
426 752 805 819 interpretatio
841 751 1015 803 solum
1047 752 1352 822 probabilis
1380 755 1629 809 habetur.
1680 756 1917 825 Regulas

46 840 516 909 interpretationis
558 839 878 892 doctrinalis
918 841 1143 893 tradunt
1185 845 1574 914 canonistael).

194 1034 322 1088 135.
377 1035 461 1088 De
504 1035 724 1102 epikia.
808 1037 855 1087 1.
900 1036 1117 1105 Εῃὶἷεία,
1175 1038 1478 1104 (ἐπιείκεια,
1522 1038 1790 1109 aequitas)
1833 1038 1918 1090 de-

47 1124 193 1175 finiri
250 1131 430 1193 potest
481 1124 860 1193 interpretatio
917 1127 1231 1178 restrictiva
1287 1126 1438 1194 legis,
1495 1147 1603 1198 qua
1644 1129 1921 1180 iudicatur

46 1213 221 1282 legem
263 1214 334 1265 ad
375 1213 765 1283 particularem
808 1214 1049 1284 aliquem
1079 1234 1267 1267 casum
1299 1217 1367 1268 ob
1398 1218 1663 1286 speciales
1692 1220 1918 1269 circum-

47 1305 276 1355 stantias
317 1321 426 1354 non
469 1322 523 1354 se
567 1304 881 1367 extendere,
934 1304 1063 1356 licet
1105 1307 1162 1356 in
1205 1305 1390 1357 verbis
1432 1306 1567 1374 legis
1611 1308 1753 1359 clare
1797 1326 1917 1359 con-

47 1395 300 1460 tineatur,
344 1402 404 1444 ut
432 1395 473 1444 si
502 1392 591 1444 lex
617 1392 873 1462 prohibet
901 1402 1170 1446 nocturno
1210 1403 1453 1464 tempore
1496 1414 1648 1447 arma
1688 1404 1917 1465 gestare,

46 1502 144 1553 per
184 1483 428 1552 epikiam
470 1483 717 1535 iudicare
759 1492 953 1552 potest,
1005 1484 1110 1535 sibi
1152 1484 1318 1536 licere
1360 1504 1512 1536 arma
1552 1493 1781 1553 gestare,
1826 1487 1918 1554 qui

47 1566 354 1624 offensurus
395 1573 464 1624 sit
503 1573 792 1624 inimicum
836 1583 1191 1642 quaerentem
1234 1592 1288 1624 se
1331 1574 1402 1625 ad
1445 1582 1690 1628 mortem.
1760 1575 1918 1626 Ratio

47 1661 382 1714 admittendi
425 1661 670 1730 epikiam
713 1670 808 1725 est,
863 1664 993 1731 quia
1042 1661 1321 1729 legislator
1362 1663 1687 1731 praevidere
1731 1665 1922 1733 nequit

49 1752 427 1804 diversissima
469 1751 749 1817 adiuncta,
794 1753 850 1803 in
894 1753 1098 1821 quibus
1128 1754 1382 1804 homines
1411 1754 1638 1822 reperiri
1673 1762 1918 1823 possunt,

47 1848 99 1891 et
141 1841 185 1891 si
228 1859 292 1892 ea
333 1839 699 1909 praevideret,
754 1841 874 1911 lege
931 1860 1046 1907 sua,
1103 1860 1244 1911 quae
1301 1844 1667 1894 communiter
1710 1845 1918 1894 contin-

47 1930 234 1998 gentia
274 1938 484 1981 tantum
531 1932 768 1998 respicit,
814 1931 1282 2000 comprehendere
1323 1951 1433 1983 non
1462 1941 1673 2002 posset3
1718 1941 1770 1984 et
1798 1933 1918 1984 ideo

49 2020 242 2071 merito
298 2027 550 2070 censetur
604 2020 875 2072 eiusmodi
920 2039 1080 2072 casus
1123 2021 1363 2072 noluisse
1406 2040 1503 2072 sua
1544 2022 1663 2091 lege
1704 2018 1919 2074 univer-

48 2108 147 2161 sali
190 2109 673 2178 comprehendere.

197 2214 366 2268 Epikia
411 2213 568 2256 differt
609 2218 708 2256 tum
752 2213 807 2256 ab
852 2202 1228 2269 intemrestitione
1275 2220 1373 2257 tuni
1424 2229 1449 2258 a
1496 2220 1758 2270 praesumta
1806 2216 1921 2271 legis

49 2289 399 2344 dispensatione.
463 2288 847 2342 interpretatione
900 2288 1020 2331 enim
1075 2289 1271 2332 edicitur
1324 2304 1476 2332 casum
1530 2290 1724 2344 aliquem
1774 2290 1921 2333 verbis

46 2363 162 2418 legis
210 2377 300 2406 non
348 2362 591 2413 contineri;
639 2369 684 2406 et
728 2368 991 2418 praesumta
1036 2363 1374 2418 dispensatione
1414 2365 1646 2408 iudicatur
1680 2378 1831 2408 casum
1873 2365 1921 2407 in

46 2439 148 2493 lege
180 2437 362 2492 quidem
397 2437 633 2492 contineri,
680 2437 989 2492 legislatorem
1042 2442 1196 2481 tamen
1241 2452 1342 2481 eum
1387 2444 1680 2493 excepturum
1725 2442 1833 2488 tore,
1884 2439 1920 2481 si

46 2516 304 2568 1·ogaretur;
352 2526 430 2567 per
472 2512 670 2567 epikiam
713 2517 866 2555 autem
907 2512 1139 2555 iudicatur
1182 2513 1300 2555 hunc
1334 2526 1484 2555 casum
1520 2526 1574 2555 ex
1607 2518 1757 2556 niente
1790 2513 1921 2568 legis-

46 2588 207 2630 latoris
250 2588 299 2630 in
340 2588 441 2643 lege
483 2600 573 2630 non
607 2587 949 2641 comprehendi:
1000 2587 1382 2642 interpretatione
1429 2587 1576 2642 igitur
1623 2587 1759 2631 verba
1805 2587 1920 2643 legis

47 2661 349 2718 explicantur,
382 2661 535 2716 epikia
567 2675 670 2705 vero
704 2675 830 2705 mens
863 2662 1143 2717 legislatoris
1179 2662 1473 2706 diiudicatur.

235 2768 284 2820 2.
334 2765 560 2826 Quando
589 2787 649 2818 ea
674 2769 754 2819 uti
780 2766 950 2821 liceat.
998 2767 1227 2832 Quoties
1269 2766 1336 2818 ob
1365 2766 1626 2836 specialia
1660 2767 1921 2818 adiuncta

48 2856 349 2926 prudenter
412 2855 647 2927 iudicari
708 2864 890 2926 potest
947 2857 1316 2925 legislatorem
1378 2856 1615 2908 noluisse
1680 2856 1920 2927 aliquem

48 2964 238 2998 casum
294 2944 761 3014 comprehendere
810 2945 930 3013 lege
983 2965 1097 3013 sua,
1158 2945 1286 2997 licet
1336 2945 1602 2997 adhibere
1645 2947 1918 3016 epikiam3

50 3037 106 3087 in
149 3036 331 3104 specie
375 3053 504 3086 vero
548 3035 604 3085 in
646 3034 851 3104 triplici
893 3053 1023 3087 casu
1066 3054 1129 3087 ea
1171 3037 1249 3086 uti
1289 3035 1445 3086 licet:

199 3175 246 3208 α.
310 3153 366 3206 Si
408 3153 718 3206 observatio
771 3154 909 3222 legis
964 3162 1104 3206 esset
1155 3154 1299 3206 mala
1341 3154 1429 3206 vel
1482 3157 1807 3225 perniciosa,
1862 3163 1919 3205 ut

49 3245 94 3295 si
122 3245 244 3314 quis
269 3243 339 3294 ad
368 3242 723 3295 audiendum-
747 3262 964 3296 sacrum
991 3243 1325 3313 relinqueret
1351 3246 1593 3315 graviter
1618 3252 1917 3312 aegrotum.

202 3466 234 3522 ¹)
269 3467 336 3510 Cf.
368 3467 626 3523 Laymann,
659 3467 724 3510 De
756 3467 936 3522 legibus
970 3481 1004 3510 c.
1041 3468 1110 3510 18.
1165 3467 1355 3519 Renlel‘,
1388 3467 1454 3509 De
1488 3465 1667 3520 legibus
1699 3479 1741 3510 n.
1777 3464 1922 3508 252„-

47 3540 150 3583 258.
230 3540 389 3583 Wernz
419 3541 454 3583 I.
488 3555 532 3584 n.
569 3541 817 3583 127—133.
