2269 3898
295 172 381 215 los
1028 172 1094 214 De
1126 171 1430 215 matrimonio.

439 305 540 356 III.
606 304 661 355 Si
717 306 837 373 quis
892 308 960 354 ex
1014 303 1264 373 pluribus
1320 308 1568 374 personis
1630 308 1772 358 inter
1826 327 1881 359 se
1939 327 2163 361 consan-

291 396 505 462 guineis
566 392 773 462 prolem
837 392 1019 457 habet,
1086 401 1145 444 ut
1205 412 1329 445 cum
1393 395 1592 465 aliquis
1653 398 1965 449 successive
2026 398 2183 450 duas-

291 500 500 532 sorores
543 482 709 534 ducit.

523 585 705 640 Duplex
739 585 880 640 stipes·
912 585 1132 627 diversus.
1528 589 1757 632 Martinus
1791 603 1981 644 sponsus
2015 594 2061 633 et-
2095 590 2164 633 So-

997 660 1181 702 Carolus
1409 662 1518 716 phia
1550 676 1714 717 sponsa
1763 677 1816 707 ex
1871 664 2042 719 duplici
2090 665 2167 708 sti-

1087 742 1098 745 *
1409 735 1506 790 pite
1536 737 1686 790 (Petro
1720 741 1765 781 et
1783 738 1959 794 Carolo)
1993 739 2166 783 descen·

1410 811 1538 854 dunt.
1583 811 1740 866 Itaque
1772 813 1819 855 in
1852 813 1991 857 tertio
2020 814 2166 868 gradu

1407 885 1585 940 aequali
1615 899 1669 929 ex
1693 887 1853 942 stipite
1875 887 2008 931 Petro
2042 892 2087 930 et
2120 887 2168 930 in

436 965 522 967 *m*
563 965 641 967 “W
690 966 794 976 ’ἵζ’
850 975 980 976 s
1049 966 1064 975 ²
1126 974 1129 975 ⁷
1188 974 1195 975 ff
1258 974 1276 975 *⁷
1408 965 1569 1014 quarto
1603 962 1752 1015 gradu
1790 962 1968 1016 aequali
2003 975 2057 1004 ex
2091 962 2168 1005 sti-

1405 1034 1501 1089 pite
1519 1035 1677 1078 Carolo
1701 1036 2024 1091 consanguinei
2044 1042 2164 1079 sunt.

289 838 953 882 Petrus--r--gfflssimria
1227 842 1360 882 Anna

554 1055 741 1098 Iacobus
955 1056 1176 1098 Henricus

572 1196 699 1238 Felix
1002 1196 1169 1238 Lucius
1533 1169 1665 1223 106·
1724 1184 1858 1228 Νθῗᾶ
1891 1187 1935 1229 l·
1993 1185 2056 1228 Ut
2100 1186 2167 1229 de·

1406 1263 1608 1314 tegatur,
1655 1273 1765 1302 num
1814 1264 1860 1302 et
1910 1260 2042 1314 quale
2088 1260 2166 1303 in]-

523 1337 750 1379 Martinus
1011 1336 1177 1392 Sophia
1408 1335 1721 1390 pedimentum
1750 1335 2167 1390 consanguinitatis

286 1411 407 1454 inter
431 1411 542 1454 duos
565 1425 750 1466 sponsos
775 1411 961 1466 existat,
996 1411 1146 1466 aptior
1175 1411 1350 1464 modus,
1381 1410 1459 1453 ubi
1492 1423 1654 1464 nempe
1685 1409 1874 1464 ignotus
1907 1414 1976 1452 est
2010 1410 2166 1464 stipes,

284 1486 323 1528 is
357 1499 452 1528 esse
484 1485 684 1540 videtur,
723 1491 775 1528 ut
811 1499 948 1541 supra
981 1486 1134 1540 sponsi
1168 1499 1219 1528 ac
1253 1498 1443 1540 sponsae
1475 1484 1661 1527 nomina
1693 1484 1951 1528 scribantur
1982 1485 2166 1528 nomina

286 1561 431 1615 patris
465 1566 511 1604 et
544 1561 720 1614 matris,
756 1560 831 1603 avi
865 1568 911 1603 et
943 1560 1074 1603 aviae
1108 1564 1154 1603 et
1189 1560 1252 1602 sic
1284 1573 1414 1614 porro
1446 1572 1590 1614 usque
1629 1559 1686 1602 ad
1732 1565 1942 1613 quartam
1986 1572 2166 1614 genera·

285 1635 471 1678 tionem.
535 1635 579 1677 Si
613 1635 734 1678 inter
765 1635 1004 1690 utriusque
1037 1635 1330 1678 ascendentes
1364 1634 1425 1677 sic
1461 1633 1710 1688 descriptos
1742 1634 1897 1677 nullus
1930 1634 2167 1678 invenitur

286 1709 540 1753 communis
575 1710 730 1764 stipes,
775 1710 902 1752 nulla
934 1710 1056 1753 inter
1088 1723 1161 1752 eos
1193 1708 1438 1752 intercedit
1473 1708 1708 1763 cognatim
1755 1709 1915 1763 quodsi
1949 1709 2071 1753 inter
2102 1723 2165 1752 as-

285 1785 526 1827 cendentes
574 1784 801 1839 reperitur
849 1784 1100 1827 communis
1149 1784 1306 1839 stipes,
1360 1783 1694 1838 computandus
1728 1788 1795 1826 est
1841 1784 2026 1838 gradus,
2079 1797 2165 1838 quo

286 1864 476 1913 uterque
508 1859 564 1902 ab
597 1872 647 1902 eo
682 1859 835 1905 distet,
872 1873 958 1913 quo
992 1861 1114 1902 facto
1149 1858 1391 1913 constabit,
1436 1858 1584 1913 qualis
1625 1858 2000 1913 consanguinitas
2044 1859 2166 1902 inter

286 1947 359 1977 eos
392 1934 574 1978 existat.

435 2054 566 2098 Nota
602 2054 646 2099 2.
711 2053 757 2097 Si
793 2054 982 2096 duorum
1029 2066 1310 2107 sponsorum,
1351 2051 1427 2105 qui
1469 2052 1517 2094 in
1560 2053 1754 2095 secundo
1795 2053 1943 2107 gradu
1983 2066 2164 2097 consan-

285 2129 440 2184 guinei
474 2134 596 2183 sunt,
630 2142 742 2172 avus
776 2133 823 2172 et
855 2128 960 2171 avia
992 2127 1104 2170 item
1149 2127 1197 2170 in
1242 2127 1436 2170 secundo
1476 2127 1624 2182 gradu
1667 2127 1992 2183 consanguinei
2041 2136 2162 2183 sunt,

287 2204 439 2258 sponsi
473 2203 645 2259 triplici
680 2203 1081 2258 consanguinitate
1115 2202 1452 2256 devinciuntur,
1485 2202 1533 2244 in
1567 2202 1761 2245 secundo
1794 2203 1942 2257 gradu
1985 2203 2162 2257 aequali

287 2283 331 2321 et
365 2278 414 2321 in
449 2278 619 2333 duplici
653 2283 815 2332 quarto
849 2277 997 2331 gradu
1029 2277 1222 2332 aequali,
1257 2277 1364 2331 quia
1398 2277 1565 2331 duplex
1610 2278 1746 2320 datur
1786 2277 1862 2320 via
1901 2292 1928 2320 a
1968 2277 2164 2332 singulis

286 2351 461 2406 sponsis
495 2351 765 2395 ascendendi
799 2352 857 2394 ad
891 2364 1173 2394 communem
1209 2351 1415 2406 stipitem
1451 2352 1603 2406 quarti
1643 2352 1829 2406 gradus,
1870 2339 2042 2395 scilicet
2086 2365 2163 2407 per

284 2440 420 2469 avum
455 2432 501 2469 et
533 2440 612 2481 per
645 2426 812 2469 aviam.
848 2453 901 2455 —
937 2426 982 2469 Si
1018 2426 1104 2468 duo
1138 2428 1304 2469 fratres
1339 2427 1451 2469 duas
1500 2439 1671 2469 sorores
1720 2427 1959 2481 duxerant,
2008 2439 2161 2469 eorum

283 2501 454 2544 soboles
479 2501 649 2556 duplici
670 2506 850 2544 tantum
879 2501 1295 2555 consanguinitatis
1318 2501 1500 2544 vinculo
1525 2500 1860 2554 devinciuntur,
1895 2500 1943 2542 in
1968 2501 2161 2543 secundo

283 2576 430 2629 gradu
463 2575 694 2630 aequali¹).

970 2724 1182 2780 eoquatio
1216 2724 1474 2779 spiritualis.

436 2830 564 2883 107.
606 2830 830 2883 Natura
869 2830 1308 2898 impedimenti.
1376 2833 1421 2881 1.
1467 2831 1935 2899 Impedimentum
1976 2849 2159 2900 coqua-

284 2920 442 2969 tionis
483 2918 788 2988 spiritualis
830 2922 886 2970 in
929 2937 990 2971 eo
1035 2921 1298 2987 consistit,
1344 2921 1490 2990 quod
1529 2921 1670 2971 inter
1699 2938 1977 2990 personas,
2021 2939 2159 2990 quae

283 3025 353 3057 ex
416 3006 704 3059 collatione
766 3017 819 3059 et
878 3011 1227 3078 susceptione
1287 3009 1548 3079 baptismi
1611 3017 1664 3061 et
1723 3010 2159 3062 confirmationis

284 3100 668 3164 cognationem
737 3106 1160 3163 contraxerunt,
1232 3098 1480 3150 validum
1551 3100 1964 3150 matrimonium
2033 3100 2158 3150 iniri

283 3203 392 3235 non
436 3186 621 3253 possit.

431 3303 472 3331 α.
511 3289 724 3345 Coqnutio
757 3291 1016 3345 spim'tualis
1049 3297 1117 3335 est
1150 3291 1468 3347 propinquitas
1503 3305 1795 3347 personarum
1829 3300 1930 3336 orta
1962 3306 2017 3335 ex
2039 3305 2158 3348 rege—

283 3362 520 3406 neratione
554 3363 783 3418 spirituali
818 3365 865 3407 in
900 3370 1181 3409 sacramento
1206 3365 1423 3420 baptismi
1450 3370 1494 3409 et
1515 3367 1888 3410 confirmationis,
1954 3366 2158 3420 Quando-

440 3526 464 3572 ἱ’)
496 3524 541 3567 δ.
582 3526 786 3582 Officium
823 3528 891 3569 11.
927 3533 1060 3571 mart.
1098 3530 1232 3573 1896:
1269 3530 1337 3572 2-2.
1372 3530 1482 3573 febr.
1519 3531 1646 3574 1899.
