2269 3898
284 85 341 128 36
818 81 878 124 II.
911 81 979 124 De
1010 79 1187 123 actibus
1219 80 1277 122 ad
1310 80 1447 122 finem
1480 78 1615 134 aptis.

437 217 474 261 b.
521 215 826 258 l'olmttarinm
860 213 1048 256 nzzlrtzmz
1095 225 1175 255 sea
1218 212 1462 254 secundum
1507 211 1614 266 quid
1659 211 1863 254 continet
1908 211 1957 254 in
2000 210 2157 254 eodem

285 296 392 335 actu
423 290 766 333 inclinationem
800 302 878 331 seu
911 299 1175 330 consensum
1223 286 1480 329 voluntatis
1528 286 1818 329 coniunctum
1868 298 1968 328 cum
2001 284 2162 338 aliqua.

284 364 593 420 repugnantia
625 376 733 417 erga
764 362 880 405 illud
911 361 1076 416 ipsum,
1109 360 1157 403 in
1193 360 1311 415 quod
1344 362 1493 403 fertur
1525 373 1766 403 consensus
1799 373 1833 402 e.
1859 372 1902 413 g.
1937 357 2162 413 migratio

285 440 394 493 eius,
414 439 490 493 qui
508 438 555 480 in
573 437 759 480 exilium
778 435 1000 490 mittitur,
1024 435 1125 478 ideo
1143 434 1454 477 voluntarium
1480 434 1675 476 mixtum
1694 433 1845 476 vocari
1872 433 1987 476 solet
2009 432 2163 474 colun—

283 514 451 556 tarinm
475 512 739 567 simpliciter
762 513 806 553 et
827 509 1178 553 involuntarium
1201 508 1444 552 secundnm
1467 507 1576 562 qnid
1588 521 1603 549 .·
1635 507 1946 551 voluntarium
1981 504 2156 560 simpli-

285 588 412 637 citer,
445 587 551 641 quia
583 587 797 629 voluntas
828 584 978 640 reipsa
1009 597 1103 627 rem
1136 583 1239 626 vult
1284 586 1329 625 et-
1372 582 1422 625 in
1455 595 1552 625 eam
1587 583 1830 637 consentit,
1874 587 1919 625 et
1951 582 2156 625 involun-

285 661 455 705 tarium
490 660 734 703 secundum
769 658 892 713 quid,
934 658 1041 712 quia
1073 657 1160 700 etsi
1193 657 1407 700 voluntas
1440 656 1648 700 absolute
1679 657 1809 711 velit,
1852 657 1956 699 vult
2001 661 2158 700 tamen

286 750 385 779 cum
420 735 574 790 aliqua
608 732 899 789 displicentia
931 736 977 776 et
1009 732 1057 775 in
1090 731 1194 774 aliis
1227 744 1377 774 rerum
1410 731 1641 774 adiunctis
1673 732 1830 774 nollet.
1895 731 2001 774 Pari
2024 731 2164 773 modo

287 810 515 852 dissensus
548 823 573 852 a
604 822 665 863 re,
699 808 770 851 cui
803 808 1018 851 voluntas
1051 819 1284 850 assensum
1320 806 1532 860 praebere
1564 806 1718 859 vellet,
1755 805 1923 848 dicitur
1958 804 2157 847 incolun-

284 885 435 927 tarius
467 883 732 939 sinffllieiter
766 885 809 925 ei
840 881 1124 925 voluntarius
1157 880 1400 923 secundnm
1435 880 1543 936 qnid
1582 894 1618 924 e.
1652 893 1695 935 g.
1741 879 1791 922 in
1833 892 1897 934 eo,
1948 879 2024 933 qui
2068 892 2161 921 non

286 959 387 1001 vult
419 959 610 1012 lucrum,
644 956 750 1011 quia
782 957 898 999 illud
930 955 1155 998 iniustum
1190 968 1285 998 esse
1317 955 1563 1010 cognoscit.
1703 943 1706 945 ⁵

435 1047 468 1076 c.
502 1033 582 1086 Ea,
616 1045 728 1086 quae
762 1045 819 1074 ex
851 1030 1013 1074 timore
1045 1031 1180 1084 fiunt,
1215 1043 1250 1074 e.
1275 1043 1319 1084 g.
1342 1029 1530 1084 negatio
1563 1029 1673 1072 fidei
1708 1042 1761 1072 ex
1794 1028 1959 1071 timore
1982 1028 2166 1081 mortis,

285 1111 391 1150 sunt
425 1106 687 1149 voluntaria
720 1105 988 1160 simpliciter
1028 1110 1075 1147 et
1108 1104 1421 1147 involuntaria
1455 1105 1699 1147 secundum
1735 1103 1856 1157 quid.
1921 1101 2161 1145 Eiusmodi

285 1180 584 1224 zclmMarimn
618 1180 806 1222 mili-fmus
842 1184 910 1222 est
952 1178 1144 1221 relative
1191 1178 1510 1232 imperfectum
1559 1191 1613 1221 ex
1661 1181 1792 1232 parte
1833 1189 2088 1230 consensus,
2121 1175 2161 1218 si

283 1268 444 1310 nempe
477 1258 762 1308 comparetur
795 1266 894 1295 cum
928 1251 1186 1295 voluntario
1220 1265 1347 1306 puro,
1395 1265 1485 1295 non
1530 1256 1684 1295 autem
1734 1265 1814 1307 per
1861 1265 1906 1295 se
1940 1265 1994 1295 ex
2027 1256 2165 1305 parte

283 1328 574 1384 cognitionis,
604 1328 706 1371 ideo
739 1326 1050 1370 voluntarium
1084 1326 1282 1369 mixtum
1316 1339 1395 1381 per
1428 1339 1474 1369 se
1507 1325 1751 1369 constituit
1784 1330 1937 1369 actum
1960 1327 2167 1380 perfecte

285 1405 551 1447 humanum.

433 1494 484 1545 4.
546 1491 938 1544 Voluntarium
1000 1510 1302 1560 coeprcssum
1363 1499 1416 1542 et
1476 1493 1722 1543 tacitmn:
1790 1490 1926 1542 illud
1987 1490 2163 1556 adest,

285 1582 506 1652 quando
551 1599 849 1632 consensus
891 1579 1110 1631 elicitur
1147 1589 1200 1631 et
1235 1579 1423 1631 verbis
1451 1580 1539 1631 vel
1570 1580 1691 1632 aliis
1718 1583 1890 1649 signis
1920 1581 2168 1631 exterius

285 1671 683 1737 manifestatur,
726 1678 787 1721 ut
828 1671 872 1722 si
915 1671 1164 1739 superior
1206 1671 1488 1738 conceptis
1530 1669 1716 1722 verbis
1757 1669 1845 1721 vel
1887 1678 2024 1721 nutu
2065 1668 2160 1721 ali-

286 1760 420 1829 quid
478 1759 745 1812 concedat
792 1758 880 1810 vel
936 1767 1131 1828 neget3
1190 1759 1293 1810 hoc
1349 1759 1520 1826 adest,
1579 1759 1801 1829 quando
1861 1777 2168 1811 consensus

286 1850 502 1901 elicitur
543 1849 785 1919 quidem,
840 1848 935 1900 sed
992 1850 1232 1900 exterius
1285 1867 1396 1901 non
1450 1850 1834 1900 manifestatur
1889 1857 1942 1901 et
1984 1847 2163 1900 solum

286 1959 355 1991 ex
396 1939 578 2009 aliquo
620 1939 763 1990 facto
807 1938 896 1991 vel
938 1939 1068 1990 facti
1111 1939 1408 1990 omissione
1450 1938 1642 1991 adesse
1679 1938 1969 2007 colligitur,
2013 1946 2073 1989 ut
2115 1939 2160 1989 si

286 2030 551 2097 superior,
595 2029 773 2079 sciens
815 2027 1027 2097 aliquid
1068 2027 1185 2079 fieri
1229 2036 1419 2080 contra
1459 2027 1654 2098 legem,
1698 2047 1810 2080 non
1851 2027 2165 2097 prohibeat,

285 2120 449 2170 tacite
493 2119 800 2169 consentire
830 2117 918 2168 vel
952 2116 1235 2168 licentiam
1276 2118 1408 2170 dare
1439 2126 1721 2184 censetur3
1764 2117 1911 2169 unde
1937 2120 2162 2168 axioma

284 2207 522 2259 invaluit
564 2209 653 2276 qui
693 2215 842 2272 tacet,
885 2207 1177 2258 consenti-rc
1218 2207 1441 2260 videtur.

434 2324 475 2355 [ι.
509 2312 548 2353 A
579 2310 840 2353 voluntario
873 2310 1017 2354 tacito
1053 2310 1432 2366 distinguendum
1467 2315 1535 2354 est
1568 2310 1882 2354 volunt-arium
1916 2324 2189 2375 llfflz
2218 2344 2235 2355 ,,

284 2389 393 2437 snm,
440 2385 557 2439 quod
604 2384 811 2440 habetur,
859 2386 1055 2448 quando
1084 2385 1434 2441 ,reipsamnullus
1456 2387 1613 2441 ,adest
1644 2390 1899 2439 actusseu
1919 2398 2167 2428 consensus

283 2460 554 2522 voluntatis,
602 2460 679 2503 sed
713 2459 767 2502 ob
800 2459 1164 2503 convenientiam
1198 2460 1262 2504 rei
1309 2461 1466 2504 adesse
1486 2514 1490 2517 ¹
1514 2459 1812 2514 supponitur:
1865 2459 1902 2503 si
1936 2459 2056 2504 enim
2089 2473 2161 2503 res

285 2537 624 2589 proponeretur,
648 2534 743 2577 sine
768 2534 903 2577 dubio
926 2547 1167 2578 consensus
1188 2534 1339 2590 reipsa
1356 2535 1550 2589 adesset,
1573 2538 1626 2577 ut
1644 2533 1681 2577 si
1701 2533 1802 2589 quis
1820 2535 2167 2578 adolescentulo

283 2608 563 2663 ingredienti
597 2622 846 2663 cauponam
881 2623 936 2652 ex
967 2615 1229 2664 praesumto
1264 2623 1482 2654 consensu
1514 2610 1660 2665 patris
1695 2609 1841 2661 dicat;
1876 2615 2008 2666 pater
2040 2611 2163 2665 vult,

285 2691 337 2726 ut
383 2684 565 2726 domum
614 2685 784 2727 redeas.
850 2683 1128 2738 Quandoque
1176 2684 1316 2728 etiam
1365 2685 1677 2728 voluntarium
1727 2685 1921 2729 tacitum
1969 2690 2162 2729 vocatur

285 2761 613 2812 praesumtum,
647 2758 752 2812 quia
775 2758 871 2801 eius
895 2758 1144 2802 existentia
1177 2772 1231 2802 ex
1265 2759 1410 2814 signis
1443 2763 1490 2802 et
1522 2759 1754 2803 adiunctis
1778 2760 1979 2804 externis
2003 2760 2163 2815 colligi

287 2844 364 2874 seu
385 2832 631 2886 praesumi
663 2832 808 2876 debet.

433 2921 469 2963 b.
504 2921 571 2963 De
603 2921 856 2965 axiomate:
892 2922 970 2977 qni
999 2920 1138 2975 idcet,
1171 2922 1427 2965 consentire
1460 2923 1653 2975 videtur,
1675 2924 1786 2966 haec
1807 2924 2012 2967 notanda
2036 2927 2157 2967 sunt.

285 2994 600 3037 Taciturnitas
633 3008 711 3050 per
744 3009 789 3038 se
821 3009 965 3050 neque
998 3009 1263 3040 consensum
1296 3010 1441 3051 neque
1465 2996 1719 3040 dissensum
1745 2996 1996 3053 significat,
2021 3011 2161 3052 quare

222 3059 227 3087 '¹
284 3068 332 3111 in
365 3068 632 3123 particulari
667 3083 772 3112 casu
804 3083 858 3113 ex
901 3069 1130 3113 adiunctis
1175 3071 1449 3114 alterutrum
1498 3071 1652 3126 colligi
1703 3071 1849 3115 debet.
1913 3071 2169 3127 Sequentes

213 3161 215 3194 5
285 3147 440 3185 autem
472 3144 658 3197 regulae
690 3148 974 3196 statuuntur,
1017 3149 1069 3187 ut
1104 3145 1301 3189 tacentis
1345 3159 1586 3189 consensus
1619 3147 1691 3189 vel
1736 3145 1966 3190 dissensus
1999 3160 2053 3190 ex
2084 3147 2159 3190 ad-

211 3274 214 3283 1
285 3216 455 3260 iunctis
489 3218 733 3260 secundum
766 3219 1043 3273 prudentum
1078 3219 1445 3264 aestimationem
1480 3220 1709 3275 praesumi
1743 3221 1912 3276 possit:

221 3348 224 3352 .
436 3306 476 3334 α.
510 3292 682 3335 Tacens
715 3293 967 3354 consentire
999 3297 1206 3337 censetur
1238 3295 1283 3337 in
1309 3295 1663 3351 favorabilibus,
1696 3295 1774 3338 ubi
1806 3309 1968 3351 nempe
2000 3296 2169 3351 agitur

223 3355 225 3359 ’
293 3365 348 3407 de
382 3364 476 3408 eius
508 3367 666 3410 favore
699 3373 745 3410 et
778 3368 1023 3422 commodo,
1056 3382 1145 3411 non
1179 3373 1332 3412 autem
1365 3369 1414 3412 in
1447 3369 1630 3424 odiosis,
1672 3369 1750 3413 ubi
1784 3369 1941 3425 agitur
1974 3371 2028 3414 de
2061 3370 2159 3414 eius

246 3485 249 3488 ,
291 3440 556 3493 gravamine
590 3445 633 3483 et
668 3441 968 3496 praeiudicio;
1017 3442 1123 3485 hinc
1171 3443 1246 3497 qui
1295 3443 1385 3486 alio
1434 3443 1518 3486 sibi
1563 3443 1810 3498 quidquam
1843 3444 2169 3500 promittente„
