2269 3898
781 136 847 179 De
878 140 1043 179 nattua
1076 136 1367 179 matrimonii.
1951 143 2001 183 17

142 268 363 316 instituta
396 268 685 321 contrahunt,
727 281 838 322 quae
870 268 1067 311 intentio
1101 269 1157 311 ad
1191 269 1508 312 conferendum
1551 282 1880 315 sacramentum
1916 276 2002 315 suf-

142 342 253 385 ficit.
320 342 388 384 Ad
420 341 749 397 suscipiendum
793 346 944 384 autem
978 342 1258 386 matrimonii
1304 350 1632 387 sacramentum
1676 344 1722 387 in
1756 345 2002 400 baptizatis

144 415 318 459 sufficit
361 428 600 458 consensus
644 415 1008 469 matrimonialis,
1054 417 1183 459 modo
1217 429 1423 471 expresse
1465 431 1553 460 non
1588 419 1854 462 excludatur
1886 419 2003 463 ratio

143 490 435 533 sacramenti:
486 502 534 532 eo
581 489 679 544 ipso
721 488 855 543 enim,
904 489 1021 543 quod
1068 490 1228 532 volunt
1278 495 1558 534 contractum
1608 492 2003 547 matrimonialem,

141 563 365 618 implicite
396 563 558 606 volunt
591 563 728 605 etiam
763 567 1107 606 sacramentum.

291 711 382 764 18.
438 708 780 765 Subiectum
822 711 1215 774 matrimonii,
1270 720 1429 779 prout
1482 712 1584 763 hoc
1639 732 1829 765 meram
1885 734 1999 766 con-

142 808 361 850 tractum
405 800 701 865 constituit,
746 808 826 850 est
863 801 1044 868 quivis
1077 799 1239 851 homo
1270 799 1418 851 nullo
1449 802 1841 870 impedimento
1871 805 2003 854 iuris

141 897 369 939 naturae
419 887 498 939 vel
541 887 719 940 divini
763 888 1038 942 inhabilis,

288 990 610 1044 Subiectum
652 994 1004 1059 matrimonii,
1058 1002 1218 1062 prout
1258 992 1418 1044 simul
1460 1003 1841 1046 sacramentum
1882 1014 2001 1047 con-

139 1081 328 1146 stituit,
373 1089 453 1131 est
493 1083 675 1150 quivis
718 1082 879 1132 homo
922 1081 1234 1151 baptizatus
1262 1081 1412 1133 nullo
1443 1083 1837 1152 impedimento
1869 1086 2002 1135 iuris

138 1169 420 1235 naturalis,
465 1170 642 1222 divini
685 1171 773 1222 Vel
814 1171 1171 1222 ecclesiastici
1213 1169 1492 1224 inhabilis.

285 1274 407 1328 Ergo
440 1274 560 1316 inter
593 1274 705 1317 dnos
736 1275 941 1331 infideles
973 1275 1314 1318 matrimonium
1355 1288 1448 1318 esse
1481 1289 1570 1317 non
1603 1279 1752 1330 potest
1786 1276 1874 1319 nisi
1907 1290 2003 1318 con-

137 1352 327 1402 tractus,
359 1361 448 1390 non
472 1353 625 1391 autem
650 1355 982 1392 sacramentum
1013 1349 1101 1392 nisi
1124 1349 1286 1392 latiore
1311 1363 1454 1392 sensu.
1518 1349 1635 1392 Num
1661 1350 1999 1393 matrimonium

137 1421 198 1464 sit
232 1429 579 1474 sacramentum,
622 1423 666 1465 si
687 1422 844 1479 fidelis
874 1436 965 1478 per
999 1423 1230 1478 pontificis
1272 1423 1649 1478 dispensationem
1694 1437 1787 1466 cnm
1832 1423 2006 1480 infideli

137 1496 379 1547 contrahit,
410 1509 499 1539 non
534 1503 728 1539 constat,

286 1569 604 1623 Quaestionem
647 1576 787 1625 negat
821 1570 1028 1614 Sancltee
1073 1585 1171 1614 cum
1215 1571 1375 1614 multis
1418 1572 1544 1614 aliis:
1593 1578 1851 1614 contractus
1884 1572 2000 1615 enim

136 1644 501 1698 matrimonialis,
536 1644 610 1698 qui
645 1645 850 1687 elevatur
883 1645 939 1688 ad
973 1650 1321 1700 sacramentum,
1354 1658 1470 1688 unus
1494 1652 1562 1689 est
1597 1645 1652 1688 ab
1684 1652 1875 1700 utroque
1908 1659 2002 1688 con-

134 1720 345 1763 trahente
378 1721 589 1769 effectus;
635 1733 723 1762 non
757 1724 864 1762 sunt
909 1721 996 1764 duo
1029 1722 1246 1776 partiales
1290 1724 1564 1775 contractus,
1608 1734 1661 1764 ex
1694 1720 1855 1774 quibus
1886 1734 2002 1763 unus

134 1793 293 1836 totalis
327 1793 549 1836 coalescit.
615 1793 760 1846 Quare
798 1799 851 1837 ut
895 1808 989 1837 esse
1030 1795 1174 1849 possit
1218 1799 1565 1849 sacramentum,
1609 1800 1798 1849 uterque
1831 1802 2002 1838 contra-

134 1867 243 1910 hens
278 1868 548 1910 sacramenti
592 1881 733 1922 capax
776 1882 869 1911 esse
916 1869 1061 1923 debet,
1107 1869 1484 1923 quemadmodum
1527 1874 1578 1911 ut
1624 1869 1683 1911 sit
1726 1873 1998 1923 contractus,

133 1946 324 1995 uterque
356 1941 412 1984 ad
447 1943 804 1985 contrahendum
835 1942 1000 1985 habilis
1024 1956 1118 1986 esse
1152 1943 1297 1986 debet.
1360 1943 1665 1986 Nihilominus
1689 1944 1997 1986 affirmantem

135 2015 409 2059 sententiam
454 2020 612 2059 tenent
646 2017 895 2071 complures
928 2017 1007 2059 alii
1040 2024 1093 2059 ut
1129 2017 1387 2070 Caietamzs,
1430 2017 1551 2069 Solo?
1596 2017 1726 2072 ἵεμαι.
1758 2017 1999 2068 Γενναιίἶς)

134 2090 376 2143 Palmz'eri,
420 2090 495 2145 qui
529 2095 709 2133 censent
752 2094 1033 2133 contractum
1078 2090 1126 2133 in
1160 2105 1363 2145 persona,
1408 2104 1519 2146 quae
1553 2091 1823 2134 sacramenti
1857 2104 1998 2146 capax

134 2164 210 2218 sit,
242 2177 336 2207 esse
360 2168 707 2218 sacramentum,
741 2164 845 2218 quia
869 2169 1127 2208 contractus
1151 2178 1204 2208 ex
1226 2165 1520 2208 institutione
1539 2165 1708 2208 Christi
1732 2170 1801 2208 est
1833 2166 1997 2208 efficax

132 2239 331 2293 gratiae:
368 2239 444 2293 qui
478 2239 665 2292 proinde
698 2239 895 2293 gratiam
930 2239 1156 2293 percipere
1188 2244 1353 2294 potest,
1391 2240 1486 2283 eius
1520 2240 1574 2281 fit
1608 2239 1847 2294 particeps.

279 2403 370 2457 19.
423 2404 468 2455 1.
512 2402 774 2456 Effectus
816 2403 1210 2470 matrimonii,
1254 2411 1508 2471 quatenus
1555 2411 1851 2454 contractus
1905 2411 1996 2465 est,

133 2490 228 2542 alii
270 2500 397 2542 sunt
437 2509 758 2543 communes
800 2493 1016 2561 utrique
1059 2492 1298 2559 coniugi,
1353 2491 1445 2542 alii
1488 2500 1615 2542 sunt
1655 2491 1991 2560 singulorum

132 2581 354 2649 proprii.

156 2669 162 2672 ’
283 2689 330 2722 α.
373 2669 618 2721 Effectus
661 2689 947 2722 communes
990 2679 1145 2721 sunt:
1190 2687 1242 2722 α,
1288 2668 1572 2721 vinculum
1603 2667 1890 2735 coniugale
1920 2667 1995 2718 id-

134 2775 239 2827 que
280 2766 628 2827 perpetuum,
680 2760 826 2828 quod
876 2761 932 2810 in
974 2759 1178 2810 mutuis
1220 2758 1432 2810 iuribus
1475 2767 1527 2809 et
1568 2756 1998 2826 obligationibus

133 2848 407 2912 consistit3
474 2850 522 2917 β.
572 2846 889 2916 legitimitas
931 2847 1200 2912 filiorum3
1263 2865 1313 2912 γ.
1366 2847 1638 2916 quaedam
1681 2846 1996 2897 communio

132 2935 419 2987 bonorum.

281 3024 325 3077 b.
368 3024 615 3075 Effectus
649 3043 750 3093 pro
794 3026 1012 3075 marito:
1066 3042 1117 3075 α.
1166 3031 1404 3092 potestas
1453 3022 1742 3089 maritalis3
1806 3024 1853 3092 β.
1904 3038 1995 3090 po-

131 3122 296 3165 testas
337 3114 530 3182 patria.

281 3223 321 3255 c.
364 3202 608 3253 Effectus
641 3221 744 3272 pro
786 3220 976 3253 uxore:
1019 3219 1071 3254 α.
1115 3203 1198 3252 ius
1239 3201 1552 3270 accipiendi
1593 3220 1623 3252 a
1666 3200 1860 3250 marito
1903 3198 1994 3248 ho·

131 3300 343 3343 nestam
398 3292 876 3356 sustentationem3
938 3293 983 3360 β.
1043 3291 1392 3359 participatio
1450 3297 1636 3351 statUS‚
1694 3288 1993 3355 dignitatis,

130 3379 412 3432 titulorum
455 3388 507 3431 et
547 3379 962 3449 privilegiorum
1005 3380 1219 3445 mariti3
1276 3397 1327 3444 γ.
1387 3378 1674 3448 acquisitio
1730 3373 1993 3427 domicilii

130 3477 184 3520 et
225 3469 470 3521 eiusdem
512 3469 612 3520 fori
655 3487 780 3520 cum
821 3469 1033 3520 maritO.

220 3575 314 3607 >101
333 3575 442 3613 din,
469 3575 527 3606 De
550 3574 805 3606 matrimonio.
1791 3553 1817 3594 ‘2
