2269 3898
783 113 848 155 De
880 114 1077 168 pericu-lo
1110 114 1337 168 peccandi.
1909 118 1994 159 319

127 259 211 300 pro
244 246 506 288 affirmante
539 244 768 288 sententia
801 245 1017 300 citantur,
1051 246 1198 300 magis
1231 246 1379 289 verbis
1412 260 1545 300 quam
1580 261 1712 291 sensu
1757 248 1992 291 verborum

121 319 169 362 =ei
201 319 442 362 adhaerere
472 317 742 374 videntur1).
1846 324 1849 326 ·

279 408 315 449 b.
348 407 601 458 Peccatum,
635 407 753 460 quod
786 406 841 448 ab
875 419 924 449 eo
958 407 1278 462 committitur,
1312 409 1387 462 qui
1421 409 1587 463 absque
1631 410 1901 453 necessitate
1949 424 1994 453 se

122 480 316 535 exponit
349 480 480 535 gravi
513 480 710 534 periculo
744 481 972 534 peccandi,
1015 484 1083 523 est
1117 481 1315 524 eiusdem
1360 483 1608 536 gravitatis
1650 490 1695 527 et·
1738 484 1900 539 speciei
1943 499 1995 528 ac

128 555 277 610 ipsum
311 558 560 609 peccatum,
593 554 720 597 cuius
752 554 852 597 adit
885 555 1150 609 periculum.

275 657 308 686 c.
344 642 430 695 Qui
462 643 677 697 peccandi
710 643 908 697 periculo
941 657 987 686 se
1019 643 1206 698 exponit
1239 642 1474 698 et‘postea
1506 644 1554 686 in
1594 645 1790 699 periculo
1833 648 1994 690 consti-

131 721 262 760 tutus
293 717 442 772 reipsa
472 720 643 771 peccat,
675 730 754 771 per
787 730 831 759 se
865 717 952 759 duo
985 721 1170 771 peccata
1202 717 1473 761 committit:
1507 719 1624 761 alius
1658 724 1727 762 est
1759 721 1877 763 enim
1897 734 1993 764 con-

119 804 283 834 sensus
313 791 361 834 in
393 791 659 846 periculum,
692 791 769 845 qui
801 793 1017 834 affectum
1052 792 1109 834 ad
1142 791 1288 846 ipsam
1320 805 1413 834 rem
1463 793 1630 835 malam
1678 795 1900 848 excludit,
1948 799 1991 838 et

118 866 243 909 alius
275 868 343 908 est
375 879 615 909 consensus
648 878 724 908 seu
758 867 951 908 affectus
985 867 1041 908 ad
1075 880 1168 909 rem
1201 866 1383 908 malam.

272 954 314 997 d.
349 954 489 997 Gravi
522 954 720 1008 periculo
753 954 968 1008 peccandi
1001 954 1139 997 etiam
1173 955 1251 998 ille
1284 968 1329 997 se
1373 955 1575 1009 exponit,
1620 955 1696 1009 qui
1740 956 1838 998 adit
1880 957 1990 1011 peri-

120 1029 294 1083 culum,
327 1030 443 1084 quod
475 1029 609 1072 initio
643 1029 824 1083 quidem
857 1030 956 1072 leve
997 1033 1080 1084 est,
1128 1029 1197 1072 ita
1244 1033 1413 1084 tamen,
1461 1034 1515 1071 ut
1562 1029 1828 1084 praevideat
1876 1031 1989 1074 illud

126 1107 284 1157 postea
335 1117 573 1146 evasurum
628 1116 782 1157 grave,
834 1107 887 1146 ut
941 1103 1040 1146 fieri
1089 1104 1204 1146 solet
1257 1103 1304 1146 in
1337 1103 1534 1158 periculo
1588 1104 1801 1158 peccandi
1836 1108 1992 1148 contra

123 1177 401 1231 castitatem,
434 1178 540 1232 quia
570 1179 618 1220 in
650 1177 748 1232 ipso
782 1177 978 1232 periculo
1014 1177 1160 1232 magis
1194 1178 1447 1221 exardescit
1477 1177 1633 1220 libido.

270 1282 319 1333 2.
363 1281 451 1332 Ex
491 1283 633 1332 iusta
690 1300 854 1333 causa
909 1281 1038 1332 licet
1091 1300 1146 1331 se
1202 1299 1478 1350 exponere
1534 1283 1691 1348 gravi
1743 1282 1987 1350 periculo

120 1369 404 1438 peccandi,
468 1370 765 1421 dummodo
822 1378 982 1438 aptae
1038 1369 1410 1420 adhibeantur
1466 1370 1727 1422 cautelae.
1808 1372 1989 1423 Causa

119 1459 461 1508 necessitatis
502 1477 613 1508 una
654 1476 779 1508 cum
820 1459 963 1527 aptis
1006 1457 1231 1509 cautelis
1271 1458 1538 1524 afficiunt,
1582 1467 1641 1510 ut
1681 1459 1988 1528 periculum

116 1545 215 1597 fiat
252 1545 400 1612 leve3
460 1565 626 1597 causa
682 1548 1023 1597 necessitatis
1084 1548 1309 1615 insuper
1365 1547 1549 1613 efficit,
1608 1555 1668 1598 ut
1718 1549 1988 1600 eiusmodi

117 1633 239 1686 leve
279 1634 586 1702 periculum
625 1634 775 1686 licite
815 1635 956 1687 adiri
997 1636 1183 1704 possit.

268 1752 311 1782 α.
345 1738 490 1781 Causa
522 1738 810 1782 necessitatis
843 1738 1065 1782 subeundi
1100 1738 1350 1793 periculum
1384 1740 1557 1793 peccati
1606 1753 1654 1783 eo
1703 1740 1847 1783 maior
1893 1754 1988 1784 esse

117 1811 267 1867 debet,
301 1826 386 1866 quo
409 1812 556 1856 maius
587 1817 656 1856 est
677 1816 927 1868 peccatum,
961 1813 1015 1856 de
1037 1826 1122 1867 quo
1156 1812 1326 1867 agitur,
1360 1816 1406 1855 et
1439 1827 1525 1867 quo
1558 1813 1704 1856 maius
1737 1815 1986 1868 periculum

110 1886 228 1930 illud
260 1887 589 1931 committendi.

265 1976 302 2018 b.
336 1977 485 2030 Aptae
518 1977 734 2030 cautelae,
768 1975 929 2030 quibus
963 1976 1232 2018 excludatur
1262 1977 1418 2031 lapsus
1465 1976 1512 2019 in
1545 1981 1805 2033 peccatum,
1854 1984 1983 2022 sunt:

125 2049 318 2092 retinere
350 2051 531 2092 firmum
565 2050 847 2104 propositum
881 2062 970 2091 non
1003 2049 1237 2103 peccandi;
1272 2050 1329 2092 ad
1362 2051 1507 2093 Deum
1541 2063 1686 2098 orare;
1721 2051 1842 2105 piam
1867 2053 1985 2107 cogi-

122 2123 343 2166 tationem
375 2126 546 2177 fovere3
597 2124 634 2167 si
667 2124 916 2178 periculum
953 2123 1127 2166 diutius
1161 2124 1392 2178 perdurat,
1440 2138 1548 2167 usus
1598 2130 1982 2170 sacramentorum

108 2201 161 2241 *et
193 2197 456 2241 exercitium
490 2198 591 2252 piae
621 2198 843 2241 lectionis.

262 2301 296 2330 c.
342 2287 520 2342 Absque
563 2287 683 2329 insta
727 2300 882 2337 causa,
926 2286 1013 2329 etsi
1061 2300 1160 2329 cum
1206 2287 1437 2342 proposito
1477 2301 1566 2330 non
1598 2289 1812 2342 peccandi
1847 2294 1983 2344 atque

120 2360 366 2404 adhibendi
399 2365 531 2415 aptas
564 2361 779 2415 cautelas,
811 2376 900 2405 non
933 2363 1041 2406 licet
1073 2364 1270 2418 periculo
1303 2364 1516 2418 peccandi
1541 2377 1586 2407 se
1609 2377 1841 2419 exponere,
1877 2367 1983 2420 quia

125 2434 328 2490 proxime
361 2434 616 2489 obligamur
647 2435 795 2479 vitare
839 2437 1103 2493 periculum,
1143 2438 1232 2481 nisi
1275 2438 1399 2481 iusta
1439 2451 1574 2481 causa
1617 2445 1813 2482 excuset.
1876 2440 1982 2484 Ideo

119 2509 240 2552 Deus
272 2509 443 2551 auxilio
476 2522 554 2551 suo
586 2523 675 2552 non
708 2510 901 2553 adiuvat
933 2525 1019 2566 eos,
1064 2512 1139 2565 qui
1188 2519 1355 2555 temere
1398 2512 1595 2567 periculo
1629 2526 1674 2555 se
1707 2518 1981 2567 exponentes

119 2596 226 2625 suae
257 2582 526 2637 obligationi
562 2583 739 2626 desunt.
805 2583 972 2637 Quodsi
1006 2585 1106 2639 quis
1144 2599 1197 2628 ex
1229 2586 1353 2628 iusta
1386 2599 1519 2628 causa
1550 2586 1598 2628 in
1631 2587 1829 2641 periculo
1861 2601 1978 2642 repe-

118 2656 251 2710 ritur,
284 2657 404 2699 Deus
436 2656 607 2699 auxilio
640 2670 719 2700 suo
752 2671 852 2700 eum
885 2672 974 2701 non
1009 2659 1276 2714 destituit2).

264 2744 305 2786 d.
342 2744 387 2787 Si
421 2748 540 2787 certo
573 2746 865 2800 praevidetur
896 2749 944 2790 in
976 2748 1173 2802 periculo
1197 2749 1484 2792 commissum
1511 2750 1841 2806 iri'peccatum,
1869 2765 1978 2794 nun-

119 2831 253 2872 quam
285 2817 392 2860 licet
424 2818 463 2861 ei
497 2823 656 2873 sponte
689 2833 735 2863 se
767 2822 946 2867 offerre;
991 2826 1044 2864 ut
1084 2823 1166 2865 hoc
1209 2822 1360 2877 liceat,
1406 2824 1587 2866 omnino
1620 2825 1881 2879 requiritur,
1924 2832 1978 2869 ut

118 2891 242 2934 adsit
272 2892 467 2934 fundata
499 2905 613 2947 speS,
645 2894 741 2937 fore
772 2899 826 2937 ut
858 2908 958 2938 cum
991 2896 1074 2939 Dei
1109 2897 1280 2940 auxilio
1305 2898 1479 2941 vitetur
1511 2903 1768 2953 peccatum:
1804 2906 1974 2944 certum

117 2965 235 3009 enim
268 2970 501 3021 peccatum
534 2967 740 3011 absolute
771 2969 918 3012 caveri
953 2970 1096 3014 debet.

270 3160 298 3214 ¹)
333 3160 400 3203 Cf.
434 3161 650 3214 Lacroix,
693 3162 941 3218 Theologia
981 3165 1164 3207 moralis
1196 3166 1225 3207 l.
1262 3166 1301 3210 5.
1334 3179 1378 3207 n.
1412 3165 1497 3209 252
1531 3179 1587 3209 ss.
1651 3167 1875 3215 Berardi,
1907 3169 1973 3211 De

114 3233 326 3276 recidivis
368 3238 414 3276 et
457 3235 792 3279 occasionariis5
826 3237 1101 3290 (Faventiae.
1135 3239 1327 3282 Novelli.
1362 3239 1494 3293 1897)
1539 3239 1597 3281 Π.
1644 3255 1685 3294 p.
1720 3242 1746 3282 4
1779 3254 1852 3295 ss,
1897 3242 1971 3296 qui

119 3308 427 3350 affirmantem
451 3309 725 3352 sententiam
744 3316 1051 3367 propugnant,
1069 3327 1201 3367 quam
1222 3313 1513 3356 deserendam
1536 3317 1703 3367 putant
1723 3315 1972 3357 Ballerz'm'-

115 3381 345 3424 Palmieri
372 3382 408 3424 Ι.
440 3396 483 3424 n.
517 3383 602 3425 692
635 3397 690 3426 ss.
725 3389 771 3427 et
806 3387 990 3430 Genieot
1018 3387 1077 3429 Π.
1111 3401 1154 3430 n.
1188 3387 1288 3432 372.

263 3454 296 3509 2)
327 3456 392 3499 Cf.
428 3456 474 3499 S.
510 3457 766 3513 Alphonsus
798 3459 825 3501 l.
861 3460 901 3502 ἵ).
933 3474 976 3503 n.
1011 3461 1080 3504 63.
