2269 3898
317 195 400 237 156
1055 188 1126 231 ΠΙ.
1161 189 1228 232 De
1260 187 1453 244 legibus.

467 327 512 380 b.
576 324 632 376 Si
675 323 986 376 observatio
1029 323 1166 391 legis
1209 330 1351 374 esset
1391 324 1556 374 nimis
1600 322 1843 374 difficilis
1874 330 1926 374 et
1954 340 2202 388 onerosa,

318 425 378 467 ut
418 417 461 467 si
503 422 760 483 aegrotus
802 415 1090 466 ieiunaret.

467 525 506 557 c,
552 503 607 556 Si
651 522 719 555 ex
746 503 1179 554 circumstantiis
1205 501 1509 571 prudenter
1550 500 1785 553 iudicari
1828 508 2007 571 potest
2045 500 2203 569 legis—

316 595 544 647 latorem
601 595 659 645 in
711 595 815 646 hoc
869 610 1019 658 casu,
1062 593 1119 643 in
1161 610 1268 661 quo
1311 590 1401 642 lex
1444 609 1555 643 non
1597 599 1678 642 cst
1730 591 1898 642 nimis
1941 590 2205 656 difficilis,

317 684 556 736 noluisse
599 682 862 751 obligare,
917 683 1016 734 etsi
1059 683 1343 751 potuisset,
1400 682 1530 751 quia
1583 681 1778 732 merito
1835 681 2206 750 praesumitur

318 774 462 827 nolle
524 772 769 842 obligare
837 790 963 823 cum
1023 778 1134 822 toto
1193 772 1373 839 rigore
1431 779 1483 822 et
1546 771 1604 821 in
1664 771 1814 822 omni
1876 787 2033 834 casn,
2096 787 2203 839 quo

317 863 560 935 potestl).
642 862 734 914 Sic
774 861 964 914 David
1007 880 1139 912 usus
1182 860 1370 930 epikia
1410 878 1581 929 panes
1622 860 2012 929 propositionis
2054 877 2204 911 man-

319 952 609 1017 ducavit2).

466 1042 673 1085 Ultimus
706 1055 835 1085 casus
868 1040 947 1084 ille
981 1044 1065 1094 est,
1114 1039 1162 1082 in
1209 1053 1295 1094 quo
1344 1038 1524 1094 proprie
1568 1039 1716 1081 locum
1760 1037 1899 1081 habet
1932 1036 2106 1092 epikia;
2157 1037 2207 1081 in

318 1117 543 1173 prioribus
577 1116 696 1160 enim
729 1120 876 1159 cessat
899 1116 986 1169 lex,
1021 1114 1128 1169 quia
1150 1113 1406 1157 iudicamus
1429 1113 1740 1168 legislatorem
1763 1125 1854 1155 non
1877 1111 2081 1167 potuisse
2102 1111 2208 1155 illos

319 1206 400 1235 sua
421 1192 522 1247 lege
545 1190 948 1246 comprehendere;
983 1189 1031 1231 in
1063 1188 1229 1231 ultimo
1257 1191 1411 1231 autem
1435 1193 1597 1243 cessat,
1631 1187 1738 1242 quia
1760 1201 1814 1231 ex
1840 1187 2036 1242 quadam
2059 1187 2208 1242 aequi·

318 1271 417 1311 tate
439 1266 697 1310 iudicamus
720 1266 1036 1321 legislatorem
1059 1264 1189 1306 illum
1216 1262 1416 1306 noluisse
1438 1262 1831 1317 comprehendere,
1854 1261 1941 1305 etsi
1965 1261 2207 1316 potuisset.

318 1342 373 1385 In
406 1341 632 1397 prioribus
666 1341 847 1384 casibus
880 1340 951 1383 uti
985 1340 1095 1383 licet-
1129 1338 1299 1394 epikia,
1333 1337 1444 1393 quin
1477 1337 1791 1392 interrogetur
1822 1336 2081 1392 legislator,
2120 1337 2208 1381 etsi

319 1417 436 1461 adiri
470 1421 636 1472 posset,
681 1416 788 1471 quia
831 1419 1011 1459 constat
1045 1427 1147 1457 eum
1182 1413 1386 1468 obligare
1418 1426 1509 1456 non
1555 1424 1706 1467 posse,¹
1749 1411 1798 1454 in
1841 1410 2008 1455 ultimo
2052 1415 2207 1455 autem

319 1492 595 1547 interrogari
630 1491 777 1546 debet,
813 1491 849 1534 si
884 1490 1001 1533 adiri
1035 1492 1203 1547 potest.

470 1567 517 1620 3.
564 1567 685 1618 Etsi
726 1566 816 1617 lex
858 1565 1104 1616 humana
1148 1564 1379 1633 quaevis
1419 1581 1517 1631 per
1544 1581 1599 1613 se
1643 1561 1889 1631 epikiam
1931 1561 2205 1626 admittat,

321 1675 390 1708 ex
430 1658 591 1725 praxi
633 1664 820 1707 tamen
862 1655 966 1706 fori
1010 1653 1192 1705 civilis
1249 1654 1306 1704 in
1349 1652 1456 1722 Zeye
1499 1651 1646 1704 civili
1687 1650 1837 1702 nulla
1878 1650 2207 1703 admittitur.

320 1746 377 1799 Si
421 1765 464 1800 e.
504 1765 555 1815 g.
599 1745 875 1815 parochus
926 1751 1151 1814 propter
1204 1750 1494 1810 urgentem
1550 1743 1740 1793 mortis
1802 1758 2028 1792 causam
2071 1739 2210 1790 duos

321 1836 747 1888 concubinarios
802 1835 1155 1886 matrimonio
1217 1833 1398 1900 iungit
1455 1833 1572 1883 sine
1615 1829 1984 1901 praecedente
2027 1830 2209 1881 matri-

320 1928 504 1978 monio
565 1925 733 1992 civili,
794 1924 889 1976 ubi
931 1924 1022 1975 lex
1065 1924 1480 1975 matrimonium
1524 1920 1689 1972 civile
1732 1918 2075 1990 praescribit,
2118 1937 2209 1989 pa-

319 2016 536 2083 rochuS‚
578 2015 827 2085 legitima
857 2033 988 2066 usus
1018 2013 1221 2083 epikia,
1266 2020 1414 2064 recte
1441 2013 1572 2080 agit7
1618 2010 1789 2062 iudex
1815 2009 1997 2062 civilis
2023 2017 2212 2061 tamen

320 2106 626 2176 parochum
667 2124 822 2157 reum
868 2103 1173 2157 declararet
1216 2102 1454 2154 violatae
1495 2101 1632 2170 legis
1674 2099 1873 2152 civilis.

900 2656 1245 2749 Quaestio
1296 2654 1633 2738 septima.

718 2811 826 2863 De
889 2807 1503 2873 obligatione
1571 2806 1832 2872 legis,

978 2967 1276 3027 Articulus
1316 2968 1554 3041 primus,

798 3094 878 3131 De
911 3091 1238 3141 obligatione
1270 3091 1403 3140 legis
1436 3091 1494 3130 in
1526 3101 1734 3140 genere.

481 3241 611 3295 136.
653 3240 1004 3295 Existentia
1049 3240 1463 3307 obligationis,
1519 3239 1567 3292 1.
1613 3236 1911 3304 Quaelibet
1949 3236 2042 3288 lex
2082 3234 2216 3289 obli-

328 3333 610 3400 gationem
671 3333 727 3382 in
771 3331 1108 3382 conscientia
1153 3348 1248 3381 seu
1303 3328 1403 3381 sub
1446 3335 1673 3398 peccato
1715 3327 1961 3379 inducit:
2004 3325 2218 3395 primus

484 3496 511 3549 ’ᾖ
543 3496 612 3539 Cf.
647 3495 846 3547 Snaree,
878 3494 945 3537 De
980 3492 1159 3548 legibus
1192 3494 1221 3536 1.
1257 3494 1298 3536 6.
1332 3507 1366 3536 c.
1403 3493 1440 3535 7.
1475 3506 1518 3535 n.
1555 3492 1624 3534 11.

481 3569 515 3623 ²)
548 3571 586 3615 1.
623 3570 738 3624 Reg.
771 3569 843 3624 21,
876 3569 916 3612 6.
