2269 3898
725 164 791 206 De
823 163 1074 206 virtutibus
1107 163 1424 206 cardinalibus.
1927 166 2012 209 ‘265

146 297 429 352 intelligitur
462 297 635 339 nullam
669 309 796 350 posse
839 309 933 339 esse
981 295 1200 339 virtutem
1251 296 1346 339 sine
1393 297 1649 351 prudentia.
1716 298 2010 350 Quamobrem

145 372 391 427 prudentia
422 374 542 414 recte
576 370 743 413 dicitur
787 371 952 425 alwissa
996 374 1037 411 et
1084 371 1371 413 moderatrix
1415 372 1606 414 omnimn
1652 372 1877 414 virtutum.
1942 372 2012 415 Sic

147 445 454 488 misericordia
486 443 711 486 hominem
745 443 937 487 inclinat
970 444 1026 486 ad
1061 444 1415 487 subveniendum
1450 447 1736 502 pauperibus,
1770 447 2012 502 prudentia

145 533 248 562 vero
283 518 440 569 dictat,
476 520 713 571 quantum,
746 516 837 571 ubi,
871 519 1063 572 quando,
1109 520 1328 572 quomodo
1373 521 1559 574 pauperi
1602 521 1698 563 dari
1742 521 1914 576 debeat,
1958 525 2011 563 ut

145 599 274 636 actus
309 591 642 634 misericordiae
675 591 737 633 sit
770 591 890 633 omni
924 605 977 634 ex
1010 598 1139 646 parte
1172 598 1320 636 rectae
1353 594 1520 636 rationi
1556 595 1837 637 conveniens.

299 682 336 723 b.
372 681 473 735 Ipsa
517 679 749 734 supponit,
802 681 1086 724 voluntatem
1132 682 1241 725 bene
1291 682 1557 736 dispositam
1607 697 1700 726 esse
1748 684 1863 726 circa
1895 686 2009 727 fines

146 756 448 812 particulares
481 754 706 799 virtutum
742 755 999 807 moralium)
1031 769 1086 798 ne
1119 769 1197 810 per
1239 758 1432 799 affectus
1474 756 1757 800 inordinatos
1789 758 2007 800 iudicium

142 830 339 885 prudens
373 833 709 882 corrumpatur:
744 829 816 882 qui
853 829 971 871 enim
1006 835 1126 873 recte
1159 831 1259 872 vult
1292 830 1506 884 iudicare,
1530 830 1585 873 ab
1625 830 1898 874 inordinatis
1941 834 2007 874 af-

139 903 335 946 fectibus
376 902 506 945 debet
539 915 633 944 esse
665 901 897 956 immunis,
931 917 1030 946 cum
1079 903 1389 958 unusquisque
1432 904 1633 948 iudicare
1683 906 1822 948 soleat
1873 913 2006 960 prout

139 982 337 1022 affectus
369 982 450 1020 est.

300 1084 348 1135 3.
395 1084 712 1133 Functiones
754 1101 848 1132 seu
890 1090 1044 1133 actus
1085 1083 1413 1150 prudentiae
1464 1092 1823 1134 numerantur
1871 1092 2003 1134 tres:

137 1172 489 1238 consultatio,
542 1171 810 1222 iudicium
867 1179 919 1221 et
970 1173 1280 1240 imperium.
1362 1172 1488 1241 Ipsa
1544 1174 1689 1223 enim
1734 1173 2005 1241 imprimis

140 1263 404 1330 inquirere
447 1259 610 1311 debet
653 1260 851 1325 media,
897 1279 1036 1329 quae
1079 1264 1390 1312 necessaria
1431 1270 1557 1312 sunt
1583 1263 1650 1312 ad
1687 1262 1867 1327 finem,
1900 1264 1931 1315 i.
1962 1280 2004 1316 e.

140 1360 198 1401 ut
239 1369 375 1419 opus
416 1350 643 1402 honeste
685 1350 797 1415 fiat⁷
840 1350 1042 1401 deinde
1081 1351 1299 1415 iudicat,
1343 1350 1475 1419 quid
1518 1359 1569 1401 et
1599 1351 1871 1419 quomodo
1913 1351 2003 1402 hic

136 1448 191 1491 et
228 1459 376 1490 nunc
414 1426 691 1507 agendum
734 1441 817 1505 sit,
861 1447 921 1490 ut
963 1458 1098 1508 opus
1140 1439 1444 1490 secundum
1486 1441 1745 1490 virtutem
1787 1439 1897 1506 fiat,
1940 1459 2003 1490 ac

136 1529 357 1580 tandem
416 1530 641 1597 imperat
693 1527 837 1579 hanc
891 1527 1116 1579 illamve
1157 1530 1431 1580 actionem
1474 1528 1564 1579 hic
1607 1538 1659 1579 et
1699 1547 1845 1580 nunc
1888 1547 2004 1580 esse

135 1617 462 1668 faciendam.

284 1780 418 1854 3238.
461 1780 546 1833 De
590 1780 756 1833 vitiis
799 1781 1120 1847 oppositis.
1187 1782 1231 1833 1.
1287 1780 1432 1831 Vitia
1473 1780 1798 1849 prudentiae
1840 1799 1999 1850 oppo-

133 1869 238 1919 sita
279 1886 376 1937 per
418 1869 676 1938 defectum
717 1878 870 1919 sunt:

283 1992 330 2024 α.
374 1973 780 2042 Praecipitatio,
823 1992 930 2042 qua
971 1975 1154 2024 statim
1197 1974 1315 2024 sine
1350 1976 1576 2042 praevia
1606 1973 2000 2027 deliberatione

130 2080 268 2131 opus
311 2062 624 2130 suscipitur.

282 2164 325 2218 b.
369 2165 810 2233 Iacens-idemtio,
867 2185 974 2235 qua
1017 2169 1287 2217 omittitur
1327 2174 1539 2218 attenta
1588 2169 1857 2237 inspectio
1900 2171 1995 2235 rei,

130 2253 200 2304 de
243 2271 350 2322 qua
391 2253 751 2305 iudicandum
793 2262 889 2321 est,
933 2263 986 2305 et
1026 2257 1565 2307 circumstantiarum
1609 2260 1741 2310 eius,
1777 2320 1780 2323 Ι

281 2378 319 2411 c.
363 2359 743 2424 Inconstantia,
790 2378 897 2428 qua
932 2361 1047 2411 sine
1078 2360 1187 2412 ulla
1215 2368 1310 2412 aut
1340 2369 1485 2411 certe
1515 2363 1632 2413 sine
1660 2364 1802 2413 iusta
1833 2382 1997 2414 causa

129 2455 375 2498 mutatur
416 2449 686 2498 sententia
726 2448 852 2501 lata.

280 2551 330 2604 d.
376 2549 733 2620 Negliyentia,
790 2571 897 2621 qua
937 2571 1022 2603 res
1065 2552 1367 2605 deliberata
1410 2563 1461 2605 et
1503 2554 1866 2606 determinata
1908 2572 1995 2623 op-

132 2649 365 2708 portuno
408 2649 656 2709 tempore
697 2659 806 2692 non
849 2642 1144 2693 mandatur
1186 2645 1514 2696 executioni.

278 2758 327 2810 2.
382 2758 525 2809 Vitia
566 2759 892 2827 prudentiae
935 2763 1186 2829 opposita
1227 2780 1325 2830 per
1351 2781 1614 2813 excessum
1654 2771 1780 2814 sunt
1813 2764 1995 2832 potius

131 2848 284 2913 vitia7
329 2865 471 2915 quae
513 2847 711 2898 falsam
741 2848 1019 2916 quandam
1051 2851 1290 2918 speciem
1334 2858 1386 2901 et
1426 2851 1844 2903 similitudinem
1873 2871 1995 2921 pru-

129 2936 352 2987 dentiae
395 2936 644 2990 habentt.

278 3061 324 3093 α.
371 3040 663 3091 Prudentia
694 3042 887 3107 earnis,
931 3060 1070 3111 quae
1112 3045 1391 3112 excogitat
1431 3044 1614 3095 media
1655 3044 1726 3096 ad
1768 3044 1991 3113 implen-

131 3128 229 3179 dos
271 3136 449 3179 motus
492 3141 725 3180 naturae
768 3139 1070 3199 corruptae.

278 3232 321 3285 b.
366 3233 597 3299 Astatia,
643 3252 784 3302 quae
826 3236 1104 3303 excogitat
1144 3236 1214 3287 ad
1255 3236 1496 3306 aliquem
1538 3239 1701 3289 finem
1745 3239 1861 3289 sive
1902 3237 1991 3288 bo-

126 3339 259 3371 num
286 3322 402 3371 sive
430 3321 634 3372 malum
672 3325 1129 3392 consequendum
1173 3327 1292 3377 vias
1332 3326 1616 3378 simulatas
1658 3335 1709 3377 et
1751 3326 1992 3378 occultas

128 3409 198 3460 ad
260 3411 576 3477 proximum
637 3410 968 3474 fallendum;
1025 3416 1070 3465 si
1129 3416 1490 3466 committitur
1541 3414 1740 3480 Verbis⁷
1789 3415 1992 3467 dicitur

128 3497 297 3561 dolus,
339 3499 384 3549 si
425 3498 600 3566 factis7
644 3508 874 3552 vocatur
901 3501 1084 3571 fraus,
