2269 3898
503 158 568 199 De
602 155 1015 212 dispensationibus
1047 154 1472 198 matrimonialibus.
1837 154 1921 197 153

50 291 410 361 dispensandi
454 308 548 358 pro
590 289 705 340 foro
747 298 988 353 externo,
1047 290 1102 339 in
1146 289 1262 338 eius
1315 289 1593 356 rescriptis
1648 286 1761 338 fere
1805 305 1919 337 eae—

55 381 179 431 dem
237 379 512 432 clausulae
570 379 920 429 continentur
977 385 1139 445 atque
1192 378 1249 426 in
1305 378 1582 445 rescriptis
1640 377 1922 427 Datariae.

50 469 266 534 Quodsi
320 467 635 519 facultatem
693 465 1050 534 dispensandi
1083 484 1186 534 pro
1227 465 1348 529 foro
1389 467 1596 516 interno
1651 464 1920 529 concedit,

48 557 235 627 quoad
277 555 549 607 clausulas
591 554 728 606 haec
769 555 1011 605 notanda
1054 563 1206 605 sunt:

206 648 250 697 1.
295 646 538 696 Litterae
568 644 994 713 dispensationis
1023 662 1052 693 a
1095 662 1134 693 s.
1164 642 1600 693 Poenitentiaria
1630 659 1921 692 concessae

53 735 226 786 solent
266 732 522 785 inscribi:
566 732 807 782 Discreto
848 733 961 782 viro
1015 731 1341 800 confessario
1400 750 1464 781 θῦε
1505 731 1815 800 approbatis
1857 730 1921 780 ab

48 823 363 887 -orolinario,·
428 841 595 892 quare
657 820 1121 889 dispensationem
1188 822 1387 888 exequi
1454 827 1632 888 potest
1693 818 1925 888 quilibet

54 913 417 964 confessarius
471 910 539 962 ab
590 918 801 961 oratore
843 909 1064 975 electus,
1122 908 1420 960 dummodo
1479 907 1815 977 approbatus
1857 909 1925 958 sit

47 1002 120 1052 ab
166 1001 442 1052 ordinario
484 999 607 1066 loci,
664 1001 719 1049 in
763 1017 870 1068 quo
913 998 1268 1050 concedenda
1309 999 1378 1048 sit
1421 997 1773 1066 dispensatio.

203 1093 250 1141 2.
297 1089 352 1142 Si
394 1090 451 1140 in
504 1089 767 1158 rescripto
822 1088 958 1139 haec
1013 1089 1391 1139 continentur:
1448 1086 1756 1137 discretioni
1808 1095 1925 1136 tuae

47 1181 431 1245 committimus,
486 1187 757 1248 quatemw,
809 1179 855 1229 εἰ
894 1179 973 1228 ita
1013 1179 1083 1228 sit
1123 1209 1195 1214 ——
1237 1176 1322 1227 his
1365 1175 1550 1227 verbis
1593 1176 1923 1227 confessario

51 1270 361 1337 iniungitur
417 1267 678 1336 obligatio
736 1268 817 1335 (ut
871 1267 1019 1317 licita
1072 1268 1141 1317 sit
1194 1265 1550 1335 dispensatio)
1607 1264 1925 1333 inquirendi

51 1376 121 1409 ex
162 1359 279 1427 ipso
322 1359 652 1427 poenitente,
696 1375 828 1408 num
859 1357 1108 1425 exposita
1137 1373 1269 1406 vera
1309 1356 1433 1407 sint.
1515 1355 1651 1405 Eius
1692 1353 1925 1405 affirma—

51 1448 190 1498 tioni
248 1447 572 1516 simpliciter
628 1445 849 1497 credere
906 1453 1099 1514 potest,
1157 1446 1261 1496 nisi
1319 1445 1553 1495 scientia
1594 1451 1925 1494 extrasacra-

52 1537 278 1588 mentali
319 1536 469 1587 aliud
511 1538 663 1587 sciat.

203 1627 252 1678 3.
297 1626 354 1678 Si
397 1627 452 1676 in
493 1625 688 1675 litteris
740 1623 1165 1692 dispensationis
1222 1621 1358 1672 haec
1401 1623 1786 1672 continentur:
1830 1621 1928 1671 La-

48 1725 229 1778 torem,
274 1715 462 1766 audita
493 1715 653 1783 prius
694 1715 804 1764 eius
845 1710 1223 1763 sacramentali
1263 1711 1604 1780 confessione,
1652 1731 1685 1761 a
1725 1709 1927 1780 quibas-

52 1806 129 1856 m's
172 1805 404 1855 censuris
445 1812 534 1856 etc,
579 1803 840 1865 absolvas,
902 1821 1010 1853 non
1053 1801 1200 1852 valet
1241 1800 1594 1869 dispensatio,
1633 1801 1735 1850 nisi
1780 1818 1928 1867 prae-

54 1894 221 1944 missa
245 1892 586 1943 confessione
615 1890 996 1943 sacramentali
1023 1891 1181 1941 detur
1210 1892 1265 1940 in
1295 1898 1421 1940 actu
1447 1890 1831 1954 confessionis3
1876 1897 1930 1939 at

53 2000 164 2033 non
205 1983 504 2050 requiritur
540 1981 810 2032 absolutio
852 1978 1281 2032 sacramentalis
1364 1979 1512 2029 Hinc
1555 1980 1598 2030 si
1641 1979 1928 2047 poenitens

54 2089 165 2123 non
210 2072 278 2121 sit
319 2071 616 2139 dispositus
645 2071 715 2122 ad
757 2069 1116 2121 obtinendam
1146 2067 1568 2130 absolutionem,
1612 2076 1795 2119 tamen
1828 2067 1929 2118 dis-

54 2161 273 2230 pensari
316 2168 509 2229 potest,
552 2168 604 2211 et
646 2161 688 2210 si
731 2159 1001 2211 absolutio
1045 2167 1185 2209 esset
1226 2157 1506 2226 sacrilega,
1570 2156 1928 2208 nihilominus

56 2249 243 2300 valida
284 2258 424 2300 esset
466 2249 868 2318 dispensatim).
952 2247 1164 2311 Quodsi
1207 2247 1476 2298 confessio
1521 2265 1774 2315 expresse
1818 2263 1927 2296 non

55 2340 408 2408 praecipitur,
466 2340 802 2407 dispensatio
846 2356 942 2407 pro
999 2339 1112 2389 foro
1156 2338 1368 2387 interno
1419 2335 1699 2387 fulminari
1752 2343 1930 2403 potes-t

53 2436 212 2479 extra
254 2429 669 2482 confessionem.

205 2519 254 2570 4.
298 2518 368 2568 Vi
424 2518 588 2569 huius
641 2516 949 2569 clausulae:
1005 2518 1247 2568 iniuncta
1293 2516 1626 2584 poenitentia
1681 2511 1928 2577 salutari,

57 2625 198 2677 quae
240 2605 309 2658 ab
353 2607 611 2659 omnibus
654 2607 1032 2658 consideratur
1075 2615 1358 2674 tamquam
1401 2604 1635 2655 condicio
1679 2603 1750 2654 acl
1789 2601 1930 2653 valo-

56 2715 165 2748 rem
192 2699 464 2766 requisita,
508 2699 723 2766 iniungi
762 2696 925 2748 debet
952 2696 1292 2765 poenitentia
1332 2714 1363 2745 a
1392 2693 1729 2762 poenitentia
1759 2710 1929 2742 sacra-

59 2785 283 2838 mentali
350 2786 624 2838 distincta.
709 2785 1058 2854 Quandoque
1126 2782 1471 2851 iniungenda
1537 2779 1932 2850 praescribitur

61 2877 400 2945 poenitentia
438 2876 623 2944 gravis
665 2884 717 2926 et
755 2874 934 2942 longa,
979 2875 1164 2941 gravis
1205 2881 1257 2923 et
1286 2871 1563 2936 diuturna,
1606 2870 1932 2938 gravissima

60 2976 114 3016 et
153 2974 435 3035 perpetua.
518 2965 673 3015 Haec
729 2965 1066 3033 poenitentia
1109 2960 1531 3014 determinanda
1587 2968 1667 3011 est
1723 2958 1791 3009 ab
1850 2976 1930 3024 eo,

61 3056 154 3124 qui
198 3054 664 3123 dispensationem
708 3055 1013 3124 exequitur,
1071 3053 1283 3103 ratione
1325 3049 1515 3101 habita
1572 3048 1930 3113 condicionis,

59 3145 274 3211 aetatis,
317 3161 482 3195 sexus
523 3142 684 3208 illius,
729 3144 817 3193 cui
860 3139 1202 3209 iniungenda
1245 3147 1341 3191 est.

210 3262 250 3290 a.
284 3246 572 3290 Poenitentia
601 3247 760 3302 ymnis
792 3249 836 3289 et
865 3246 998 3301 lonya
1033 3250 1151 3288 esset
1184 3256 1294 3298 opus
1327 3241 1650 3297 poenitentiae,
1696 3240 1812 3294 quod
1856 3252 1934 3293 per

61 3336 232 3366 annum
265 3323 337 3366 vel
370 3335 448 3376 per
479 3324 694 3365 semestre
722 3320 831 3375 quin
863 3320 1001 3363 etiam
1037 3332 1115 3374 per
1146 3317 1378 3362 trimestre
1412 3315 1606 3370 singulis
1640 3312 1933 3357 hebdomadis

217 3515 246 3569 ¹)
279 3515 324 3558 S.
358 3515 611 3557 Poem'tent.
647 3515 715 3556 19.
752 3514 860 3556 maii
896 3513 1023 3556 1854.
