2269 3898
760 123 826 165 De
859 122 1054 176 peccatis
1088 121 1372 176 capitalibus.
1909 123 1992 164 327

286 257 347 298 Et
380 256 450 298 hic
484 255 649 298 iterum
683 260 873 308 apparet-
907 254 1147 296 discrimen
1179 254 1301 297 inter
1345 254 1689 297 delectationem
1740 260 1782 297 et
1833 255 1999 309 cogita-

140 330 310 373 tionem
346 330 399 373 de
430 342 476 371 re
510 329 652 371 mala:
689 328 930 370 delectatio
964 328 1081 370 enim
1118 328 1170 370 de
1203 328 1361 381 copula
1386 328 1554 370 carnali
1579 328 1806 382 prohibita
1830 341 2002 383 semper

139 408 207 446 est
241 408 473 457 peccatum
507 415 660 457 grave,
703 415 792 444 non
824 401 935 444 item
971 401 1024 444 de
1068 402 1221 444 eadem
1266 401 1485 455 cogitatio
1535 406 1580 444 et
1626 402 1918 457 imaginatio:
1965 404 2001 446 si

139 477 256 520 enim
292 478 399 519 haec
431 478 515 518 fiat
550 489 603 518 ex
635 476 727 518 fine
761 475 948 518 honesto
982 488 1015 519 e,
1052 488 1094 529 g.
1130 475 1187 517 ad
1222 475 1485 529 docendum,
1519 475 1633 518 bona
1667 481 1749 530 est,
1782 482 1826 519 et
1860 478 1892 520 si
1914 479 1999 521 fiat

140 565 193 594 ex
226 550 503 604 curiositate,
537 549 714 592 veniale
746 553 979 603 peccatum
1014 553 1096 591 est.
1160 549 1394 591 Eiusmodi
1429 554 1581 591 autem
1616 551 1915 604 cogitationes
1950 552 2003 595 de

140 626 270 668 rebus
307 624 535 667 obscoenis
570 636 746 677 semper
779 623 1054 677 periculosae
1088 631 1209 677 sunt,
1243 636 1292 665 eo
1326 623 1442 676 quod
1474 624 1609 666 facile
1642 632 1887 678 provocant
1909 640 2001 669 sen-

140 711 238 741 sum
272 711 536 748 venereum;
585 701 630 740 et-
665 697 701 740 si
737 697 916 751 quidem
951 698 1133 740 accedat
1170 697 1410 740 delectatio
1455 696 1616 753 (libera
1663 701 2004 754 complacentia)

143 772 194 814 de
228 784 361 814 sensu
394 784 596 826 venereo,
632 772 707 826 qui
741 785 794 814 ex
829 771 1104 826 cogitatione
1138 785 1214 814 seu
1257 770 1589 825 imaginatione
1638 771 1851 815 obscoena
1893 774 2004 817 exci-

138 849 280 900 tatur,
313 859 403 888 non
437 851 505 888 est
536 846 777 889 delectatio
812 859 985 888 morosa
1020 845 1289 900 spiritualis,
1324 846 1376 888 de
1410 858 1497 898 qua
1528 844 1601 887 hic
1634 858 1776 888 sermo
1810 855 1892 900 est,
1927 848 2002 890 sed

142 920 383 963 delectatio
417 933 621 974 venerea,
658 921 711 963 de
745 933 832 974 qua
866 919 973 962 alibi
1010 919 1187 962 «licitur.

304 996 351 1047 2.
414 994 722 1046 Delectatio
785 1012 998 1046 morosa
1060 997 1303 1046 continet
1358 996 1642 1060 malitiam,
1705 1013 1867 1064 quam
1921 1015 2004 1046 res

139 1088 393 1153 cogitata,
439 1103 578 1153 quae
608 1083 802 1153 placet,
842 1102 907 1134 ex
940 1085 1365 1135 circumstantiis
1393 1084 1574 1151 habet,
1620 1086 1666 1135 si
1690 1085 1828 1135 circa
1855 1086 2002 1155 ipffls

139 1182 370 1224 versetur
413 1172 688 1224 delectatio
705 1195 726 1232 ,·
781 1175 1038 1242 quocirca
1082 1173 1368 1224 delectatio
1413 1174 1479 1225 de
1521 1175 1793 1225 occisione
1835 1193 2004 1225 sacer-

143 1262 284 1313 dotis
340 1271 419 1312 est
460 1261 699 1313 mentale
740 1261 1101 1313 homicidium
1147 1262 1470 1331 sacrilegum
1515 1270 1567 1313 et
1608 1263 1897 1314 delectatio
1941 1264 2005 1314 de

143 1350 340 1421 copula
396 1370 517 1402 cum
577 1351 801 1403 moniali
857 1359 937 1403 est
979 1351 1232 1402 mentalis
1283 1352 1569 1403 fornicatio
1623 1352 1903 1420 sacrilega,
1960 1355 2004 1403 si

141 1440 396 1492 voluntas
427 1442 588 1492 etiam
618 1441 684 1493 de
713 1442 1127 1492 circumstantia
1157 1441 1446 1492 sacerdotii
1488 1450 1540 1492 et
1581 1443 2005 1493 consecrationis

140 1529 455 1582 delectetur.

288 1618 333 1661 Si
367 1631 472 1673 ergo
505 1619 718 1662 voluntas
753 1620 806 1661 de
839 1619 1211 1673 circumstantiis,
1245 1632 1357 1673 quae
1389 1620 1436 1661 in
1469 1619 1641 1663 obiecto
1664 1621 1782 1663 malo
1805 1620 2007 1674 cogitato

138 1692 443 1748 reperiuntur,
476 1693 733 1736 formaliter
765 1707 854 1736 non
889 1694 1158 1750 delectatur,
1190 1694 1415 1736 malitiam
1450 1694 1894 1737 circumstantiarum
1919 1708 2007 1736 non

141 1767 390 1810 contrahit:
437 1781 536 1810 cum
572 1768 690 1811 enim
724 1782 814 1810 non
848 1772 1015 1822 agatur
1048 1769 1101 1811 de
1132 1781 1180 1811 re
1213 1769 1333 1811 mala
1367 1781 1511 1823 opere
1557 1768 1647 1811 iam
1698 1772 1880 1822 peracta
1927 1772 2010 1811 aut

142 1842 414 1896 peragenda,
449 1842 525 1885 sed
560 1842 704 1884 solum
740 1843 792 1884 de
824 1855 871 1884 re
905 1841 1124 1896 cogitata,
1157 1841 1433 1896 praecisione
1464 1843 1589 1885 facta.
1621 1841 1677 1885 ab
1720 1842 1815 1885 eius
1858 1855 2008 1884 execu-

137 1915 274 1970 tione,
307 1930 397 1959 non
426 1916 711 1959 contrahitur
734 1916 913 1959 malitia
938 1916 1399 1971 circumstantiarum,
1432 1916 1479 1958 in
1504 1929 1614 1970 quas
1636 1917 1848 1959 voluntas
1871 1916 2006 1971 expli-

139 1989 228 2033 cite
261 2004 349 2033 non
382 1992 571 2033 feratur.
637 1989 722 2043 Qui
757 2003 863 2045 ergo
896 1989 943 2032 in
978 1990 1182 2044 exemplo
1216 2003 1353 2044 supra
1385 1989 1532 2044 posito
1568 1990 1620 2032 de
1665 1990 2008 2033 circumstantia

142 2064 303 2107 obiecti
336 2079 426 2107 non
461 2065 728 2119 delectatur,
762 2078 859 2108 eam
892 2078 981 2107 non
1032 2064 1261 2106 contrahit
1309 2070 1354 2107 et
1402 2063 1590 2118 proinde
1636 2064 1684 2107 in
1732 2063 2008 2107 confessione

139 2138 367 2181 satisfacit
417 2138 594 2182 dicens:
654 2138 900 2181 delectatus
947 2152 1043 2181 sum
1094 2138 1147 2181 de
1194 2138 1432 2181 homicidio
1446 2151 1465 2191 ,·
1513 2138 1759 2181 delectatus
1805 2152 1903 2180 snm
1953 2137 2007 2180 de

128 2214 450 2270 fornicatione.

894 2404 1248 2418 [WJM‘X
1635 2410 1653 2433 st

767 2686 1109 2779 Quaestio
1160 2691 1390 2753 sexta.

589 2838 678 2891 De
720 2839 1029 2901 peccatis
1072 2834 1566 2902 capitalibuel).

293 2998 416 3052 301.
457 2998 763 3052 Notiones.
847 3000 893 3050 1.
938 3000 1171 3050 Peccata
1205 2997 1463 3067 capitalia
1504 3014 1614 3048 non
1654 2996 1777 3048 ideo
1820 2995 2007 3046 dicun·

143 3096 231 3138 tur
278 3085 538 3157 capitalia
592 3086 680 3138 vel
731 3087 1002 3155 mortalia,
1057 3087 1204 3157 quod
1258 3094 1437 3138 essent
1489 3093 1715 3155 peccata
1767 3085 2008 3136 maxima

145 3184 239 3227 aut
280 3194 495 3244 semper
535 3175 802 3245 mortalia,
846 3177 941 3228 sed
984 3177 1113 3246 quia
1142 3183 1269 3227 sunt
1304 3175 1472 3226 veluti
1503 3176 1684 3244 capita
1724 3182 1776 3224 et
1815 3174 2005 3235 fonteS,

303 3325 330 3378 1)
360 3323 407 3366 S.
446 3324 653 3376 Thomas,
685 3324 751 3367 De
784 3324 903 3366 malo
937 3338 977 3378 q.
1011 3324 1050 3367 8.
1084 3325 1361 3376 Holemann,
1393 3323 1643 3378 Theologia
1675 3335 1782 3365 mor.
1815 3321 1851 3362 Ι.
1885 3323 1940 3362 tr.
1966 3320 2007 3361 3.

147 3399 261 3455 disp.
282 3399 322 3444 2.
357 3413 392 3442 c.
426 3400 465 3442 5.
501 3399 704 3456 Strzzqyl,
739 3398 990 3453 Theologia
1021 3399 1177 3441 moral.
1210 3401 1267 3441 tr.
1301 3398 1341 3441 2.
1376 3412 1415 3453 q.
1452 3399 1491 3441 3.
1531 3393 2008 3439 Ballermi-Palmterc·

145 3473 183 3518 I.
218 3487 260 3516 n.
296 3473 545 3516 697-—745
