2269 3898
639 144 705 186 De
736 143 1077 199 impedimentis
1110 144 1405 188 matrimonii.
1908 147 1964 188 93

88 276 257 318 tionem
293 276 550 319 faciendam
585 276 887 331 praescribere
920 283 1111 331 possunt
1159 277 1326 332 absque
1375 278 1559 333 speciali
1610 278 1799 322 licentia
1847 279 1965 322 sedis

88 350 416 404 apostolicae1).

238 440 285 492 2.
329 440 770 508 Promulgationi
828 440 1145 509 aequivalet
1205 439 1439 509 Zeyitz'ma
1497 443 1830 509 consuetudo,
1890 444 1965 492 ita

88 536 146 578 ut
189 527 469 580 decretum
497 529 860 580 tridentinum
889 528 1086 595 valeat,
1130 528 1226 580 ubi
1269 548 1365 598 per
1388 530 1696 598 legitimam
1740 550 1961 582 consue-

86 618 335 668 tudinem
378 618 753 669 introductum
797 618 942 685 est2).

236 734 276 762 a.
313 720 578 764 Observatio
611 721 760 776 igitur
794 721 962 764 decreti
996 721 1240 764 tridentini
1274 728 1508 777 tamquam
1543 724 1660 778 legis
1704 723 1967 778 pontificiae

87 808 164 838 seu
188 808 220 838 s.
246 795 423 838 concilii
448 809 527 851 per
559 795 742 850 aliquod
776 800 957 850 tempus
989 796 1130 848 (ultra
1163 796 1459 851 decennium),
1493 797 1579 840 etsi
1614 801 1789 840 constet
1826 798 1966 840 decre-

88 875 185 912 tum
219 883 452 924 nunquam
496 871 839 925 promulgatum
884 871 1040 925 fuisse,
1085 871 1328 913 constituit
1372 872 1562 914 titulum
1607 871 1902 926 obligationis
1942 885 1968 914 a

87 950 350 998 praesumta
383 945 751 1000 promulgatione
787 945 1028 988 diversum.
1095 945 1196 988 Etsi
1229 959 1318 988 non
1352 959 1505 988 omnes
1537 946 1584 988 id
1618 947 1880 999 concedant,
1915 946 1967 987 de

87 1017 183 1061 eius
216 1018 412 1061 veritate
446 1022 599 1062 tamen
633 1018 710 1061 vix
746 1019 947 1062 dubitari
981 1024 1155 1074 potest:
1192 1019 1360 1062 etenim
1397 1019 1433 1062 si
1468 1033 1546 1074 per
1578 1020 1836 1075 legitimam
1871 1034 1965 1063 con-

91 1093 377 1136 suetudinem
411 1095 585 1146 (contra
617 1094 783 1148 legem)
815 1095 887 1137 lex
919 1094 1012 1137 ista
1044 1094 1253 1149 abrogari
1288 1098 1454 1149 potest,
1488 1109 1513 1137 a
1545 1095 1724 1137 fortiori
1759 1108 1838 1150 per
1860 1095 1968 1149 legi-

88 1168 249 1210 timam
292 1168 664 1211 consuetudinem
710 1168 974 1224 (secuudum
1016 1169 1181 1223 legem)
1225 1168 1453 1212 introduci
1497 1175 1669 1224 potest:
1717 1169 1846 1224 atqui
1890 1183 1969 1223 per

88 1242 461 1286 consuetudinem
496 1242 705 1298 abrogari
739 1248 905 1298 potest.
965 1245 1187 1286 Affirmat
1230 1243 1348 1285 enim
1398 1244 1517 1286 Pius·
1571 1243 1666 1286 VII.
1710 1243 1758 1286 in
1796 1243 1969 1286 litteris

87 1317 144 1359 ad
177 1317 563 1372 archiepiscopum
598 1318 922 1373 moguntinum
958 1319 1016 1373 (8.
1053 1323 1139 1361 oct.
1176 1318 1308 1371 1803)
1332 1317 1468 1372 datis,
1502 1318 1798 1361 matrimonia
1820 1318 1968 1360 mixta

88 1405 234 1434 coram
270 1392 481 1435 ministro
514 1393 765 1436 acatholico
800 1397 1036 1436 contracta
1068 1392 1224 1435 valida
1257 1405 1352 1435 esse
1384 1392 1432 1435 in
1465 1392 1589 1446 locis,
1622 1391 1670 1434 111
1703 1392 1866 1446 quibus
1901 1392 1968 1434 de-

89 1473 261 1510 cretum
298 1467 602 1510 tridentinum
637 1467 685 1510 in
720 1467 1065 1510 desuetudinem
1100 1466 1236 1511 abiit:
1283 1471 1328 1509 et
1361 1480 1397 1508 s.
1444 1466 1651 1522 Officium
1697 1467 1784 1519 (11.
1834 1473 1967 1508 mart.

91 1541 223 1593 1860)
256 1542 520 1596 declaravit,
553 1542 601 1584 111
634 1542 823 1597 Iaponia
854 1542 1000 1596 legem
1047 1541 1347 1584 tridentinam
1392 1540 1580 1595 (ibidem
1626 1540 1732 1583 olim
1777 1542 1970 1595 promul-

88 1622 264 1670 gatam)
299 1617 345 1659 in
381 1616 725 1659 desuetudinem
761 1614 963 1668 abiisse³jz

239 1691 279 1740 b)
315 1691 481 1734 Verum
516 1690 726 1745 repetitis
775 1690 949 1733 vicibus
999 1704 1030 1733 s.
1083 1690 1210 1733 sedes
1259 1690 1395 1732 simul
1447 1690 1712 1744 declaravit,
1765 1691 1968 1744 „nullum

87 1766 304 1820 temporis
338 1766 539 1820 spatium
573 1767 796 1820 sufficere,
828 1772 882 1808 ut
926 1765 999 1807 lex
1042 1764 1298 1807 tridentina
1344 1763 1437 1807 vim
1484 1764 1719 1819 obligandi
1764 1764 1971 1808 amisisse

87 1846 323 1883 censeatur
354 1841 506 1895 aliquo
539 1841 585 1883 in
619 1841 714 1883 loco
739 1840 792 1883 ob
817 1839 1068 1895 simplicem
1088 1853 1177 1883 non
1196 1839 1530 1882 observantiam
1552 1838 1968 1894 haereticorum⁴‘4).

240 1975 386 2018 Nota.
453 1975 497 2018 Si
547 1976 769 2018 alteruter
817 1974 1060 2030 coniugum
1110 1988 1136 2017 a
1189 1974 1288 2028 lege
1338 1973 1592 2017 tridentina
1632 1977 1838 2017 exemtus
1887 1977 1970 2027 est,

89 2062 123 2091 e.
158 2062 201 2103 g.
236 2049 413 2093 ratione
445 2050 544 2103 loci,
578 2050 625 2092 in
660 2063 745 2104 quo
780 2048 976 2103 habitat,
1012 2048 1329 2102 exemtionem,
1365 2062 1452 2102 qua
1485 2048 1582 2103 ipse
1614 2048 1800 2102 fruitur,
1834 2048 1968 2091 alteri

95 2127 215 2178 parti
250 2125 576 2167 communicat:
628 2124 970 2167 matrimonium
1007 2123 1125 2166 enim
1160 2129 1230 2166 est
1262 2136 1331 2166 res
1363 2122 1620 2176 individua,
1662 2122 1868 2176 quocirca
1899 2121 1970 2164 ius

88 2199 223 2241 unius
263 2199 625 2241 communicatur
657 2199 807 2253 alteri,
839 2198 929 2240 nisi
962 2199 1034 2241 lex
1068 2198 1194 2240 aliud
1228 2201 1423 2240 statuat.
1490 2196 1608 2239 Hinc
1642 2195 1678 2238 si
1711 2209 1829 2238 unus
1874 2209 1969 2238 con-

90 2273 373 2317 trahentium
409 2274 589 2316 habitat
623 2273 670 2316 in
703 2274 814 2327 loco,
848 2273 895 2315 111
930 2286 1015 2327 quo
1048 2273 1121 2315 lex
1154 2272 1410 2315 tridentina
1443 2271 1587 2326 viget,
1620 2270 1738 2313 alter
1769 2271 1818 2313 in
1859 2271 1969 2325 loco,

89 2347 164 2390 ubi
198 2361 287 2391 11011
321 2341 464 2403 viget,
498 2353 542 2391 et
577 2349 853 2391 contrahunt
885 2348 933 2390 111
966 2348 1060 2390 1000
1106 2352 1298 2400 exemto,
1344 2346 1599 2389 observatio
1644 2345 1761 2400 legis
1803 2344 1970 2387 triden-

92 2423 213 2465 tinae
246 2423 303 2465 ad
337 2423 534 2465 valorem
570 2423 850 2466 matrimonii
887 2436 976 2465 non
1010 2421 1308 2476 requiritur³>.

239 2571 336 2626 94.
393 2573 520 2626 Lex
566 2573 905 2626 tridentina
957 2572 1169 2626 localis
1223 2573 1332 2624 est.
1412 2571 1499 2622 Ex
1549 2589 1628 2636 eo,
1686 2569 1831 2639 quod
1879 2568 1970 2620 lex

92 2662 314 2713 irritans
344 2665 694 2714 matrimonia
722 2662 1067 2714 clandestina
1091 2660 1279 2713 localis
1309 2669 1405 2726 est,
1451 2659 1745 2711 inhaerens
1772 2677 1970 2728 nempe

91 2753 381 2815 territorio,
424 2751 562 2803 haec
603 2761 935 2822 sequuntur:

243 2877 290 2909 α.
335 2857 454 2908 Lex
508 2856 716 2925 obligat
769 2875 973 2921 omneS,
1034 2857 1125 2925 qui
1184 2853 1517 2906 contrahunt
1572 2855 1628 2905 in
1683 2853 1818 2920 loco,
1874 2851 1968 2903 ubi

93 2947 212 3016 ipsa
254 2948 419 3015 viget,
463 2947 563 2998 etsi
605 2946 681 2997 ibi
726 2964 835 2997 non
880 2945 1125 2997 habeant
1166 2942 1509 2996 domicilium
1551 2961 1653 2994 neo
1695 2941 1968 3012 quasi-do-

250 3143 277 3195 1)
309 3141 376 3185 Cf.
411 3140 593 3184 Archiv.
628 3142 661 3183 f.
694 3141 737 3185 k.
773 3141 872 3183 KR.
908 3140 991 3182 Bd.
1026 3140 1095 3182 63.
1131 3138 1173 3182 S.
1209 3138 1308 3192 156,
1343 3141 1499 3180 contra
1531 3150 1582 3180 ac
1616 3135 1862 3191 opinantur
1895 3134 1967 3176 Zi-

91 3216 188 3270 tella·
218 3220 265 3260 et
300 3216 541 3271 Gaspczrri.

249 3288 278 3345 2)
311 3290 358 3333 S.
397 3291 603 3347 Officium
639 3289 676 3331 1.
711 3289 820 3332 maii
856 3289 982 3331 1887.

245 3364 277 3419 3)
309 3365 376 3408 Cf.
410 3380 447 3408 s.
486 3365 691 3421 Officium
727 3366 766 3406 1.
801 3363 911 3406 maii
945 3363 1074 3408 1887.

248 3439 280 3494 4)
312 3440 358 3483 S.
398 3440 605 3496 Officium
639 3439 696 3482 ad
730 3438 990 3493 episcopum
1025 3440 1202 3492 argent.
1236 3436 1277 3479 6.
1310 3436 1390 3478 iul.
1429 3435 1555 3478 1892.

251 3514 280 3570 ⁵)
313 3514 591 3558 Benedictus
625 3513 750 3557 XIV.
785 3514 852 3556 De
887 3512 1057 3566 synodo
1089 3512 1118 3554 1.
1154 3511 1194 3555 6.
1229 3525 1265 3554 0.
1298 3511 1337 3553 6.
1371 3524 1414 3553 n.
1451 3510 1519 3554 12.
