2269 3898
698 148 764 190 De
796 151 962 190 natura
994 147 1307 191 conscientiae.
1845 150 1928 191 217

65 278 184 331 lens
225 280 514 344 actionem,
573 279 672 329 etsi
715 278 858 330 mala
899 288 1055 346 esset,
1112 282 1168 331 in
1211 281 1416 331 malum
1459 282 1744 348 consentit,
1787 281 1928 333 ideo·

64 386 172 437 que
212 375 431 436 peccat:
475 386 620 418 omne
661 368 824 433 enim,
867 368 1005 436 quod
1041 386 1148 419 non
1188 378 1263 419 cst
1304 387 1367 419 coc
1392 369 1505 438 fide
1547 371 1582 422 i.
1610 388 1653 425 e.
1686 388 1754 420 ex
1784 377 1930 421 certa

69 457 416 526 persuasione
457 455 728 522 Recitatis,
761 464 1037 525 peccatum
1079 456 1217 521 est1).

215 588 256 616 α.
289 575 544 628 Peccatum,
577 574 694 628 quod
727 586 867 628 agens
901 587 1000 616 cum
1036 573 1401 631 dubio-practico
1432 576 1696 630 committit,
1730 576 1930 620 eiusdem

61 655 136 693 est
167 648 329 703 speciei
363 652 408 691 et
431 647 693 702 gravitatis,
726 661 777 691 ac
799 651 1034 702 peccatum
1060 661 1159 690 cum
1184 633 1605 715 certhcientia
1629 650 1930 694 commissum.

70 722 155 776 Qui
189 735 294 776 ergo
329 721 526 776 dubitat,
561 735 667 764 num
700 721 762 775 id,
814 722 931 775 quod
963 723 1170 765 facturus
1203 725 1287 776 est,
1320 722 1382 765 sit
1415 735 1554 777 grave
1587 729 1838 778 peccatum,
1886 728 1931 767 et

65 796 362 840 nihilominus
394 796 509 850 agit,
545 794 750 850 graviter
782 801 958 850 peccat;
995 799 1038 838 et
1073 795 1148 850 qui
1182 795 1229 838 in
1265 796 1414 851 dubio,
1447 810 1554 839 num
1589 797 1722 840 hodie
1753 798 1813 840 sit
1837 798 1931 841 abs-

65 870 305 914 tinendum
349 883 375 912 a
418 870 642 924 carnibus,
683 870 981 913 nihilominus
1016 871 1225 925 comedit,
1259 876 1413 926 peccat
1448 877 1604 915 contra
1638 877 1927 928 praeceptum

60 944 384 988 abstinentiae.
451 943 597 997 Quare
639 943 686 987 in
731 945 1008 988 confessione
1052 945 1228 988 sufficit
1274 945 1441 989 dicere:
1494 946 1565 988 die
1597 946 1743 990 vetito
1778 960 1931 990 carnes

60 1018 251 1061 comedi.

218 1121 254 1163 b.
287 1120 440 1176 Inepti
474 1126 629 1164 tamen
662 1126 783 1176 sunt,
818 1122 893 1176 qui
927 1126 1030 1177 post
1062 1124 1236 1166 factum
1270 1123 1379 1178 angi
1403 1128 1448 1167 et
1470 1124 1518 1167 in
1541 1123 1668 1167 libris
1692 1126 1763 1168 vel
1787 1139 1812 1168 a
1838 1139 1933 1168 con-

66 1195 255 1239 fessario
288 1195 514 1250 inquirere
546 1195 790 1251 incipiunt,
823 1210 931 1240 num
966 1198 1274 1253 peccaverintj
1309 1198 1420 1241 item
1444 1199 1520 1253 qui
1543 1199 1590 1242 in
1615 1199 1749 1242 dubio
1773 1203 1933 1254 agunt,

66 1274 113 1313 et
144 1273 301 1325 postea
325 1275 644 1324 cognoscentes
668 1271 891 1314 actionem
915 1272 1111 1326 positam
1142 1286 1231 1315 non
1262 1286 1358 1316 esse
1388 1274 1571 1328 malam,
1608 1287 1697 1316 non
1736 1274 1933 1328 amplius

67 1347 321 1399 anguntur:
356 1358 461 1387 nam
495 1345 731 1388 moralitas
764 1345 957 1388 actionis
991 1349 1089 1389 tota
1123 1347 1291 1401 pendet
1313 1361 1339 1390 a
1364 1347 1609 1391 dictamine
1633 1348 1933 1391 conscientiae

58 1418 358 1462 antecedente
396 1422 443 1461 et
482 1419 815 1462 concomitante
836 1419 981 1474 ipsam
1009 1420 1258 1473 actionem3
1295 1421 1576 1484 dnhinmvel
1611 1420 1810 1476 cognitio
1821 1420 1935 1464 sub

65 1504 252 1564 sequens
286 1492 597 1560 moralitatem
628 1493 820 1555 actionis
853 1493 1025 1549 positae
1059 1498 1237 1537 mutare
1269 1482 1441 1549 nequit

214 1596 263 1648 2.
319 1596 429 1659 Qui
487 1595 702 1647 dubitat
760 1596 826 1647 de
866 1595 1104 1647 liceitate
1146 1598 1380 1648 actionis
1422 1598 1729 1666 ponendae,
1786 1606 1931 1650 ante-

62 1703 230 1754 quam
272 1693 415 1753 agat,
460 1685 673 1736 dubiam
713 1685 971 1755 deponere
1000 1694 1049 1736 ct
1076 1687 1445 1738 conscientiam
1463 1688 1702 1757 practice
1743 1697 1936 1739 certam

64 1774 170 1825 >sibi
212 1773 447 1825 formare
491 1773 670 1826 debet.
750 1774 977 1844 Duplex
1030 1784 1212 1826 autem
1267 1783 1418 1827 exta-t
1473 1777 1565 1827 via
1626 1784 1678 1827 et
1731 1776 1933 1828 metho-

64 1862 169 1913 dus
226 1862 540 1931 deponendi
602 1863 833 1914 dubium
890 1862 1106 1932 sibique
1160 1864 1482 1916 efformandi
1541 1865 1933 1916 conscientiam

66 1953 304 2020 practice
348 1960 568 2018 certam,
614 1952 822 2003 directa
864 1960 915 2003 et
955 1952 1244 2004 indirecta.

229 2084 269 2113 a.
315 2071 504 2129 Difficte
549 2070 746 2116 dubium
790 2070 1064 2128 praet-icum
1109 2076 1315 2116 conatur
1361 2071 1620 2129 deponere,
1665 2072 1746 2130 qui
1778 2072 1829 2118 in
1860 2072 1933 2118 rei

63 2144 332 2190 veritatem
380 2145 461 2191 vel
511 2145 718 2190 actionis
769 2145 1057 2196 liceitatem‚
1109 2145 1241 2190 circa
1289 2159 1429 2203 quam
1472 2146 1669 2192 dubium
1714 2147 1935 2205 specula-

64 2219 222 2265 tivum
266 2224 511 2273 versatur,
559 2219 777 2277 inquirit,
835 2233 890 2265 eo
946 2220 1071 2277 quod
1123 2219 1396 2278 investigat
1443 2221 1663 2266 rationes
1712 2221 1935 2267 internas

63 2293 321 2339 consulens
356 2293 508 2338 libros
541 2294 622 2339 vel
699 2300 890 2339 oct01es
936 2299 1028 2339 etc.
1092 2294 1320 2338 Indu-ecte
1366 2308 1450 2341 seu
1498 2293 1684 2340 reflexe
1737 2295 1935 2341 dubium

63 2367 337 2426 practicum
389 2367 648 2426 deponitu
684 2381 813 2434 ope
834 2367 1044 2429 alicuius
1088 2368 1324 2432 principii
1365 2366 1566 2427 reflexi:
1617 2382 1728 2414 nam
1763 2368 1935 2414 horum

63 2454 154 2498 ope
200 2441 421 2487 deveniri
470 2446 635 2499 potest
684 2442 747 2487 ad
797 2426 1156 2488 conclusionem
1204 2429 1427 2500 practice
1478 2448 1680 2497 00113111,
1723 2443 1812 2488 hoc
1854 2443 1935 2489 vel

63 2515 189 2560 illud
222 2514 411 2560 licitum
446 2529 553 2561 esse
587 2521 908 2574 permanente
945 2516 1089 2562 dubio
1124 2517 1430 2575 speculativo
1462 2517 1679 2571 (11.194).

215 2620 251 2662 h.
285 2619 330 2662 Si
367 2619 553 2663 dubium
585 2625 795 2664 versatur
827 2620 944 2664 circa
975 2621 1122 2675 legem
1157 2622 1229 2664 vel
1262 2625 1567 2676 praeceptum,
1612 2622 1728 2676 quod
1773 2621 1846 2664 hic
1889 2625 1952 2701 etf

63 2706 185 2736 nunc
208 2693 397 2748 obligat,
431 2695 590 2737 modus
616 2695 814 2738 directus
839 2695 1093 2749 deponendi
1117 2695 1439 2739 conscientiam
1465 2695 1647 2739 dubiam
1671 2696 1816 2750 primo
1839 2696 1948 2739 1000,Δ

63 2767 348 2811 adhibendus
381 2772 464 2822 est,
504 2768 773 2824 inquirendo
815 2769 989 2813 scilicet
1032 2770 1191 2813 morali
1238 2770 1482 2825 diligentia
1514 2770 1562 2812 in
1593 2771 1658 2813 rei
1690 2770 1933 2813 veritatem

66 2842 138 2885 vel
169 2841 362 2885 actionis
395 2842 665 2886 liceitatem:
701 2843 928 2896 quaelibet
960 2844 1079 2887 enim
1103 2845 1176 2889 lex
1198 2844 1424 2899 imprimis
1454 2845 1511 2888 ad
1535 2845 1604 2888 sui
1628 2844 1935 2900 cognitionem

64 2915 253 2971 obligat.
320 2915 535 2969 Quocirca
568 2916 643 2971 qui
677 2930 731 2959 ex
763 2918 1051 2973 negligentia
1082 2919 1130 2962 in
1163 2918 1460 2973 inquisitione
1492 2919 1705 2962 veritatis
1737 2919 1935 2974 periculo

66 3003 113 3033 se
145 2989 331 3044 exponit
362 2990 508 3046 legem
543 2990 926 3046 transgrediendi,
958 2992 1041 3035 hoc
1071 2992 1170 3047 ipso
1203 2997 1373 3047 peccat.
1435 2993 1490 3036 In
1522 2993 1605 3036 hac
1637 2998 1790 3036 autem
1824 2993 1934 3036 veri-

66 3064 180 3107 tatis
212 3063 570 3119 investigatione
612 3078 702 3108 non
736 3064 867 3108 debet
900 3066 1105 3110 adhiberi
1151 3066 1395 3122 diligentia
1439 3080 1630 3121 summa,
1673 3067 1933 3122 usurpando

67 3138 239 3181 scilicet
271 3138 423 3181 omnia
454 3139 618 3193 media,
652 3152 765 3193 quae
797 3139 1002 3183 adhiberi
1035 3145 1246 3195 possunt:
1296 3141 1378 3184 hoc
1425 3141 1544 3184 enim
1577 3145 1695 3184 esset
1729 3154 1838 3183 onus
1870 3140 1935 3183 in-

65 3211 316 3267 tolerabile,
351 3213 427 3256 sed
461 3213 736 3268 sufficit‚'ut
769 3213 1041 3257 adhibeatur
1074 3214 1319 3268 diligentia
1352 3216 1552 3269 moralis,
1586 3228 1699 3269 quae
1732 3215 1825 3257 sola
1858 3214 1935 3257 hu-

67 3299 226 3329 manae
257 3289 449 3329 naturae
481 3288 820 3331 accommodata
853 3292 921 3331 est
952 3290 1011 3341 (n.
1045 3290 1129 3342 41).

1823 3381 1862 3420 (Ξ,

222 3495 251 3545 ¹)
282 3494 411 3536 Rom.
451 3495 519 3548 14,
553 3494 622 3536 23.

894 3544 908 3561 f
1238 3545 1263 3555 r>
1552 3546 1633 3561 ἠπ
1743 3555 1746 3557 .
1794 3542 1849 3563 ι».

73 3638 191 3703 καῖ),
282 3623 337 3663 [ζ
505 3639 509 3641 .
654 3693 659 3696 t
799 3628 871 3633 —s‘
968 3628 973 3629 ⁷
1099 3684 1136 3695 ,ζ
1227 3687 1266 3699 ’ἢ
1394 3665 1404 3688 ’Δ
1460 3686 1462 3688 v
1496 3634 1587 3695 A(
1622 3627 1757 3678 aab}
1891 3654 1893 3657 ι
1944 3633 1969 3641 ,,
2011 3629 2014 3632 .

140 3695 144 3709 ,
519 3708 522 3709 ⁷
638 3700 653 3707 ‚i
680 3700 683 3702 .

140 3713 160 3724 ⁸*
176 3712 387 3777 ψὲἶζῖ-’ᾇ
423 3724 513 3757 staf-
530 3725 552 3769 ἡξ,
563 3722 571 3729 ”
634 3739 640 3743 ,
661 3718 678 3742 2.
691 3719 712 3731 ¹²
727 3722 770 3741 7}-
