2269 3898
610 152 676 194 De
707 151 1046 206 impedimentis
1080 151 1374 194 matrimonii.
1871 152 1926 194 95

59 283 156 330 etsi
188 284 237 329 in
269 283 496 329 fraudem
532 283 658 341 legis
692 284 742 329 in
776 285 931 329 locum
968 289 1211 329 exemtum
1246 284 1600 340 migraverint:
1644 298 1733 342 per
1775 285 1925 330 domi-

57 358 226 404 cilium
262 358 388 403 enim
421 358 544 403 fiunt
576 358 845 416 participes
878 357 1145 416 privilegii7
1188 371 1277 414 quo
1320 358 1511 403 incolae
1556 358 1652 403 loci
1684 357 1926 403 fruuntur.

210 433 246 474 b.
297 430 351 477 Si
394 433 439 474 in
479 431 702 488 fraudem
751 432 865 487 leyis
913 431 962 476 in
1010 432 1167 476 locum
1220 437 1463 476 exemtum
1505 432 1835 489 migraverint
1880 439 1926 478 et

58 507 192 552 nullo
242 506 482 563 acquisito
533 505 779 551 domicilio
830 505 1154 558 contrahant,
1210 518 1303 549 non
1357 505 1495 550 valet
1550 505 1927 551 matrimonium.

60 580 252 626 Verba:
287 580 327 625 si
363 579 459 624 alio
494 594 545 625 se
580 581 895 624 transierunt
929 593 1024 622 cum
1043 578 1218 634 frande
1243 578 1330 623 alii
1354 578 1641 636 intelligunt
1666 580 1724 625 de
1749 578 1927 625 fraude

56 654 360 704 intentionali,
394 667 517 710 quae
551 653 805 711 reperitur
838 652 887 697 in
921 653 996 708 iis,
1032 652 1112 709 qui
1146 652 1277 696 mala
1311 651 1406 696 fide
1432 652 1460 696 i.
1487 665 1527 697 e.
1554 658 1640 697 aut
1662 652 1803 698 unice
1841 658 1925 698 aut

58 727 405 786 principaliter
452 728 514 772 ad
560 727 924 772 matrimonium
970 726 1039 771 ibi
1089 726 1474 772 contrahendum
1522 732 1571 770 et
1613 726 1818 783 proinde
1867 727 1929 771 ad

58 801 354 847 eludendam
398 802 556 858 legem
601 801 697 846 alio
740 815 790 846 se
838 799 1120 856 conferant3
1167 800 1253 845 alii
1297 814 1415 844 vero
1452 813 1510 844 ea
1544 800 1834 857 intelligunt
1869 801 1926 845 de

54 874 232 921 fraude
267 876 480 927 inridiea,
521 889 662 932 quam
706 876 809 933 ipso
852 873 1001 930 facto,
1049 888 1138 932 quo
1183 874 1280 918 alio
1315 888 1366 918 se
1402 872 1675 929 conterunt,
1712 875 1928 920 commit-

59 957 183 1006 tunt,
233 964 287 995 eo
330 950 452 1008 quod
494 950 743 1007 proprium
787 949 1054 1006 parochum
1098 947 1339 993 fraudant
1382 948 1486 992 iure
1534 962 1616 993 suo
1661 948 1929 993 assistendi

59 1024 370 1069 matrimonio
385 1024 428 1075 ¹).
1040 1078 1044 1082 ⁴

207 1113 239 1141 c.
287 1098 341 1144 si
384 1112 497 1154 ergo
531 1103 736 1155 uterque
771 1097 849 1143 vel
885 1110 1006 1142 unus
1040 1097 1218 1141 saltem
1254 1096 1651 1141 contrahentium
1687 1096 1737 1141 in
1770 1097 1928 1142 locum

60 1180 301 1218 exemtum
338 1186 388 1218 se
424 1170 616 1217 confert
649 1185 743 1217 non
777 1171 992 1217 nubendi
1027 1184 1190 1221 causa,
1234 1170 1320 1215 sed
1361 1171 1409 1215 in
1445 1170 1594 1215 alium
1628 1171 1772 1215 tinem
1810 1185 1849 1215 e.
1885 1185 1929 1228 g.

57 1247 122 1291 ad
155 1247 401 1303 nogotium
436 1245 702 1303 gerendum
738 1246 818 1291 vel
853 1245 1088 1291 sanitatis
1124 1250 1209 1290 aut
1242 1244 1513 1302 voluptatis
1550 1258 1712 1298 causa,
1758 1245 1930 1290 matri-

59 1321 268 1365 monium
301 1321 522 1378 practice
560 1320 816 1365 dicendum
854 1324 930 1364 est
963 1319 1196 1364 validum.

209 1424 249 1452 α.
285 1409 500 1462 Quamvis
533 1410 605 1452 lex
638 1409 891 1451 tridentina
924 1409 1020 1451 lata
1063 1408 1125 1450 sit
1159 1422 1184 1450 a
1229 1407 1490 1461 legislatore
1534 1408 1796 1462 universali,
1841 1422 1930 1450 non

54 1490 125 1527 vest
160 1489 314 1527 tamen
336 1483 501 1538 ubique
525 1484 830 1538 promulgata,
865 1488 1001 1536 atque
1032 1482 1131 1525 ideo
1164 1486 1453 1536 comparatur
1474 1482 1567 1535 legi
1592 1482 1931 1536 particulariter

59 1559 194 1612 latae,
239 1571 351 1612 quae
394 1563 523 1600 extra
557 1557 853 1610 territorium,
898 1556 974 1598 ubi
1009 1556 1301 1610 promulgata
1345 1559 1428 1609 est,
1477 1569 1564 1597 non
1615 1556 1804 1610 obligat.
1867 1556 1931 1598 Xe

59 1637 215 1675 tamen
249 1631 420 1674 subditi
453 1631 635 1674 illorum
669 1632 882 1684 locorum,
915 1631 962 1673 in
987 1630 1148 1684 quibus
1171 1631 1242 1672 lex
1266 1630 1559 1684 promulgata
1590 1634 1674 1683 est,
1708 1630 1803 1672 eius
1827 1629 1931 1672 obli-

58 1706 288 1760 gationem
321 1705 369 1748 in
401 1706 547 1748 locum
572 1710 801 1748 exemtum
836 1705 1087 1759 migrantes
1121 1705 1299 1747 eludere
1333 1703 1522 1758 possint,
1566 1704 1776 1746 Urbanus
1807 1704 1931 1746 VIIJ.

59 1780 241 1834 statuit,
274 1784 327 1822 ut
371 1779 576 1822 invalida
624 1779 717 1822 sint
762 1779 1054 1822 matrimonia
1095 1778 1150 1820 ab
1194 1778 1249 1820 iis
1299 1781 1545 1830 contracta,
1595 1777 1671 1831 qui
1719 1778 1767 1820 in
1814 1780 1930 1820 frau-

54 1855 158 1898 dem
192 1854 307 1909 legis
341 1854 619 1897 tridentinae
651 1854 699 1896 in
731 1854 877 1896 locum
912 1858 1140 1896 exemtum
1176 1853 1393 1907 migrant.

209 1930 246 1978 β.
281 1929 377 1971 Iam
412 1941 515 1971 vero
548 1933 651 1983 post
684 1928 1029 1970 instructionem
1063 1943 1099 1970 s.
1139 1927 1291 1983 Officii
1323 1927 1390 1969 14.
1416 1927 1506 1969 dec.
1534 1927 1646 1969 1859
1681 1927 1930 1980 complures

58 2007 262 2045 auctores
286 2002 566 2045 contendunt
588 2003 734 2057 legem
771 2001 1068 2044 tridentinam
1104 2001 1373 2056 simpliciter
1395 2001 1674 2055 personalem
1699 2013 1793 2043 esse
1816 2000 1930 2043 ideo-

57 2090 143 2131 que
175 2089 344 2130 omnes,
378 2076 453 2130 qui
486 2075 578 2130 legi
612 2075 891 2118 tridentinae
915 2075 1105 2117 subiecti
1131 2080 1252 2129 sunt,
1286 2074 1487 2117 invalide
1510 2075 1788 2127 contrahere,
1822 2074 1859 2117 si
1882 2074 1930 2117 in

57 2151 152 2193 loco
196 2155 373 2193 exemto
414 2149 756 2192 matrimonium
799 2149 974 2203 ineunt,
1023 2148 1077 2191 ob
1126 2162 1433 2203 quemcunque
1483 2150 1620 2191 finem
1670 2162 1719 2191 eo
1768 2148 1930 2203 migra-

58 2224 222 2268 verint.
287 2223 592 2266 Nihilominus
626 2224 856 2266 sententia
888 2225 1127 2266 affirmans
1151 2222 1305 2266 valida
1330 2236 1424 2265 esse
1447 2236 1599 2265 eorum
1624 2222 1932 2276 matrimonia,

54 2299 134 2353 qui
167 2312 257 2341 non
291 2299 348 2341 ad
382 2299 737 2341 contrahendum
772 2298 819 2340 in
853 2299 997 2340 locum
1033 2303 1261 2340 exemtum
1306 2310 1352 2340 se
1385 2299 1637 2344 conferunt.
1681 2296 1813 2339 hodie
1859 2298 1931 2339 ad-

60 2374 145 2415 huc
180 2373 267 2415 dici
301 2377 452 2427 potest
485 2385 588 2415 vere
621 2371 866 2426 probabilis
909 2372 1096 2425 ideoque
1130 2371 1507 2425 impedimentum
1542 2371 1932 2414 clandestinitatis

58 2447 106 2490 in
155 2447 236 2490 hoc
285 2460 389 2489 casu
438 2446 683 2490 theoretice
733 2446 918 2489 dubium
968 2451 1014 2489 et
1062 2446 1259 2501 practice
1306 2446 1498 2488 nullum.
1562 2446 1689 2489 Inter
1731 2450 1930 2489 recentes

59 2521 193 2564 huius
226 2520 480 2564 sententiae
513 2524 642 2563 sunt:
698 2521 947 2569 Ballerim·‚
993 2520 1263 2572 Buceeroni,
1308 2519 1580 2569 Lehmlsnlll,
1630 2519 1930 2572 D'Anm'bale,

61 2596 260 2649 Aertnys
292 2599 338 2637 et
371 2593 505 2648 alii2').

211 2684 353 2734 Num
381 2693 539 2734 cesset
561 2684 985 2753 impedimentum
1014 2683 1463 2734 clandestinitatis
1493 2684 1545 2733 in
1575 2685 1726 2752 φἀυί
1763 2702 1931 2733 neces-

55 2774 215 2823 sitate
257 2774 303 2823 si
341 2774 598 2841 parochus
639 2773 784 2823 adiri
822 2792 927 2823 non
958 2774 1149 2842 possit.

211 2881 258 2912 a.
303 2860 359 2912 Si
401 2862 725 2930 impotentia
753 2862 995 2912 adeundi
1030 2861 1331 2930 parochum
1375 2863 1432 2911 in
1475 2860 1657 2931 aliquo
1698 2861 1816 2914 loco
1861 2863 1931 2912 sit

61 2951 357 3013 communis,
402 2968 469 2999 ex
500 2952 743 3001 omnium
775 2952 1045 3001 sententia
1074 2958 1249 3001 cessat
1279 2949 1752 3018 impedimentum.
1810 2948 1928 3000 Iam

218 3128 245 3179 ¹)
287 3127 329 3170 S.
362 3128 408 3170 C.
443 3128 487 3170 C.
534 3127 702 3181 pluries
746 3127 793 3170 in
839 3128 931 3170 suis
976 3126 1340 3182 responsionibus
1382 3129 1540 3182 (nuper
1575 3129 1643 3170 18.
1677 3127 1755 3170 iul.
1800 3127 1929 3181 1903)

65 3202 173 3244 haec
205 3201 340 3244 verba
372 3202 441 3244 ita
473 3201 779 3256 interpretata
812 3206 894 3256 est,
927 3206 980 3244 ut
1013 3215 1065 3244 ea
1098 3202 1154 3244 ad
1187 3202 1394 3244 fraudem
1419 3201 1659 3244 iuridicam
1685 3201 1794 3244 meri
1818 3200 1929 3243 facti

61 3276 346 3326 extenderet;
382 3276 459 3318 sed
492 3289 582 3318 una
614 3276 685 3318 vel
719 3275 864 3318 altera
895 3275 1125 3330 responsio
1158 3288 1238 3330 per
1270 3289 1315 3318 se
1348 3275 1419 3318 ius
1453 3289 1542 3318 non
1574 3275 1700 3318 facit.

212 3348 346 3404 2)Ο1.
392 3350 440 3394 G.
476 3349 666 3398 Arendl,
714 3350 780 3391 De
828 3349 1037 3403 coniugio
1081 3349 1361 3392 clandestine
1408 3349 1524 3392 inito
1573 3350 1774 3401 (Romae.
1817 3350 1930 3391 Ana-

62 3423 180 3466 lecta
212 3424 314 3466 eccl.
351 3424 496 3475 1900).
560 3424 756 3466 Econtra
788 3424 1005 3466 Let‘lner:
1058 3423 1164 3466 Was
1211 3423 1354 3466 heisst
1386 3423 1433 3465 in
1466 3423 1672 3466 fraudem
1707 3422 1821 3477 legis
1854 3422 1930 3465 tri-

61 3496 278 3539 dentinae
312 3497 537 3539 handeln‘?
568 3498 755 3551 (Archiv
787 3499 819 3540 1.
854 3499 896 3541 k.
923 3498 1023 3540 KR.
1059 3497 1186 3540 1894.
1220 3497 1255 3539 I.
1290 3497 1331 3541 S.
1355 3498 1413 3538 54
1437 3499 1529 3549 ff.>;
1571 3497 1730 3538 Werne
1762 3511 1804 3539 n.
1832 3497 1928 3538 170.
