2269 3898
619 137 685 178 De
716 135 813 178 iure
846 134 1173 178 matrimoniali
1206 133 1447 177 austriaco.
1883 132 1968 174 207

259 272 304 324 b.
355 270 669 324 Consenswn
704 267 932 320 ineundi
978 268 1389 319 matrimonium
1431 266 1744 317 minorenni
1771 266 1815 316 is
1843 263 1972 316 dare

101 361 283 423 debet,
327 359 427 411 sub
470 359 627 410 cuius
669 364 937 426 potestate
981 357 1309 407 constitutus
1351 365 1446 406 est.
1527 356 1721 424 Itaque

253 482 303 516 α.
349 465 452 515 Pro
495 462 604 514 filio
646 461 909 528 legitimo7
965 461 1059 529 qui
1115 460 1286 528 patris
1339 459 1595 527 potestati
1646 457 1847 522 subest,
1898 474 1973 507 re-

104 555 340 624 quiritur
381 560 433 603 et
473 550 678 602 sufficit
719 549 886 601 solius
928 550 1098 617 patris
1141 565 1452 599 consensus.

258 659 306 727 β.
351 656 454 706 Pro
500 654 607 705 filio
651 653 936 722 illegitimo
978 652 1277 721 requiritur
1327 669 1625 702 consensus
1678 651 1871 701 tutoris
1926 658 1978 699 et

106 746 320 798 iudicis,

255 867 308 914 γ.
351 850 454 901 Pro
497 847 609 899 filio
651 846 915 916 legitimo7
959 848 1116 897 cuius
1157 853 1311 915 pater
1342 843 1635 895 defunctus
1665 850 1760 908 est⁷
1799 842 1975 911 requi-

110 940 248 990 ritur
289 956 586 990 consensus
627 937 821 988 tutoris
862 935 949 986 vel
993 935 1261 986 curatoris
1303 941 1356 984 et
1396 931 1613 984 iudicis.

259 1064 296 1096 e.
343 1044 538 1093 Forma
579 1059 872 1093 consensus,
919 1057 970 1092 α.
1012 1038 1108 1104 „Si
1143 1044 1298 1107 pater
1331 1038 1448 1106 ipse
1478 1052 1805 1087 consensum
1833 1051 1980 1103 prae-

110 1144 252 1184 stare
295 1131 459 1183 debet
514 1140 567 1182 et
619 1140 813 1199 potest,
863 1129 987 1180 talis
1042 1145 1340 1179 consensus
1382 1133 1477 1177 aut
1518 1142 1701 1176 coram
1743 1122 1982 1193 parocho

112 1230 165 1273 ct
219 1219 434 1272 duobus
487 1219 734 1285 testibus,
783 1215 1144 1289 personaliter
1195 1236 1226 1267 a
1279 1224 1433 1285 patre
1490 1212 1870 1275 declarandus,
1929 1213 1985 1263 in

115 1309 405 1362 matricula
463 1308 742 1360 notandus
803 1325 1081 1376 manuque
1138 1306 1360 1375 propria
1421 1301 1832 1355 confirmandus
1890 1309 1984 1366 est,

114 1408 211 1452 aut
260 1399 469 1451 absente
514 1407 674 1469 patre
723 1416 820 1467 per
869 1396 1262 1448 documentum
1306 1392 1622 1445 omnimode
1666 1390 1911 1442 validum
1956 1409 1985 1441 a

118 1497 271 1560 patre
312 1487 655 1557 testibusque
685 1487 875 1538 datum
918 1493 971 1537 et
1011 1487 1168 1536 iuxta
1198 1484 1530 1535 documenta
1559 1479 1988 1533 matrimonialia

116 1577 516 1630 asservandum
559 1577 872 1644 consignari
916 1574 1095 1627 debet.

270 1684 318 1751 β.
366 1681 604 1744 Quando
649 1697 949 1731 consensus
990 1696 1101 1729 non
1135 1696 1166 1728 a
1194 1684 1348 1746 patre
1377 1677 1494 1745 ipso
1525 1681 1851 1745 praestatur,
1895 1672 1987 1723 sed

117 1792 149 1823 a
205 1780 384 1822 tutore
441 1778 493 1822 et
545 1768 614 1821 ab
669 1769 933 1820 instantia
984 1766 1250 1833 iudiciali,
1293 1774 1426 1816 tunc
1467 1783 1499 1816 a
1539 1764 1654 1816 foro
1699 1762 1990 1814 iudiciario

121 1861 514 1912 documentum
566 1857 974 1910 conficiendum
1029 1864 1126 1922 est,
1182 1856 1239 1907 in
1293 1872 1398 1924 quo
1450 1871 1748 1905 consensus
1798 1851 1992 1903 tutoris

123 1949 431 2001 declaratur
472 1958 524 1999 et
565 1966 862 2000 consensus
904 1947 1078 2016 ipsius
1118 1945 1220 1996 fori
1262 1943 1542 1995 iudiciarii
1578 1959 1836 2011 expresse
1871 1958 1993 1991 con-

124 2040 343 2105 tinetur,
388 2046 440 2089 et
482 2037 628 2107 quod
669 2037 875 2106 pariter
915 2033 1315 2086 asservandum
1358 2042 1439 2084 est
1480 2034 1622 2083 inter
1665 2031 1993 2082 documenta

125 2127 659 2192 matrimonialia‘ss).

271 2248 320 2301 4.
369 2246 678 2317 C'ooperatio
722 2245 794 2296 acl
827 2244 1205 2315 perficiendam
1240 2243 1627 2312 separationem
1657 2239 1996 2290 matrimonii.

277 2372 325 2404 α.
370 2352 540 2403 Facta
569 2351 906 2402 matrimonii
934 2349 1282 2418 separatione
1312 2364 1409 2416 per
1437 2343 1758 2396 iudicialem
1788 2350 1998 2394 senten-

126 2444 262 2494 tiam
312 2442 573 2508 coniuges
625 2440 862 2509 separati
912 2438 983 2489 ad
1032 2436 1167 2489 alias
1217 2437 1438 2505 nuptias
1479 2435 1714 2485 transire
1758 2439 1999 2502 possunt,

130 2540 373 2584 attamen
429 2538 625 2582 neutra
678 2547 804 2598 pars
860 2528 1274 2579 matrimonium
1328 2525 1467 2576 inire
1520 2530 1701 2593 potest
1742 2540 1868 2573 cum
1910 2520 2001 2572 illa

131 2638 380 2690 persona,
426 2637 565 2688 quae
606 2617 892 2680 adulterio,
937 2614 1355 2668 incitationibus
1396 2614 1484 2665 vel
1526 2613 1631 2665 alio
1675 2611 1864 2663 illicito
1895 2628 1999 2662 me-

131 2710 220 2761 dio
263 2709 596 2778 separationi
637 2725 830 2759 ansam
873 2705 1093 2772 dedit2).

282 2813 324 2865 Ζ).
372 2813 445 2865 Ut
486 2813 690 2864 oriatur
732 2811 836 2863 hoc
878 2810 1337 2880 impedimentum
1377 2808 1660 2873 dirimens,
1704 2805 1772 2857 de
1815 2822 2003 2873 coope-

133 2905 345 2956 ratione
386 2903 558 2953 vetita
599 2900 833 2952 iuridice
875 2907 1124 2953 constare
1175 2897 1338 2951 debet
1387 2915 1456 2948 ex
1509 2894 1725 2948 actibus
1777 2894 2001 2945 iudicia—

136 2993 283 3045 libus
324 2992 701 3061 separationis,

282 3097 418 3140 Patet
451 3096 533 3138 hoc
564 3094 943 3150 impedimentum
977 3093 1159 3136 afficere
1205 3105 1295 3134 non
1328 3103 1458 3146 posse
1506 3088 1766 3142 catholicos,
1815 3099 2002 3142 quorum

136 3170 429 3216 matrimonia
459 3168 796 3212 indissolubilia
828 3172 949 3222 sunt,
982 3167 1059 3210 sed
1106 3166 1222 3209 solos
1270 3164 1559 3218 acatholicos,
1609 3175 1796 3217 quorum
1851 3160 2006 3203 matri-

135 3246 286 3290 monia
319 3244 433 3288 solvi
465 3246 670 3299 possunt.

293 3423 322 3475 ¹)
354 3424 568 3477 Aichner,
601 3421 926 3477 Compendium
961 3419 1074 3463 iuris
1107 3418 1285 3463 eecles.⁹
1317 3433 1359 3474 p.
1394 3418 1494 3462 642.

291 3500 324 3553 ²)
358 3499 403 3541 O.
438 3498 484 3541 C.
518 3500 570 3540 A.
604 3497 631 3551 ξ
667 3497 765 3539 119.
