2269 3898
867 993 1151 1072 Liber
1209 996 1568 1073 sextus,

972 1174 1051 1237 De
1099 1173 1360 1255 peccatis
1376 1172 1440 1257 1).

893 1454 1239 1548 Quaestio
1287 1456 1556 1539 prima.

595 1624 685 1676 De
728 1622 1000 1675 natnra
1043 1623 1114 1675 et
1158 1621 1511 1676 divisione
1553 1624 1842 1687 peceati.

432 1791 565 1844 260.
608 1790 803 1845 NotiO.
884 1792 1158 1842 Peccatum
1212 1799 1295 1843 est
1349 1799 1504 1842 aetus
1556 1790 1834 1842 humanus
1888 1785 2180 1843 moraliter*

281 1881 522 1947 malus2)‚
567 1889 620 1931 et
661 1882 923 1950 quoniam
968 1882 1148 1932 omnis
1191 1889 1347 1931 aetus
1392 1880 1672 1932 moraliter
1723 1880 1901 1931 malus
1955 1882 2012 1932 in
2055 1883 2166 1932 vio·

280 1972 484 2024 latione
509 1970 648 2039 legis
679 1970 907 2021 divinae
937 1972 1206 2036 consistit,
1248 1977 1537 2039 peccatum
1582 1969 1800 2022 definiri
1828 1969 1964 2022 solet
1990 1970 2166 2022 libera

280 2061 642 2129 transgressio
686 2060 822 2128 legis
865 2060 988 2112 Dei.

432 2164 472 2193 a.
509 2147 701 2201 Zibera,
734 2162 848 2203 quae
879 2150 966 2192 fiat
999 2162 1054 2192 ex
1085 2148 1271 2204 praevia
1304 2148 1565 2204 cognitione
1587 2149 1851 2193 intellectus
1874 2153 1921 2194 et
1945 2162 2046 2192 oum
2071 2163 2169 2193 con-

285 2239 418 2270 sensu
450 2224 731 2268 voluntatis:
769 2224 887 2278 quod
922 2224 1040 2266 enim
1076 2224 1269 2268 liberum
1302 2238 1392 2267 non
1426 2229 1509 2279 est,
1543 2225 1669 2267 nullo
1705 2225 1837 2267 modo
1859 2224 1907 2267 in
1930 2228 2167 2279 peceatum

281 2299 503 2355 imputari
537 2304 703 2354 potest.
772 2298 1101 2354 Transyressio
1143 2299 1379 2354 signifieat-
1422 2312 1736 2354 quameunque
1773 2298 2019 2347 laesionem
2051 2298 2168 2354 legis

283 2375 367 2419 Dei
402 2374 497 2417 sive
532 2374 849 2417 commissione
894 2374 990 2417 sive
1031 2374 1289 2429 omissione,
1335 2374 1430 2417 sive
1473 2374 1618 2429 corde,
1668 2387 1740 2416 ore
1788 2379 1869 2416 aut
1918 2386 2049 2428 opere
2096 2374 2167 2419 fit.

284 2450 426 2506 Leffl's
458 2449 580 2492 Dei:
613 2453 850 2504 peccatum
885 2448 1004 2492 enim
1039 2449 1258 2504 supponit
1290 2450 1437 2504 legem
1472 2462 1660 2503 eamque
1692 2448 1740 2490 in
1763 2447 2040 2491 conscientia
2062 2447 2169 2491 obli-

284 2529 487 2580 gantem,
521 2524 616 2567 sive
648 2523 918 2567 immediate
951 2537 977 2566 a
1011 2524 1104 2567 Deo
1138 2523 1235 2567 sive
1267 2523 1324 2566 ab
1357 2522 1538 2566 homine
1570 2524 1668 2566 lata
1690 2526 1780 2566 est:
1814 2521 1884 2565 vis
1907 2522 2027 2566 enim
2051 2522 2168 2578 legis

288 2599 593 2653 cuiuscunque
625 2598 673 2641 in
706 2598 986 2641 conscientia
1019 2597 1273 2653 obligantis
1304 2598 1470 2640 ultimo
1503 2598 1652 2653 alege
1675 2596 1759 2639 Dei
1785 2597 2033 2652 derivatur,
2065 2597 2168 2640 ideo

438 2733 469 2787 ¹)
500 2731 546 2774 S.
574 2732 767 2775 leomas
789 2733 825 2777 I.
848 2732 906 2775 ΙΙ.
933 2746 973 2786 q.
1001 2732 1190 2775 71—89.
1225 2731 1272 2774 S.
1297 2732 1557 2788 Alplwnmm
1589 2732 1619 2774 1.
1651 2732 1691 2774 ἶ).
1711 2745 1755 2774 11.
1776 2732 1934 2774 1—84.
1969 2731 2170 2784 Suaree,

286 2808 353 2851 De
375 2807 587 2862 peceat-is.
611 2808 757 2863 Lasso„
790 2808 858 2850 De
881 2806 1167 2862 poenitentia
1190 2806 1306 2861 disp.
1333 2807 1401 2849 16.
1449 2806 1584 2862 Grng.
1608 2806 1663 2849 de
1699 2805 1917 2857 Valentia)
1940 2805 2171 2849 Commen-

285 2885 372 2925 tar.
411 2882 622 2924 scholast.
658 2881 708 2923 II.
737 2883 852 2936 disp.
888 2882 928 2924 6.
972 2882 1025 2924 A.
1055 2881 1251 2933 Tmmer,
1275 2881 1525 2936 Theologia
1548 2881 1685 2924 schol.
1709 2881 1769 2923 Π.
1795 2880 1910 2935 disp.
1935 2880 1976 2922 4.
2010 2881 2170 2933 Billot,

288 2956 562 3010 Disquisitio
597 2957 651 2999 de
683 2962 851 3000 natura
884 2959 931 2999 et
964 2956 1142 2999 ratione
1175 2956 1347 3011 peceati
1383 2955 1632 3011 personalis
1662 2956 1865 3009 (Romae.
1890 2955 2088 3010 Typogr.
2114 2955 2169 2998 de

289 3044 414 3086 prop.
439 3031 529 3073 fide
555 3031 705 3085 1897).
741 3031 935 3085 Seleiesh
968 3032 1059 3074 Der
1092 3031 1314 3074 obiective
1345 3031 1649 3074 Untersehied
1682 3030 1907 3073 zwisehen
1930 3030 2040 3073 Tod-
2073 3030 2168 3073 und

286 3105 521 3148 lasslieher
553 3104 703 3148 Siinde
744 3105 1028 3161 (Augsburg,
1060 3105 1220 3148 Wolff.
1263 3106 1407 3159 1891).
1471 3105 1732 3148 Lelmzhulll
1769 3104 1804 3149 Ι.
1837 3118 1882 3147 11.
1916 3103 2167 3150 219—256.

283 3179 531 3235 Klentyeu,
564 3179 810 3233 Theologie
845 3180 922 3223 der
953 3178 1163 3223 Vorzeit2
1197 3180 1433 3231 (Miinster.
1469 3179 1729 3232 Theissing.
1794 3177 1926 3232 1872)
1958 3178 2016 3221 II.
2069 3178 2170 3221 Von

290 3255 367 3297 der
399 3253 550 3296 Siinde
590 3253 631 3296 S.
665 3253 752 3296 404
785 3255 834 3296 ff.
902 3254 1068 3307 Pescla.
1113 3253 1446 3297 Praelectiones
1493 3255 1643 3308 dogm.
1691 3252 1938 3309 (Friburgi.
1979 3246 2167 3298 Herder.

290 3328 421 3381 1900)
438 3328 514 3370 IX.
532 3342 576 3370 n.
595 3328 847 3370 429-556.
883 3328 1027 3379 Idem,
1051 3328 1379 3383 Theologische
1401 3328 1667 3383 Zeitfragen
1693 3327 1946 3382 (Freiburg.
1981 3326 2168 3370 Herder.

291 3403 423 3450 1901)
455 3403 548 3446 Das
580 3402 749 3445 VVesen
787 3403 864 3445 der
898 3402 1143 3446 Todsiinde
1177 3402 1216 3445 S.
1251 3401 1308 3444 47
1342 3405 1392 3445 ff.

438 3476 472 3530 2)
503 3477 549 3520 S.
589 3477 800 3520 Thomas.
832 3477 866 3518 I.
901 3476 954 3522 ΙΙ.
988 3491 1030 3532 p.
1068 3478 1136 3521 71.
1170 3491 1209 3520 a.
1245 3478 1285 3519 (3.
