2269 3898
238 128 326 171 354

356 321 454 364 Art.
490 322 528 364 3.

354 395 453 438 Art.
487 395 526 436 4.

423 468 525 523 gi.

424 542 522 598 §a

240 617 454 670 Quaestio
487 618 527 660 3.

237 691 451 744 Quaestio
483 692 524 734 4.

352 767 452 810 Art.
489 767 526 809 1.

353 842 452 884 Art.
488 842 528 884 2.

237 1036 451 1090 Quaestio
487 1037 525 1078 1.

236 1111 451 1165 Quaestio
484 1111 524 1153 2.

350 1187 450 1229 Art.
486 1187 524 1228 1.

350 1262 450 1304 Art.
485 1261 525 1303 2.

350 1336 450 1380 Art.
485 1335 525 1378 3.

233 1410 446 1464 Quaestio
487 1410 525 1456 3.

349 1788 449 1829 Art.

233 1861 447 1915 Quaestio
480 1861 521 1903 4.

348 1939 447 1980 Art.
485 1938 521 1980 1.

348 2014 447 2055 Art.
482 2012 521 2053 2.

231 2088 445 2142 Quaestio
480 2088 518 2131 5.

233 2162 446 2216 Quaestio
480 2163 519 2205 6.

230 2236 444 2291 Quaestio
481 2237 518 2280 7.

485 1787 524 1831 ,¹0

515 1746 521 1753 .
587 1711 652 1754 De
685 1711 962 1755 auctoritate
995 1711 1402 1766 congregationum
1435 1725 1725 1755 romanarum
1800 1745 1808 1753 .

1089 127 1250 174 Index.

594 321 661 363 De
692 318 870 363 actibus
904 319 1139 363 moraliter
1171 319 1300 363 bonis
1355 353 1960 367 .........

594 395 661 438 De
694 393 957 437 extensione
989 397 1175 437 actuum
1209 394 1465 438 moralium.

591 469 657 512 De
690 468 869 512 actibus
900 468 1273 512 indifferentibus
1353 502 1959 514 .........

590 544 656 586 De
689 543 952 587 moralitate
984 548 1114 587 actus
1148 544 1325 587 externi
1349 577 1961 590 .........

594 618 660 661 De
693 617 870 660 actibus
904 618 1330 673 supernaturalibus
1355 651 1961 662 .........

591 693 658 735 De
690 692 868 735 actibus
901 692 1165 736 meritoriis.

590 767 657 810 De
688 772 856 810 natura
889 767 1042 810 meriti
1127 800 1958 812 ............

785 960 941 1004 Libe-r
973 960 1180 1005 tertius.
1244 960 1317 1004 De
1349 960 1568 1014 legibus.

590 1035 655 1078 De
687 1039 855 1079 natura
886 1035 1002 1091 legis
1047 1070 1957 1081 .............

589 1111 655 1154 De
686 1111 788 1165 lege
822 1110 993 1154 divina.

589 1186 655 1229 De
686 1186 787 1240 lege
819 1185 1022 1229 naturali
1051 1220 1958 1231 .............

590 1261 791 1316 Delege
823 1260 1026 1315 positiva
1061 1260 1218 1304 divina
1273 1295 1955 1307 ..........

589 1335 656 1378 De
689 1335 889 1379 consiliis
975 1369 1958 1380 ..............

593 1411 660 1453 De
690 1411 791 1466 lege
824 1411 1038 1456 humana.

518 1521 525 1528 .
590 1486 657 1528 De
691 1492 875 1529 auctore
907 1485 1024 1541 legis
1057 1486 1283 1529 humanae
1350 1520 1956 1530 .........

589 1561 656 1604 De
688 1560 1007 1604 iurisdictione
1040 1560 1346 1604 ecclesiastica
1426 1596 1432 1603 .
1502 1597 1507 1602 .
1577 1597 1588 1625 .—
1651 1594 1958 1604 .....

586 1637 653 1680 De
685 1636 1027 1692 legislatoribus
1059 1637 1272 1680 humanis
1351 1670 1959 1679 .........

589 1787 655 1829 De
689 1786 861 1830 obiecto
895 1786 1012 1841 legis
1045 1787 1271 1829 humanae
1343 1820 1351 1828 .
1426 1820 1433 1827 .
1500 1820 1506 1827 .
1576 1821 1583 1828 .

586 1861 653 1904 De
687 1861 888 1904 subiecto
922 1859 1051 1916 legis.

588 1937 652 1979 De
685 1936 782 1991 ipso
816 1935 1017 1978 subiecto
1049 1935 1165 1990 legis
1201 1969 1882 1980 ..........

586 2012 652 2054 De
687 2011 914 2054 domicilio
949 2011 1252 2054 ecclesiastico
1348 2044 1654 2054 .....
1724 2049 1730 2054 .
1800 2047 1804 2050 .
1874 2046 1880 2052 .
1948 2044 1955 2052 .

584 2088 650 2131 De
684 2086 1057 2142 promulgatione
1090 2090 1136 2129 et
1168 2086 1482 2141 acceptatione
1514 2085 1632 2141 legis

585 2163 650 2205 De
683 2160 1067 2216 interpretatione
1099 2160 1216 2216 legis
1249 2165 1295 2204 et
1329 2161 1383 2205 de
1416 2161 1571 2216 epikia
1649 2195 1956 2204 .....

583 2237 651 2280 De
684 2235 964 2291 obligatione
996 2235 1127 2291 legis.

347 2313 445 2354 Art⁴
484 2312 520 2354 1.
586 2311 652 2354 De
685 2310 965 2366 obligatione
998 2310 1114 2365 legis
1147 2310 1195 2353 in
1228 2322 1392 2366 genere
1422 2343 1954 2356 ........

348 2387 446 2429 Art.
482 2387 521 2428 2.
585 2387 652 2429 De
686 2386 968 2441 obligatione
1000 2387 1154 2441 legum
1190 2385 1471 2441 specialium.

417 2461 445 2516 ἓ
481 2462 518 2503 1.
584 2461 651 2504 De
682 2461 784 2516 lege
817 2460 995 2515 poenali
1048 2493 1956 2505 .............

415 2535 443 2591 ἓ
477 2537 516 2578 2.
580 2536 647 2579 De
678 2536 780 2590 lege
812 2535 1029 2578 irritante
1125 2567 1953 2580 ............

417 2610 444 2666 ἓ
478 2612 516 2653 3.
583 2611 649 2654 De
681 2611 783 2665 lege
815 2610 863 2652 in
897 2608 1268 2664 praesumptione
1298 2609 1498 2652 fundata
1573 2642 1954 2652 ......

345 2687 445 2729 Art.
480 2686 519 2728 3.
586 2686 651 2728 De
684 2685 816 2728 modo
850 2683 1178 2739 obligationem
1212 2682 1434 2738 implendi
1493 2716 1950 2728 .......

232 2760 446 2815 Quaestio
481 2762 521 2804 8.
585 2761 652 2804 De
685 2759 938 2803 cessatione
971 2758 1281 2814 obligationis.

345 2837 442 2878 Art.
481 2838 519 2878 1.
583 2836 650 2879 De
683 2834 831 2878 causis
865 2832 1236 2889 deobligantibus
1270 2866 1950 2875 ..........

346 2911 445 2953 Art.
481 2911 521 2953 2.
585 2911 651 2953 De
685 2908 1027 2965 dispensatione
1058 2908 1174 2963 legis
1269 2942 1952 2951 ..........

415 2984 442 3039 ξ
476 2985 515 3026 1.
579 2985 646 3027 De
678 2988 912 3039 potestate
945 2983 1238 3039 dispensandi
1270 3017 1951 3026 ..........

417 3057 444 3113 ξ
477 3058 517 3100 2.
581 3059 648 3101 De
681 3058 829 3102 causis
863 3057 1160 3114 dispensandi
1195 3091 1949 3101 ...........

414 3132 442 3188 ξ
475 3133 515 3176 3.
580 3134 647 3176 De
680 3134 931 3177 cessatione
965 3132 1322 3189 dispensationis
1417 3164 1948 3175 ........

344 3209 444 3251 Art.
478 3208 518 3250 3.
582 3208 649 3251 De
682 3208 925 3264 privilegio
961 3237 1949 3252 ..............

228 3283 442 3337 Quaestio
475 3283 516 3326 9.
581 3283 649 3326 De
683 3283 934 3327 cessatione
964 3283 1082 3338 legis
1119 3312 1951 3325 ............

229 3357 443 3412 Quaestio
479 3357 548 3401 10.
582 3358 649 3401 De
682 3357 1011 3401 consuetudine
1042 3387 1950 3401 .............

343 3434 442 3475 Art.
480 3435 517 3475 1.
581 3433 649 3475 De
682 3432 1010 3475 consuetudine
1044 3430 1335 3486 derogatoria
1416 3460 1948 3473 ........

342 3508 442 3550 Art.
477 3508 518 3550 2.
583 3508 650 3550 De
683 3506 1013 3550 consuetudine
1046 3505 1322 3560 obligatoria
1418 3535 1948 3549 ........

2013 268 2109 307 Pag..

2057 326 2111 369 76

2054 472 2110 515 85

2054 547 2110 590 89

2053 621 2104 663 91

2053 771 2109 813 97

2050 844 2109 888 99

2026 1039 2110 1082 103

2025 1189 2109 1232 107

2024 1264 2109 1306 112

2024 1339 2109 1380 117

2025 1486 2111 1530 120

2026 1562 2107 1604 121

2025 1636 2110 1679 124

1949 1745 1954 1750 ,
2027 1711 2108 1753 127

1874 1820 1882 1828 .
1948 1820 1954 1826 .
2022 1786 2106 1828 131

2026 1936 2108 1979 136

2024 2011 2108 2053 145

1949 2121 1954 2126 .
2025 2086 2109 2129 149

2022 2309 2107 2353 156

2022 2459 2107 2502 160

2021 2534 2106 2577 162

2020 2833 2103 2876 171

2018 2908 2103 2951 175

2017 2982 2103 3026 176

2018 3056 2100 3099 181

2016 3128 2100 3173 185

2014 3205 2101 3247 188

2016 3278 2100 3321 193

2015 3353 2100 3396 195

2014 3426 2100 3469 196
