2269 3898
303 158 358 200 <26
886 154 916 196 I.
951 155 1017 197 De
1050 155 1140 195 fine
1173 151 1370 195 hominis
1401 151 1581 195 ultimo.

305 290 541 360 denique
603 289 767 340 finem
828 288 913 339 his
970 284 1226 338 omnibus
1291 284 1495 336 adiecit
1544 293 1839 354 praecepta
1900 285 2167 335 virtutum

303 378 736 445 theologicarum
768 386 821 428 et
850 385 1164 446 praecepta,
1203 393 1343 444 quae
1369 374 1682 425 referuntur
1711 374 1780 425 ad
1810 382 2171 439 sacramenta,

304 485 443 537 quae
485 466 707 536 quidem
750 474 877 516 sunt
917 474 1212 534 praecepta
1253 464 1462 516 ordinis
1503 463 1951 534 supernaturalis,

1097 715 1111 721 Χ
1123 718 1137 726 <2
1144 715 1339 727 ‘xJ‘Nl*xsx4'x
1350 715 1380 726 f*
1387 726 1393 727 i
1403 715 1414 719 ‘

931 997 1270 1080 Quaestio
1319 997 1562 1062 tertia.

380 1135 470 1187 De
514 1133 930 1197 obligatione
971 1130 1314 1184 tendendi
1354 1131 1432 1183 in
1473 1129 1694 1184 finem
1738 1130 2098 1183 ultimum.

456 1293 549 1347 24.
604 1294 690 1346 De
744 1294 876 1360 ipsa
925 1293 1317 1359 obligatione.
1397 1292 1733 1343 Primarium
1775 1299 1828 1343 et
1868 1291 2175 1360 principale

306 1383 550 1434 officium
609 1381 829 1447 morale,
893 1381 1039 1450 quod
1100 1381 1312 1432 homini
1371 1383 1425 1432 in
1485 1380 1590 1432 hac
1649 1382 1763 1432 vita
1822 1380 2042 1448 degenti
2099 1381 2175 1431 in-

307 1472 533 1539 cumbit‚
589 1480 669 1523 est
721 1470 983 1539 obligatio
1026 1470 1293 1521 tendendi
1336 1471 1392 1520 in
1434 1471 1598 1521 finem
1642 1470 1898 1521 ultimum
1940 1488 2179 1540 eumque

308 1561 504 1613 mediis
545 1580 576 1612 a
617 1562 734 1612 Deo
778 1560 1046 1611 ordinatis
1087 1559 1433 1629 assequendi.

458 1668 502 1718 1.
545 1665 751 1717 Omnes
791 1683 876 1715 res
921 1672 1136 1715 creatae
1178 1665 1484 1715 necessario
1526 1662 1761 1714 tendunt
1802 1664 1857 1713 in
1900 1665 2063 1714 finem
2108 1663 2179 1714 ab

307 1762 528 1805 auctore
569 1762 798 1804 naturae
840 1752 944 1803 sibi
987 1754 1389 1821 praestitutum,
1447 1761 1730 1803 creaturae
1784 1751 2009 1821 quidem
2051 1753 2178 1802 irra-

306 1843 536 1895 tionales
595 1844 918 1894 necessitate
980 1843 1226 1910 physica,
1296 1850 1580 1893 creaturae
1639 1848 1824 1892 autem
1884 1841 2182 1892 rationales

306 1934 630 1984 necessitate
673 1931 894 1983 morali:
954 1950 1123 1999 agens
1179 1933 1325 1982 enim
1366 1930 1603 1982 liberum
1646 1932 1872 2000 propria
1913 1930 2179 1983 electione

307 2022 597 2090 pervenire
626 2020 788 2072 debet
816 2021 885 2072 ad
913 2020 1097 2084 finem,
1141 2020 1312 2072 libere
1342 2019 1593 2088 eligendo
1625 2021 1791 2072 finem
1830 2029 1882 2071 et
1909 2039 1990 2087 ea,
2036 2039 2177 2090 quae

308 2110 379 2161 ad
407 2111 571 2161 finem
604 2110 1052 2179 consequendum
1081 2129 1112 2161 a
1141 2111 1261 2161 Deo
1291 2111 1543 2161 ordinata
1570 2118 1722 2174 sunt3
1756 2109 1851 2161 sed
1878 2111 2175 2161 necessitas

308 2199 445 2250 haec
486 2198 705 2250 moralis
747 2210 826 2250 est
867 2200 1126 2267 obligatio
1170 2199 1433 2251 tendendi
1479 2201 1532 2250 in
1575 2199 1741 2250 finem
1783 2199 2058 2250 ultimum.

458 2303 553 2346 Hoc
585 2308 907 2358 argumentum
942 2303 1081 2347 etiam
1114 2303 1161 2346 in
1196 2304 1315 2346 hunc
1346 2304 1531 2346 modum
1565 2302 1767 2346 exhiberi
1810 2306 1981 2358 potest:
2031 2303 2179 2346 Homo

309 2378 510 2421 naturali
544 2379 737 2432 pondere
769 2379 906 2421 finem
940 2378 1195 2433 bonumque
1228 2391 1358 2421 suum
1394 2377 1597 2432 quaerit;
1633 2378 1710 2421 sed
1743 2377 1792 2420 in
1825 2382 1929 2421 ente
1961 2377 2177 2421 rationali

309 2451 448 2495 libero
481 2452 744 2495 tendentiae
776 2458 968 2496 naturae
999 2453 1101 2508 lege
1133 2466 1184 2495 ac
1217 2451 1497 2507 obligatione
1529 2453 1687 2495 morali
1719 2457 1962 2507 reguntur;
1998 2456 2183 2495 tenetur

310 2538 416 2581 ergo
448 2527 550 2581 lege
582 2526 742 2569 morali
775 2527 822 2569 in
855 2528 993 2570 finem
1027 2526 1244 2570 ultimum
1279 2527 1478 2570 tendere.

458 2617 508 2668 2.
564 2616 743 2667 Homo
798 2615 869 2667 ad
922 2616 1088 2667 finem
1143 2619 1290 2668 vitae
1343 2626 1601 2670 aeternae
1643 2636 1674 2668 a
1715 2617 1834 2668 Deo
1878 2617 2182 2669 destinatus

311 2714 417 2769 est3
462 2705 556 2756 sed
598 2707 654 2756 in
696 2704 799 2756 hac
842 2706 1210 2757 destinatione
1252 2705 1543 2758 manifesto
1586 2708 1897 2758 continetur
1914 2705 2181 2758 'voluntas

231 2842 236 2846 .
311 2794 434 2860 Dei,
493 2812 600 2863 qua
657 2793 818 2845 homo
877 2794 1152 2867 obligatur
1208 2796 1279 2847 ad
1335 2795 1502 2846 finem
1559 2814 1654 2865 per
1714 2795 1895 2847 media
1950 2794 2020 2847 ab
2062 2795 2181 2865 ipso

311 2883 564 2934 ordinata
604 2883 1028 2952 assequendum.
1111 2883 1483 2936 Confirmatur
1522 2884 1659 2936 haec
1710 2884 1933 2953 oligatio
1990 2884 2182 2936 addita

313 2973 593 3023 sanctione
635 2973 925 3023 amittendi
967 2975 1139 3024 vitam
1182 2981 1233 3024 et
1263 2973 1581 3025 incurrendi
1611 2981 1841 3024 mortem
1871 2981 2177 3025 aeternam:

313 3062 381 3112 Et
428 3062 733 3131 procedent,
792 3063 881 3130 qui
934 3061 1069 3113 bona
1112 3063 1378 3132 fecerunt,
1440 3064 1499 3114 in
1538 3065 1966 3114 resurrectionem
2023 3064 2181 3125 vitae,

312 3151 398 3218 qui
451 3168 565 3200 vero
620 3148 762 3201 mala
804 3160 1030 3219 egerunta
1088 3154 1144 3202 in
1183 3153 1614 3203 resurrectionem
1653 3151 1907 3221 iudiciffl).
2000 3152 2179 3204 Omnis

312 3238 485 3301 arbor,
527 3257 658 3307 quae
697 3257 802 3290 ozon
827 3238 977 3308 facit
1002 3240 1241 3310 fractum
1282 3240 1486 3304 bonum,
1530 3242 1802 3292 eaecidetua‘
1843 3250 1892 3292 et
1931 3243 1987 3291 in
2011 3242 2182 3311 iynem

314 3328 607 3381 ⁷›zittetu2·2‘).

466 3503 497 3560 ¹)
530 3504 653 3547 Ioan.
689 3505 729 3559 5,
763 3505 831 3549 29.
1258 3508 1290 3561 2)
1319 3507 1487 3550 Matth.
1523 3507 1562 3561 7,
1598 3508 1665 3550 19.
