2269 3898
319 135 406 177 992
1048 136 1125 179 VI.
1159 136 1226 179 De
1258 136 1470 191 peccatis.

315 291 378 328 eo
440 273 555 341 ipso
618 271 800 337 igitur,
862 269 1009 338 quod
1050 288 1082 319 a
1127 269 1243 320 Deo
1305 288 1360 320 se
1421 272 1636 336 avertit,
1699 273 1907 323 amittit
1965 275 2208 342 qratiam«.

315 361 741 429 sanctificantem,
800 376 966 426 quam
1007 359 1362 409 amissionem
1414 361 1769 429 consequitur
1826 362 2041 412 amissio
2097 363 2207 413 vir--

318 460 482 502 tutum
535 447 844 499 infusarum
899 456 951 497 et
993 446 1265 514 donorum,
1319 466 1460 517 quae
1502 449 1674 500 veluti
1717 458 2042 501 ornamenta
2081 468 2198 519 gra·

313 542 446 591 tiam
490 537 925 590 sanctificantem
969 537 1316 590 comitantur.

462 644 684 685 Attamen
717 639 904 683 habitus
936 639 1080 683 infusi
1107 639 1224 697 fidei
1254 644 1299 683 et
1332 641 1431 695 spei
1471 654 1561 684 non
1602 654 1681 696 per
1724 641 1916 696 quodvis
1962 647 2198 697 peccatum

315 718 509 762 mortale
543 717 857 769 destruuntur,
890 714 938 757 id
972 715 1091 769 quod
1125 718 1306 758 constat
1339 728 1393 758 ex
1442 716 1630 759 concilio
1678 716 1976 773 tridentino¹)
2025 721 2071 760 et
2119 729 2209 760 suo

317 795 413 837 loco
449 792 640 835 dicetur.

465 883 513 935 2.
558 883 760 933 Beatus
802 877 1005 948 culpae.
1090 875 1229 928 Cum
1274 878 1512 947 quodvis
1547 887 1838 947 peccatum
1880 881 1949 930 sit
1990 881 2197 932 offensa

314 980 367 1024 et
405 971 610 1022 iniuria
640 969 758 1020 Deo
787 967 953 1033 illata,
997 966 1160 1018 homo
1202 986 1300 1036 per
1334 976 1623 1036 peccatum
1653 968 1715 1019 fit
1754 987 1879 1019 reus
1921 971 2196 1022 subeundi

313 1065 514 1114 iustam
545 1058 991 1126 indignationem
1022 1057 1147 1122 Dei,
1192 1076 1331 1126 quae
1360 1057 1575 1108 tamdiu
1605 1058 1782 1119 durat,
1829 1057 2003 1109 donec
2032 1058 2205 1110 homo-

311 1170 408 1221 pro
471 1152 710 1218 irrogata
771 1147 981 1198 offensa
1043 1145 1288 1198 debitam
1351 1147 1786 1198 satisfactionem
1843 1150 2196 1216 praestiterit.

309 1242 428 1294 Iam
470 1256 601 1290 vero
644 1239 701 1288 in
743 1238 1072 1289 necessitate
1112 1236 1327 1288 ferendi
1370 1238 1570 1288 iustam
1614 1237 2057 1305 indignationem
2087 1238 2194 1289 Dei

308 1338 488 1382 reatus
528 1328 715 1399 culpae
757 1327 1022 1381 consistit.

459 1433 509 1485 3.
572 1433 776 1483 Beatus
828 1448 1034 1499 poenae
1096 1438 1177 1481 est
1236 1431 1535 1480 necessitas
1596 1429 1870 1483 subeundi
1938 1449 2201 1499 poenam..

309 1524 528 1575 Poenae
583 1528 767 1571 autem
823 1527 1046 1588 propter
1102 1528 1395 1588 peccatum
1438 1518 1683 1570 inflictae
1725 1518 1813 1571 vel
1855 1518 2194 1591 infligendae

311 1619 437 1664 sunt
468 1608 705 1679 duplicis
738 1610 987 1678 generis:
1031 1608 1171 1659 aliae
1212 1610 1492 1678 pertinent
1533 1609 1606 1659 ad
1644 1610 1806 1660 vitam
1843 1618 2202 1679 praesentem,>

307 1702 448 1754 aliae
490 1700 560 1752 ad
603 1701 776 1750 vitam
817 1698 1076 1763 futuram.
1157 1697 1291 1750 Illae
1333 1716 1403 1749 ex
1445 1699 1825 1750 misericordia
1856 1699 1963 1750 Dei
2006 1717 2191 1768 proce-

308 1793 447 1843 dunt
490 1798 541 1841 et
582 1807 772 1840 omnes
815 1786 1178 1839 medicinales
1221 1796 1363 1853 sunt,
1421 1789 1551 1857 quia
1602 1806 1792 1840 omnes
1835 1807 1896 1840 eo
1938 1789 2199 1854 tendunt‚,

306 1888 366 1933 ut
405 1880 660 1931 homines
698 1876 787 1929 vel
828 1897 859 1928 a
902 1878 1146 1947 peccatis
1175 1877 1246 1929 ad
1274 1878 1460 1929 Deum
1502 1886 1831 1929 convertant
1871 1877 1960 1929 vel
2000 1897 2032 1929 a
2072 1897 2193 1947 pec-

307 1970 485 2023 cando
516 1969 878 2022 absterreant.
961 1967 1082 2019 Hae
1112 1986 1180 2018 ex
1206 1967 1315 2018 Dei
1343 1968 1554 2019 iustitia
1575 1967 1885 2037 procedunt
1911 1976 1963 2019 et
2003 1986 2203 2020 omnes*

308 2060 690 2112 vindicativae
731 2066 874 2123 sunt,
935 2058 1065 2126 quia
1107 2058 1271 2108 unice
1326 2076 1388 2108 eo
1431 2057 1685 2124 tendunt⁷
1743 2065 1804 2109 ut
1846 2054 2089 2109 violatio*
2114 2076 2192 2109 or·

306 2150 451 2202 dinis
493 2149 828 2200 vindicetur.

454 2268 495 2299 a.
533 2254 699 2309 Cnlpae
722 2252 910 2296 debetur
921 2265 1102 2308 poena:
1136 2252 1242 2306 quia
1263 2265 1426 2307 nempe
1459 2252 1591 2294 homo
1626 2251 1851 2307 peccando
1886 2252 2095 2307 propriae
2127 2242 2198 2295 in'-

304 2330 496 2386 dulgens
530 2327 762 2372 voluntati
797 2327 895 2382 egit
928 2332 1086 2370 contra
1118 2327 1407 2370 voluntatem
1432 2326 1532 2381 Dei,
1566 2330 1724 2369 contra
1748 2339 1876 2369 suam
1899 2326 2189 2369 voluntatem

302 2419 356 2448 ex
389 2405 630 2448 voluntate
662 2402 747 2446 Dei
781 2402 957 2457 aliquid
990 2402 1089 2456 pati
1125 2401 1271 2445 debet.
1335 2402 1527 2444 Peccato
1560 2400 1747 2444 mortali
1781 2400 1963 2454 quidem
2000 2400 2203 2444 debetur-

302 2493 446 2534 poena
479 2482 679 2533 aeterna,
714 2481 898 2532 peccato
932 2476 1101 2520 veniali
1135 2480 1289 2520 autem
1324 2489 1468 2530 poena
1500 2475 1782 2530 temporalis

453 2570 490 2612 h.
523 2570 680 2612 Poena
716 2569 831 2611 sitae
856 2570 1054 2624 futurae
1089 2567 1316 2610 dividitur
1355 2566 1404 2609 in
1449 2579 1639 2621 poenam
1686 2565 1840 2609 damni
1896 2570 1942 2609 et
1996 2579 2187 2620 poenam

302 2658 473 2688 sensus.
537 2644 788 2697 Utriusque
823 2643 1065 2686 discrimen
1098 2642 1147 2685 in
1170 2655 1219 2685 eo
1243 2641 1470 2696 consistit,
1504 2641 1623 2695 quod
1636 2653 1788 2697 poena
1813 2640 1971 2683 damni
1992 2640 2041 2684 in
2064 2654 2188 2684 mera

300 2719 559 2774 privatione
592 2718 814 2762 consistat
847 2722 892 2761 et
924 2717 1198 2771 respondeat
1231 2721 1430 2771 peccate,
1463 2720 1601 2770 prout
1634 2719 1703 2759 est
1739 2715 1915 2759 aversio
1949 2729 1976 2758 a
2010 2728 2186 2758 summo

301 2794 434 2838 bono:
462 2807 609 2850 [foena
643 2806 806 2836 sensns
837 2806 942 2836 vero
974 2791 1023 2834 in
1056 2791 1254 2846 positivo
1290 2791 1441 2835 dolore
1481 2791 1694 2834 consistit
1728 2796 1775 2834 et
1811 2791 2056 2846 respondet
2088 2804 2183 2845 pec-

300 2872 416 2923 cato,
450 2874 586 2922 prout
619 2872 688 2911 est
721 2866 951 2911 conversio
985 2867 1043 2909 ad
1077 2866 1243 2909 bonum
1288 2866 1475 2909 finitum
1517 2871 1564 2910 et
1608 2870 1825 2910 creatum.
1892 2865 2009 2919 Quia
2051 2866 2188 2908 homo

299 2955 529 2985 summum
574 2943 741 2986 bonum
798 2954 1016 2996 suamque
1064 2941 1401 2985 beatitudinem
1451 2941 1677 2996 peccando
1728 2955 1827 2984 cum
1880 2940 2052 2984 iniuria
2100 2939 2183 2983 Dei

301 3017 481 3072 abiecit,
516 3017 637 3061 Deus
670 3017 805 3060 illum
839 3018 922 3060 hoc
956 3016 1070 3059 bono
1103 3016 1151 3058 in
1184 3016 1330 3059 altera
1361 3016 1462 3059 vita
1495 3016 1675 3071 privat;
1718 3020 1765 3059 et
1808 3015 1915 3069 quia
1958 3015 2184 3070 peccando

299 3091 560 3135 inordinate
596 3091 945 3135 delectationem
980 3090 1224 3146 quaesivit,
1257 3091 1381 3133 Deus
1413 3091 1508 3133 loco
1545 3090 1866 3134 delectationis
1903 3090 2076 3133 dolores
2119 3089 2184 3132 in-

300 3166 439 3222 fligit.
504 3166 757 3219 Utramque
790 3179 981 3221 poenam
1016 3180 1048 3209 s.
1084 3165 1311 3220 scriptura
1343 3165 1520 3208 innuit:
1556 3165 1792 3208 Discedite
1839 3178 1866 3207 a
1911 3178 1982 3207 me
2022 3164 2196 3219 (poena.

302 3241 475 3293 damni)
509 3241 553 3284 in
588 3241 733 3296 issnem
769 3244 1004 3284 aeternnm
1040 3239 1200 3295 (poena
1234 3239 1463 3294 sensus)²).
2164 3254 2170 3257 ·

454 3435 483 3486 ³]
517 3435 630 3478 Sess.
666 3436 705 3478 6.
741 3448 838 3477 can.
873 3435 941 3477 28.
979 3434 1045 3478 Cf.
1083 3436 1120 3476 1.
1155 3434 1252 3477 Cor.
1289 3435 1358 3489 13,
1393 3434 1439 3488 ἒς
1476 3433 1565 3480 Iac.
1600 3434 1640 3488 2,
1676 3433 1745 3475 14.

449 3508 481 3563 2)
514 3509 680 3552 Matth.
717 3509 788 3563 25,
822 3510 894 3552 41.
