2269 3898
237 170 323 212 300
968 168 1045 210 IV.
1079 168 1146 210 De
1178 167 1389 223 peccatis.

858 403 1154 461 Articulus
1196 404 1492 463 secundus».

806 527 885 566 De
919 526 1266 566 distinctione
1299 527 1560 585 specifica.

386 672 518 727 275.
543 672 1016 727 Declarationes.
1058 675 1103 725 1.
1137 674 1272 724 Esse
1294 681 1524 742 peccata
1552 674 1808 743 specifice
1840 674 2121 741 distincta,

239 769 448 813 certum
493 770 574 813 est
615 780 683 812 ex
727 770 1020 831 praecepto
1066 762 1290 826 Christi,
1345 781 1451 832 quo
1495 762 1752 814 iubemur
1793 772 2022 833 peccata
2064 765 2122 816 in

240 853 420 920 specie
464 851 655 901 infima
698 851 963 903 confiteri.
1046 852 1134 902 Ex
1177 852 1280 902 hoc
1325 862 1620 921 praecepto
1676 853 1839 904 simul
1880 872 2121 906 momen-

239 950 356 992 tum
398 942 703 1010 practicum
746 940 910 990 huius
952 942 1290 1009 quaestionis
1320 941 1669 1010 intelligitur:
1714 961 1776 993 eo
1819 944 1968 994 enim
2009 952 2124 995 tota

241 1031 512 1098 dirigitur,
558 1038 615 1081 ut
658 1029 1026 1081 confessarius
1068 1032 1262 1081 iuvare
1315 1032 1486 1099 possit
1526 1033 1903 1101 poenitentem
1946 1034 2003 1083 in
2045 1033 2121 1083 in-

238 1119 516 1171 stituenda
586 1119 927 1170 confessione
989 1130 1342 1188 peccatorum
1422 1120 1740 1172 mortalium
1815 1121 2122 1173 secundum

241 1210 480 1278 speciem
524 1216 577 1259 et
617 1227 924 1261 numerum.

392 1299 633 1342 Peccatum
672 1298 919 1353 dupliciter
967 1298 1243 1342 considerari
1292 1303 1460 1354 potest,
1508 1299 1655 1354 primo
1699 1304 1835 1354 prout
1882 1303 1951 1343 est
2001 1302 2129 1343 actus

241 1375 482 1428 humanus,
517 1377 563 1417 et
598 1373 759 1417 deinde
793 1378 929 1428 prout
962 1378 1032 1416 est
1064 1378 1194 1416 actus
1227 1375 1454 1417 humanus
1487 1374 1652 1426 malus„
1696 1374 1773 1429 qui
1819 1374 2031 1418 consistit
2077 1374 2127 1417 in

242 1448 500 1503 privatione
535 1461 612 1491 seu
646 1452 770 1491 caret
806 1447 962 1491 debita
993 1449 1163 1499 forma;
1200 1449 1278 1491 sed
1312 1461 1578 1502 quocunque
1622 1449 1755 1491 modo
1800 1448 2127 1503 consideretur,

244 1526 373 1577 patet
408 1535 502 1565 esse
534 1527 720 1577 peccata
756 1522 963 1577 specifice
998 1522 1190 1566 diversa.
1255 1523 1317 1565 Et
1350 1536 1458 1565 sane
1489 1536 1579 1566 non
1613 1523 1755 1565 solum
1783 1522 1957 1566 obiecta
1981 1536 2130 1577 pecca-

242 1605 409 1652 torum,
433 1598 510 1641 sed
534 1597 674 1640 etiam
696 1599 883 1651 formae,
907 1596 1070 1651 quibus
1094 1601 1249 1640 carent
1272 1601 1402 1640 actus
1426 1597 1551 1652 mali,
1585 1597 1893 1640 essentialiter
1924 1597 2130 1641 diversae

243 1676 369 1715 sunt:
405 1673 579 1715 formae
614 1671 749 1726 enim,
785 1671 948 1726 quibus
981 1677 1137 1715 carent
1169 1675 1299 1714 actus
1332 1672 1650 1727 peccaminosi,
1683 1676 1792 1714 sunt
1824 1672 2023 1715 virtutes
2057 1686 2129 1727 op-

243 1747 418 1802 positae
451 1747 524 1790 vel
557 1746 802 1790 relationes
847 1745 1191 1789 convenientiae
1236 1760 1335 1789 cum
1386 1746 1656 1801 praeceptis,
1705 1759 1819 1801 quae
1865 1746 2127 1789 laeduntur.

244 1822 329 1865 Sed
362 1836 462 1865 cum
497 1825 626 1864 actus
661 1821 981 1876 specificentur
1013 1820 1070 1863 ab
1094 1820 1282 1864 obiectis
1306 1825 1350 1864 et
1375 1820 1658 1876 privationes
1682 1820 1875 1875 speciem
1899 1820 2129 1875 accipiant

243 1911 270 1940 a
301 1897 476 1951 formis,
511 1896 673 1950 quibus
718 1899 1026 1951 opponuntur,
1075 1900 1207 1949 patet
1254 1903 1385 1938 actus
1434 1896 1655 1938 humanos
1703 1895 1939 1938 moraliter
1987 1896 2131 1938 malos

245 1985 323 2015 seu
356 1975 543 2026 peccata
576 1984 671 2014 esse
705 1970 913 2025 specifice
947 1969 1140 2013 diversa.

397 2063 444 2115 2.
482 2061 605 2113 Iam
628 2061 927 2130 quaeritur,
972 2078 1248 2130 quaenam
1280 2061 1349 2111 sit
1376 2078 1585 2127 norma,
1629 2060 1935 2112 secundum
1966 2078 2132 2130 quam

245 2160 474 2221 peccata
517 2150 774 2219 specifice
803 2150 1231 2218 distinguantur.
1316 2151 1458 2202 Non·
1484 2168 1674 2202 omnes
1716 2150 1951 2202 eandem
2014 2167 2132 2200 nor-

247 2260 393 2293 mam
435 2242 736 2309 assignant.

398 2366 445 2399 a.
491 2345 544 2398 S.
596 2345 820 2396 Thomas
860 2344 1178 2413 specificam
1223 2345 1634 2396 distinctionem
1676 2345 1877 2413 repetit
1918 2362 1986 2394 ex
2013 2362 2134 2412 pec-

249 2445 494 2488 catorum
552 2433 783 2486 obiectis
837 2433 1142 2485 formaliter
1199 2433 1464 2486 diversis:
1519 2453 1580 2485 ea
1629 2441 1849 2503 peccata
1901 2433 2135 2502 specifice

249 2524 519 2596 differunt,
564 2544 697 2594 quae
750 2532 1032 2575 versantur
1091 2524 1235 2574 circa
1288 2523 1489 2574 obiecta
1515 2522 1832 2592 formaliter
1885 2521 2132 2573 diversa:

248 2624 404 2666 actus
446 2616 594 2666 enim
638 2613 871 2664 humani
914 2613 1158 2681 speciem
1202 2630 1357 2663 suam
1400 2614 1687 2681 accipiunt
1727 2611 1796 2662 ab
1848 2610 2131 2680 obiect01).

400 2719 445 2773 b.
490 2719 674 2770 Scotus
717 2735 837 2769 eam
883 2717 1123 2768 desumit
1164 2734 1234 2766 ex
1275 2715 1576 2768 virtutibus
1625 2716 1878 2780 diversis,
1934 2714 2136 2785 quibus

200 2817 478 2880 {peccata
531 2814 918 2877 opponuntur:
973 2825 1035 2857 ea
1080 2814 1307 2875 peccata
1363 2806 1599 2876 specifice
1666 2804 1938 2876 differunt,
2005 2823 2138 2875 quae

196 2886 589 2969 ffoppommtur
656 2898 879 2949 diversis
959 2895 1272 2948 virtutibus:
1347 2897 1587 2964 privatio
1669 2897 1816 2946 enim
1896 2895 2139 2963 speciem

251 2988 454 3056 accipit
494 3006 525 3037 a
566 2987 742 3037 forma
797 2987 1065 3056 opposita,
1121 3004 1261 3055 quae
1313 2987 1371 3036 in
1430 2985 1534 3036 hoc
1592 3004 1721 3036 casu
1776 2993 1858 3036 est
1898 2984 2140 3050 virtus2).

401 3111 441 3142 c.
495 3091 724 3160 Vasquez
773 3109 895 3141 eam
952 3091 1192 3142 desumit
1245 3109 1315 3141 ex
1369 3089 1586 3158 legibus
1628 3090 1879 3154 diversis,
1937 3088 2140 3158 quibus

252 3188 481 3250 peccata
535 3180 935 3231 adversantur:
992 3199 1054 3232 ea
1097 3188 1319 3250 peccata
1373 3178 1606 3249 specifice
1670 3177 1942 3249 differunt,
2008 3195 2141 3247 quae

253 3278 592 3340 opponuntur
637 3271 943 3339 praeceptis
1000 3270 1275 3321 moraliter
1332 3269 1586 3320 diversis:
1642 3276 1933 3335 peccatum
1990 3269 2141 3318 enim

417 3464 449 3518 1>
485 3463 670 3507 Summa
705 3463 739 3505 Ι.
776 3463 834 3505 II.
871 3477 910 3518 q.
948 3464 1015 3505 72.
1051 3477 1089 3505 a.
1127 3465 1163 3505 1.

409 3538 442 3590 2)
482 3538 536 3581 In
570 3538 610 3583 ἱ).
647 3538 754 3581 dist.
788 3538 858 3579 37.
895 3551 934 3591 q.
974 3539 1010 3581 1.
1044 3552 1087 3579 n.
1122 3538 1162 3580 9.
