2269 3898
648 142 715 184 De
746 140 1092 196 impedimentis
1125 140 1422 183 matrimonii.
1894 139 1979 181 115

252 292 292 318 α.
325 276 548 318 Affinitas
580 289 671 318 non
704 275 993 318 contrahitur
1026 287 1080 317 ex
1104 273 1390 328 sponsalibus
1423 286 1567 327 neque
1600 286 1655 316 ex
1683 271 1978 315 matrimonio

101 357 200 395 rato
233 365 323 394 non
356 353 667 393 consummato
710 362 853 403 neque
896 362 950 392 ex
983 348 1160 391 actibus
1193 347 1402 390 luxuriae
1434 346 1717 402 imperfectis
1749 359 1893 401 neque
1927 359 1981 389 ex

102 427 201 481 ipsa
235 425 408 480 copula,
442 424 479 467 si
512 423 655 466 fuerit
687 423 958 477 imperfecta
990 423 1061 465 vel
1095 422 1217 464 inter
1248 421 1505 476 impuberes
1538 421 1711 464 habita.

255 516 294 563 ¹3.
329 514 374 557 Si
409 517 589 556 constat
624 513 677 555 de
711 513 872 567 copula
905 517 950 555 et
986 511 1240 564 dubitatur,
1284 524 1393 553 num
1427 510 1569 553 fuerit
1602 512 1819 565 perfecta,
1860 522 1982 564 prae-

103 590 303 633 sumitur
348 590 572 643 perfecta3
621 593 666 630 et
711 587 748 630 si
791 592 972 629 constat
1016 586 1069 629 de
1111 585 1416 639 conceptione,
1463 594 1583 627 certo
1628 585 1758 627 adest
1797 584 1984 638 impedi-

103 668 325 718 mentum,
358 663 444 706 etsi
478 663 524 705 in
558 662 658 717 ipsa
692 662 1010 705 coniunctione
1044 660 1214 704 carnali
1249 660 1424 714 aliquid
1459 659 1657 702 defuisse
1693 659 1883 702 dicatur.

256 789 294 820 c.
340 767 601 818 Affinitas
657 766 999 817 contrahitur
1049 785 1083 816 a
1122 765 1233 815 solo
1275 766 1389 815 viro
1433 784 1543 814 cam
1584 764 1988 834 consanqziineis

105 858 360 922 mulieri-3,
417 874 655 926 quacum
713 855 966 925 copulam
1008 853 1222 921 habuit,
1277 863 1329 904 et
1371 874 1403 904 a
1443 853 1561 904 sola
1613 853 1828 904 muliere
1877 872 1988 904 cum

105 948 511 1018 consanqnineis
540 948 658 1009 viri,
704 963 940 1014 quocum
973 946 1093 1013 ipsa
1123 943 1374 1013 copulam
1409 942 1618 995 habuit.
1700 943 1846 1009 Ergo
1877 941 1988 992 affi-

110 1040 252 1089 nitas
279 1056 387 1088 non
417 1037 789 1088 contrahitur:
832 1053 883 1086 α.
932 1054 962 1085 a
1005 1036 1122 1085 viro
1153 1041 1206 1083 et
1231 1032 1460 1083 muliere
1491 1031 1744 1101 copulam
1786 1031 1988 1083 haben-

106 1127 285 1179 tibus:
329 1127 386 1177 hi
430 1128 576 1177 enim
621 1134 747 1177 sunt
789 1126 945 1195 quasi
989 1124 1326 1192 principium
1356 1122 1675 1187 affinitatis3
1719 1140 1821 1172 nec
1867 1123 1914 1191 β.
1960 1140 1991 1171 a

110 1218 536 1285 consanguineis
580 1217 742 1266 unius
797 1232 922 1265 cum
966 1213 1395 1281 consanguineis
1437 1211 1690 1263 alterius:
1747 1210 1992 1279 affinitas

110 1309 247 1358 enim>
286 1325 392 1357 non
425 1307 583 1375 parit
623 1304 956 1374 affinitatem.

260 1411 380 1454 Hinc
425 1411 511 1453 duo
555 1412 722 1452 fratres
765 1415 957 1464 possunt
1003 1408 1163 1450 ducere
1208 1407 1320 1449 duas
1363 1419 1550 1460 sorores,
1593 1405 1731 1448 immo
1772 1408 1904 1459 pater
1948 1410 1994 1447 et

112 1487 236 1529 filius
270 1493 461 1540 possunt
497 1486 657 1527 ducere
690 1488 884 1526 matrem
919 1492 965 1526 et
998 1482 1159 1535 filiam,
1206 1484 1249 1524 et
1294 1480 1550 1535 generatim
1585 1479 1778 1534 quilibet
1813 1492 1994 1522 consan—

114 1561 307 1616 guineus
342 1560 499 1603 mariti
534 1564 687 1614 potest
712 1559 872 1601 ducere
897 1556 1281 1611 consanguineam
1306 1554 1475 1608 uxoris,
1509 1563 1555 1596 et·
1576 1553 1777 1596 vicissim
1803 1552 1995 1607 quilibet

111 1635 475 1690 consanguineus
508 1634 662 1677 uxoris
698 1638 849 1687 potest
885 1633 1044 1675 ducere
1078 1629 1463 1684 consanguineam
1499 1627 1669 1671 mariti.
1715 1627 1821 1670 Ideo
1855 1626 1994 1670 etiam

114 1709 335 1765 privigni,
370 1709 445 1763 qui
480 1709 612 1763 pleno
646 1721 780 1751 sensu
813 1708 930 1750 tales
965 1713 1088 1759 sunt,
1122 1705 1151 1747 i.
1184 1718 1221 1748 e.
1256 1704 1332 1759 qui
1365 1717 1447 1747 nec
1479 1709 1656 1758 patrem
1689 1715 1770 1745 nec
1803 1708 1994 1744 matrem

113 1798 396 1829 communem
431 1783 615 1838 habent,
649 1790 702 1826 ut
735 1796 835 1826 cum
870 1782 1037 1825 viduus
1071 1781 1240 1824 habens
1274 1780 1423 1823 filium
1459 1778 1584 1822 ducit
1618 1777 1805 1820 viduam
1837 1776 1998 1819 haben-

114 1869 207 1902 tem
243 1859 403 1913 filiam,
439 1858 783 1901 matrimonium
818 1858 933 1900 inire
968 1864 1171 1911 possunt.

267 1965 315 2014 cl.
363 1963 623 2014 Affinitas
675 1963 874 2033 92¹adas
917 1971 964 2012 et
1006 1962 1174 2012 lineas
1226 1980 1331 2011 non
1371 1959 1540 2024 habet,
1595 1957 1689 2009 sed
1734 1957 1997 2026 sequitur,

114 2053 351 2123 gradum
384 2061 435 2104 et
470 2052 675 2104 lineam
707 2051 1235 2119 consanguinitatis3
1282 2068 1450 2118 quare
1493 2051 1548 2099 in
1580 2044 2001 2099 determinanda

116 2143 387 2195 affinitate
443 2142 578 2193 haec
633 2142 823 2211 regula
867 2140 1142 2192 servanda
1183 2148 1290 2191 est:
1349 2138 1527 2208 qualis
1582 2147 1662 2189 est
1702 2136 1907 2205 gradus
1950 2143 2001 2185 et

119 2234 265 2284 linea
295 2232 794 2299 consanguinitatis
825 2232 987 2281 unius
1015 2233 1204 2299 partis,
1249 2228 1373 2279 talis
1415 2236 1495 2279 est
1535 2227 1681 2278 linea
1716 2234 1768 2276 et
1795 2224 1999 2293 gradus

119 2322 409 2373 affinitatis
451 2321 675 2372 alterius
719 2322 904 2389 partis.

271 2425 490 2468 Claudius
524 2438 630 2480 ergo
665 2439 764 2468 cum
800 2430 947 2468 matre
979 2424 1133 2467 uxoris
1168 2436 1274 2466 suae
1306 2422 1355 2464 in
1390 2422 1535 2476 primo
1570 2424 1739 2463 etcum
1763 2419 1868 2462 avia
1892 2418 2004 2461 eius-

122 2502 222 2544 dem
257 2501 304 2543 in
339 2501 534 2543 secundo
568 2500 715 2555 gradu
756 2499 904 2542 lineae
947 2502 1097 2542 rectae
1147 2523 1202 2528 ——
1252 2510 1351 2540 cum
1403 2508 1550 2538 sorore
1599 2494 1753 2537 uxoris
1802 2505 1909 2535 suae
1957 2492 2006 2534 in

123 2575 267 2630 primo
302 2581 349 2618 et-
382 2589 481 2618 cum
516 2581 653 2630 nepte
686 2574 841 2617 uxoris
875 2587 983 2616 suae
1023 2573 1069 2615 in
1112 2573 1305 2615 secundo
1348 2571 1495 2625 gradu
1538 2570 1684 2612 lineae
1728 2567 2005 2611 collateralis

121 2650 280 2692 affinis
314 2657 395 2692 est.

275 2776 315 2806 e.
361 2754 514 2806 Sicut
556 2754 1009 2821 consanguinitas
1052 2755 1128 2803 ita
1169 2753 1335 2802 etiam
1386 2749 1629 2800 affinitas
1671 2756 1850 2817 potest
1891 2764 2007 2797 esse

128 2844 429 2914 multipleoe.
475 2841 876 2911 Multiplicatur
916 2854 1098 2893 autem
1131 2840 1404 2892 affinitas:
1448 2856 1499 2890 α.
1530 2840 1573 2889 si
1604 2839 1726 2907 quis
1753 2836 2006 2905 copulam

129 2935 325 2986 habuit
383 2951 507 2984 cum
566 2931 818 3001 pluribus
876 2932 1332 3000 consanguineis3
1381 2931 1428 2999 β.
1493 2929 1535 2978 si
1594 2935 1824 2996 utraque
1882 2944 2008 2995 pars

128 3023 383 3094 copulam
426 3021 625 3073 habuit
665 3039 790 3072 cum
835 3022 1247 3088 consanguinea
1289 3018 1513 3070 alterius
1555 3018 1757 3086 partis3
1801 3024 1856 3066 at
1897 3033 2007 3066 non

130 3113 542 3182 multiplicatur,
606 3113 648 3162 si
707 3112 829 3179 quis
890 3110 1097 3179 pluries
1159 3127 1284 3159 cum
1345 3107 1537 3158 eadem
1596 3107 2006 3173 consanguinea

130 3202 383 3272 copulam
425 3199 638 3252 habuit.

268 3321 319 3390 f.
363 3319 836 3386 Distinguendum
893 3327 973 3370 est
1025 3320 1167 3369 inter
1222 3317 1551 3369 affinitatem
1606 3314 2009 3376 antecedentem,

132 3430 273 3482 quae
303 3412 718 3463 matrimonium
748 3408 1046 3478 praecedit,
1092 3416 1143 3458 et
1184 3406 1512 3458 affinitatem
1551 3405 2010 3476 supervenientem.

133 3520 275 3571 quae
344 3500 758 3552 matrimonium
829 3500 938 3549 iam
1007 3499 1206 3548 initum
1282 3497 1650 3565 consequitur.
1734 3494 1888 3544 Haec
1951 3510 2014 3542 eo

1779 3581 1834 3624 8ss
