2269 3898
647 169 714 211 De
747 167 1075 211 revalidatione
1108 166 1401 210 matrimonii.
1878 167 1962 208 179

91 306 190 345 tate
231 300 526 355 matrimonii,
575 300 948 355 congregationes
993 313 1112 342 nunc
1155 300 1295 342 solam
1336 297 1673 341 renovationem
1720 310 1958 341 consensus

89 377 286 432 exigunt
318 376 447 418 iuxta
480 375 669 430 requlas
702 387 728 416 a
752 374 964 429 probatis
997 373 1256 416 auctoribus
1289 372 1500 415 traditas.
1671 371 1675 373 ’

242 450 279 491 b.
314 449 470 492 Varios
516 448 670 491 modos
717 448 773 490 ab
806 447 1066 490 auctoribus
1108 446 1362 502 propositos
1407 446 1653 489 renovandi
1699 459 1960 489 consensum

91 537 193 567 cum
227 524 372 566 altera
404 525 548 577 parte,
582 535 695 576 quae
729 521 991 564 nullitatem
1016 520 1297 564 matrimonii
1321 520 1505 575 ignorat
1527 533 1608 562 nec
1642 520 1695 563 de
1718 533 1768 563 ea
1792 520 1961 562 moneri

92 601 258 652 potest,
309 597 367 639 ad
400 610 478 639 sex
518 599 699 639 revocat
732 610 767 638 3.
802 595 1075 650 Alphonsus,
1123 607 1311 648 quorum
1360 593 1539 636 nonnisi
1588 596 1680 637 tres
1729 600 1963 648 sequentes

91 678 328 725 tamquam
362 674 493 724 aptos
527 674 572 712 et
606 669 887 712 sufficientes
921 667 1162 711 admittit:

244 759 283 787 α,
318 745 428 787 Pars
474 743 707 786 nullitatis
752 743 927 786 conscia
975 741 1108 785 alteri
1156 741 1300 785 dicat:
1339 742 1468 794 „Non
1513 741 1654 783 habui
1683 755 1834 783 rerum
1869 754 1965 784 eon-

92 832 289 871 sensum,
323 818 500 873 quando
523 817 860 860 matrimonium
896 816 1138 870 contruxi;
1169 829 1324 859 uocum
1349 829 1465 858 nune
1475 818 1728 870 praestare
1761 816 1870 867 solo,
1903 816 1968 858 ris

91 896 139 936 et
168 896 214 935 tu
237 895 490 949 praestare
504 893 563 933 .?³·'

245 969 284 1017 β.
317 967 399 1010 Vel
434 967 578 1009 dicat:
614 965 813 1018 „sunem
845 978 901 1007 ne
933 968 1134 1007 nosfrum
1170 963 1506 1005 uzalrimonium
1540 963 1602 1005 sit
1632 963 1818 1014 nullum,
1851 963 1968 1005 ideo-

91 1056 178 1098 que
210 1054 475 1084 renovemus
508 1041 818 1083 eonsenszun.‘'‘

244 1130 284 1167 γ.
322 1115 394 1169 „Si
428 1115 612 1157 accedat
653 1114 812 1168 copula
858 1112 1061 1155 maritali
1104 1113 1273 1155 affectu
1314 1110 1472 1154 habita
1513 1124 1567 1154 ex
1600 1115 1729 1165 parte
1763 1111 1967 1165 coniugis

93 1190 260 1234 conscii
292 1189 624 1244 impedimenti,
672 1187 949 1230 intendendo
993 1186 1056 1229 sic
1099 1186 1349 1241 exprimere
1389 1199 1555 1228 novum
1603 1198 1865 1228 consensum
1911 1185 1968 1227 ad

97 1263 438 1308 matrimonium
474 1264 527 1306 de
571 1275 686 1305 novo
731 1260 1174 1312 cont1·ahendum“¹).
1239 1260 1405 1302 Verum
1454 1259 1585 1302 addit
1629 1273 1660 1302 s.
1696 1259 1969 1313 Alphonsus,

95 1340 215 1382 hunc
246 1339 428 1382 modum
453 1344 563 1380 tunc
586 1340 769 1380 tantum
794 1335 999 1379 adhiberi
1032 1347 1174 1389 posse,
1209 1334 1387 1389 quando
1422 1334 1501 1376 alii
1524 1333 1825 1388 impossibiles
1860 1337 1966 1376 sunt

95 1417 144 1457 et
176 1413 362 1468 insuper
393 1412 605 1455 imminet
638 1411 887 1466 periculum
927 1409 1083 1464 gravis
1117 1408 1283 1452 damni.

248 1502 282 1531 c.
315 1488 453 1530 quta
475 1486 646 1541 priores
679 1485 835 1528 modos
862 1498 965 1539 pars
998 1483 1316 1539 impedimenti
1337 1482 1499 1538 ignara
1533 1482 1694 1525 saltem
1728 1481 1776 1524 in
1809 1494 1970 1536 genere

96 1563 152 1606 de
185 1562 402 1605 nullitate
435 1560 718 1604 matrimonii
751 1560 914 1603 certior
945 1559 1179 1609 redditur;
1229 1558 1362 1601 iuxta
1394 1556 1584 1599 tertium
1618 1569 1722 1599 vero
1758 1556 1810 1598 de
1842 1555 1973 1598 nulli—

99 1641 197 1680 tate
230 1635 512 1679 matrimonii
555 1648 610 1678 ne
643 1634 944 1689 suspicionem
993 1633 1175 1686 quidem
1219 1632 1370 1675 habet.
1435 1630 1572 1673 Multi
1617 1636 1822 1673 auctores
1855 1630 1973 1672 hunc

88 1710 289 1754 'tertium
339 1710 522 1752 modum
573 1721 756 1764 prorsus
804 1707 1162 1750 insufficientem
1214 1706 1461 1759 declarant,
1510 1718 1697 1759 quorum
1747 1703 1973 1747 sententia

96 1786 396 1828 confirmatur
430 1783 652 1827 decisione
695 1796 730 1825 s.
771 1782 936 1839 Officii,
977 1782 1095 1836 quod
1128 1782 1167 1823 8.
1202 1779 1358 1823 martii
1393 1779 1521 1821 1899.
1557 1782 1831 1833 potestatem
1864 1777 1973 1820 fecit

101 1859 369 1903 transeundi
402 1859 460 1902 ad
493 1859 607 1901 alias
629 1857 816 1912 nuptias
840 1856 1020 1899 mulieri
1043 1869 1133 1899 non
1165 1854 1442 1909 baptizatae,
1477 1866 1591 1908 quae
1624 1866 1723 1895 cum
1746 1852 1974 1895 haeretico

99 1934 444 1977 matrimonium
490 1935 779 1975 contraxerat
825 1930 878 1973 ob
923 1930 1241 1985 disparitatem
1283 1929 1433 1972 cultus
1476 1926 1731 1971 invalidum
1778 1930 1824 1968 et
1857 1931 1976 1980 post-

97 2021 233 2062 quam
268 2007 547 2062 baptismum
582 2009 839 2060 susceperat
872 2018 951 2060 per
983 2004 1162 2059 aliquod
1199 2007 1381 2058 tempus
1422 2002 1570 2045 adhuc
1602 2001 1649 2044 in
1683 2000 1974 2043 matrimonio

100 2083 294 2137 vixerat,
341 2082 418 2126 sed
451 2087 609 2137 postea
641 2081 738 2123 viro
773 2079 994 2122 catholico
1026 2078 1194 2121 nubere
1227 2076 1450 2132 cupiebat.
1514 2077 1643 2119 Hanc
1675 2075 1905 2118 licentiam
1942 2088 1973 2117 s.

99 2156 396 2212 congregatio
441 2156 566 2199 dedit
602 2155 683 2198 sub
728 2153 988 2197 condicione
1028 2152 1202 2207 praevii
1244 2150 1506 2205 iuramenti,
1553 2163 1638 2204 quo
1674 2150 1977 2192 declararetur

102 2231 445 2275 matrimonium
480 2234 582 2286 post
617 2228 895 2284 baptismum
946 2226 1148 2270 mulieris
1193 2226 1248 2269 ab
1291 2226 1362 2268 his
1406 2224 1688 2280 coniugibus,
1729 2223 1975 2267 scientibus

101 2306 228 2349 illius
260 2305 541 2359 nullitatem,
566 2304 869 2347 tratificatum
903 2316 992 2345 non
1024 2302 1166 2345 fuisse
1198 2301 1246 2344 in
1279 2301 1389 2354 loco,
1421 2299 1498 2343 ubi
1533 2298 1825 2342 matrimonia
1860 2298 1974 2340 clan-

103 2380 284 2424 destina
316 2380 388 2423 vel
421 2379 569 2422 mixta
601 2377 756 2421 valida
788 2376 1025 2420 habentur.

257 2529 388 2581 167.
448 2527 804 2582 Corollaria.
885 2526 974 2577 Ex
1022 2525 1108 2577 his
1157 2542 1254 2594 pro
1298 2526 1458 2594 praxi
1500 2524 1791 2575 statuenda
1833 2531 1975 2587 sunt,

107 2637 248 2688 quae
290 2625 620 2686 sequuntur:

261 2724 306 2774 1.
349 2722 407 2774 Si
450 2721 673 2772 nullitas
715 2721 1054 2772 matrimonii
1095 2721 1301 2788 ‘comaque
1333 2719 1490 2788 parti
1529 2727 1655 2769 nota
1696 2726 1786 2781 est,
1840 2725 1978 2767 utra-

107 2831 213 2882 que
256 2828 583 2863 consensum
624 2809 924 2861 formaliter
964 2810 1274 2878 exprimere
1317 2807 1495 2859 debet.

259 2901 307 2953 2.
354 2900 411 2952 Si
452 2899 674 2950 nullitas
716 2899 1050 2950 matrimonii
1095 2899 1190 2949 uni
1221 2898 1377 2967 parti
1415 2906 1545 2948 ποτα
1587 2906 1662 2948 est
1713 2904 1766 2946 et
1813 2895 1982 2946 altera

110 2992 178 3043 de
232 3009 295 3041 ea
353 2990 469 3041 sine
528 2986 878 3040 incommodo
935 2989 1135 3039 moneri
1182 2995 1374 3056 potest,
1431 2986 1518 3037 vel
1572 2987 1616 3037 si
1674 2985 1981 3036 certioratio

110 3079 520 3149 praescribitur,
582 3077 638 3129 id
695 3077 813 3128 fieri
872 3076 1050 3142 debet,
1109 3084 1168 3127 ut
1223 3074 1384 3126 ambo
1442 3074 1603 3126 simul
1657 3091 1983 3125 consensum

111 3178 395 3222 renovent.

262 3260 311 3311 3.
357 3257 414 3310 Si
455 3256 678 3308 nullitas
720 3257 1058 3307 matrimonii
1097 3256 1193 3306 uni
1222 3255 1379 3324 parti
1417 3262 1545 3304 ‘nota
1586 3261 1661 3304 est
1713 3260 1765 3302 et
1816 3250 1984 3302 altera

115 3348 182 3400 de
225 3367 288 3399 ea
326 3348 527 3398 moneri
565 3365 671 3397 non
703 3354 882 3415 potest
924 3346 1042 3396 sine
1082 3344 1269 3412 gravis
1313 3342 1501 3394 damni
1551 3340 1813 3411 periculo,
1869 3341 1986 3391 sive

271 3524 300 3577 ¹)
332 3523 377 3566 S.
413 3523 670 3579 Alplzousus
701 3537 743 3565 n.
781 3523 907 3564 1117.
