2269 3898
304 147 360 189 60
836 146 895 188 ΙΙ.
931 146 996 187 De
1028 143 1206 188 actibus
1238 145 1297 188 ad
1330 146 1467 188 finem
1501 145 1637 200 aptis.

450 280 543 334 50.
600 279 874 332 Influxus
929 278 1125 330 metus
1177 278 1241 331 in
1290 280 1456 332 actus
1498 279 1810 332 humanos,
1892 282 1938 332 1.
1982 281 2174 347 Metus,

302 372 391 438 qui
431 368 562 419 adeo
604 369 867 419 vehemens
909 375 998 433 est,
1041 375 1099 417 ut
1136 386 1284 418 77577777
1308 368 1537 419 rationis
1569 367 1750 435 turbet,
1789 369 2007 437 penitus
2036 367 2177 420 tollit

300 458 684 508 voluntarium..-
734 457 826 507 ubi
871 458 1016 508 enim
1062 456 1247 507 deficit
1287 458 1516 507 rationis
1558 456 1896 519 deliberatio7
1940 457 2176 509 habetur

302 545 735 597 involuntarium
779 547 1099 615 perfectum.
1181 545 1247 596 Id
1289 554 1472 596 tamen
1528 546 1585 596 in
1629 554 1778 596 metu
1819 564 1940 597 raro
1984 554 2037 596 et
2077 564 2176 614 per

300 634 559 685 accidens
600 644 815 687 tantum
848 637 1147 704 contingit:
1191 635 1468 686 ordinarie
1496 636 1644 686 enim
1675 643 1728 686 et
1762 653 1860 704 per
1889 654 1951 702 vse
1993 643 2173 687 metus

300 725 464 774 etiam
506 726 691 792 gravis
733 743 841 777 non
885 726 1063 776 aufert
1105 723 1560 776 deliberationem
1603 725 1848 787 rationis7
1905 743 2045 793 quae
2102 722 2174 776 ad

299 822 483 863 actum
524 814 765 882 perfecte
818 815 1124 865 humanum
1178 814 1492 882 requiritur,
1550 812 1671 864 ideo
1726 813 1908 882 quoad
1965 822 2171 865 metum

299 902 696 954 attendendum
742 912 821 954 est
863 905 1209 972 potissimum
1254 920 1486 971 sequens
1527 901 1883 971 principium

447 992 493 1045 2
538 992 701 1044 Actus
733 994 945 1062 pos-itus
985 1011 1049 1043 εκ
1089 1000 1224 1043 metu
1265 992 1595 1061 quantumvis
1640 992 1792 1059 quivi
1827 1012 1925 1062 pe?
1963 1010 2015 1042 se
2056 992 2173 1043 51777-

287 1081 507 1150 plicita)
538 1082 866 1133 0οΖ7777ΐα7ἰ778
896 1091 944 1133 et
973 1082 1250 1151 secundam
1255 1081 1419 1153 „qu-id
1434 1079 1829 1152 77777οΖ777717177773
1857 1090 1946 1133 est
1989 1059 2173 1132 Metus

1508 1141 1617 1154 M.
1667 1145 1765 1151 ,.,.-
1800 1142 1935 1149 -Ὼώβ,

298 1172 443 1221 enim
486 1190 582 1239 per
625 1190 679 1222 se
722 1172 905 1236 efficit,
951 1180 1010 1221 ut
1052 1171 1308 1221 voluntas
1351 1149 1652 1221 deliberate
1695 1169 1861 1238 eligat
1895 1171 2172 1221 actionem

296 1268 581 1329 tamquam
623 1260 867 1311 medium
917 1260 988 1312 ad
1029 1260 1323 1311 vitandum
1374 1257 1598 1325 malum,
1654 1258 1749 1310 sed
1804 1277 1929 1309 cum
1985 1257 2172 1328 aliqua

295 1351 678 1417 repugnantia,
725 1357 783 1400 ut
823 1351 868 1400 si
899 1351 1021 1419 quis
1050 1368 1119 1401 ex
1149 1358 1299 1399 metu
1327 1347 1602 1416 naufragii
1633 1349 1890 1417 proiiciat
1929 1366 2168 1407 mercem

297 1439 447 1507 atqui
503 1438 781 1490 eiusmodi
836 1446 989 1490 actus
1033 1446 1115 1491 est
1155 1437 1478 1506 simpliciter
1518 1436 1865 1489 voluntarius
1908 1455 2032 1488 cum
2075 1437 2168 1488 ad-

297 1529 563 1579 mixtione
606 1527 982 1580 involuntarii.

445 1630 485 1658 a.
520 1617 683 1670 Metus,
719 1630 818 1659 cum
855 1616 1080 1659 ordinarie
1113 1630 1203 1660 non
1236 1617 1417 1659 auferat
1440 1615 1767 1670 voluntarium,
1801 1629 1886 1658 non
1922 1619 2112 1659 excusat
2143 1630 2169 1658 a

285 1694 488 1745 peceato.
521 1704 600 1733 nec
633 1692 793 1747 aufert
823 1690 1033 1733 meritum
1070 1691 1210 1732 bonae
1243 1691 1450 1743 actionis,
1482 1699 1535 1733 ut
1570 1690 1607 1733 si
1641 1690 1741 1745 quis
1775 1704 1829 1735 ex
1851 1694 1978 1735 metu
2002 1703 2170 1745 poenae

296 1765 485 1808 assistat
509 1779 647 1808 sacro.
686 1764 801 1818 Quia
824 1768 979 1808 tamen
1002 1764 1277 1818 voluntario,
1301 1765 1419 1819 quod
1442 1777 1496 1807 ex
1519 1769 1646 1808 metu
1667 1764 1886 1820 procedit,
1910 1765 2168 1815 admixtum

296 1845 362 1882 est
406 1839 797 1893 involuntarium,
836 1844 985 1882 metus
1028 1839 1199 1882 minuit
1239 1840 1419 1893 culpam
1465 1844 1510 1882 et
1552 1839 1783 1894 meritum,
1824 1844 1869 1882 et
1903 1852 1952 1882 eo
1986 1839 2168 1894 quidem

295 1914 457 1968 magis,
492 1927 577 1968 quo
612 1915 755 1957 maior
788 1919 854 1956 est
888 1913 1198 1968 repugnantia
1229 1913 1277 1956 111
1310 1914 1519 1968 ponenda
1551 1913 1742 1957 actione.
1796 1913 1851 1956 In
1884 1913 2030 1969 specie
2063 1927 2168 1957 vero

296 2003 334 2029 α.
370 1989 405 2031 51
441 1988 598 2043 agitur
631 1989 685 2031 de
725 2003 777 2032 re
822 1989 1097 2031 intrinsecus
1139 1989 1260 2031 mala
1301 1988 1456 2031 nullus
1497 1993 1646 2031 metus
1689 2002 1715 2031 a
1754 1994 1937 2043 peccato
1982 1999 2169 2032 excusat

293 2076 373 2106 1100
417 2065 595 2119 culpam
640 2064 750 2107 adeo
795 2063 979 2118 minuit,
1020 2068 1074 2106 ut
1118 2067 1354 2117 peccatum
1398 2064 1591 2106 mortale
1635 2067 1822 2118 propter
1865 2068 2038 2107 metum
2082 2065 2168 2108 fiat

294 2138 493 2188 venia]e;
544 2138 580 2186 ,3.
624 2137 660 2180 51
706 2138 864 2192 agitur
897 2137 952 2180 de
984 2151 1037 2180 re
1069 2138 1165 2180 sola
1200 2138 1298 2192 leffe
1319 2137 1518 2194 positiva
1541 2137 1796 2194 prohibita,
1828 2137 1984 2193 gravis
2018 2142 2167 2182 metus

294 2227 319 2255 a
352 2217 533 2267 peccato
567 2213 700 2267 plane
733 2225 947 2256 excusare
979 2215 1145 2267 potest,
1179 2211 1268 2255 nisi
1302 2216 1452 2255 metus
1484 2212 1740 2256 incutiatur
1769 2212 1818 2255 in
1848 2212 2003 2256 odium
2036 2214 2168 2256 eccle·

294 2287 386 2330 siae
418 2288 489 2330 vel
522 2286 768 2341 religionis.
1456 2293 1461 2296 “
2026 2272 2035 2284 ”

443 2362 479 2403 l).
516 2360 631 2414 Quia
665 2367 808 2415 actus,
843 2359 997 2414 quiex
1021 2368 1147 2404 metu
1170 2361 1241 2414 fit,
1275 2360 1549 2416 simpliciter
1572 2360 1858 2404 voluntarius
1883 2366 1953 2404 est
1985 2366 2031 2405 et
2063 2361 2164 2404 ideo

294 2436 564 2491 simpliciter
587 2437 829 2490 humanus,
863 2448 942 2489 per
966 2448 1011 2478 se
1034 2441 1184 2478 metus
1207 2448 1294 2477 non
1320 2438 1508 2478 excusat
1531 2435 1586 2477 ab
1612 2435 1959 2491 oblz'gjationibus
1981 2440 2167 2491 propter

292 2511 441 2566 ipsum
476 2510 738 2563 contractis,
771 2509 861 2552 nisi
896 2509 1047 2553 obstet
1079 2510 1153 2553 lex
1184 2510 1257 2553 vel
1280 2509 1399 2553 ratio
1423 2509 1655 2564 specialis:
1690 2509 2003 2553 voluntarium
2029 2510 2164 2565 enim,

293 2587 411 2641 quod
455 2585 629 2629 sufficit
673 2586 730 2629 ad
773 2584 1155 2628 committendum
1200 2590 1439 2639 peccatum
1483 2597 1650 2639 grave,
1702 2584 1878 2627 sufficit
1922 2584 2062 2628 etiam
2105 2585 2164 2628 ad

293 2660 624 2704 contrahendas
669 2659 986 2714 obligationes.
1051 2659 1158 2702 Ideo
1202 2672 1282 2713 per
1326 2672 1372 2702 se
1404 2658 1531 2702 valet
1563 2663 1722 2702 votum
1756 2672 1811 2701 ex
1843 2663 1970 2702 metu
2003 2659 2164 2702 mortis

291 2734 339 2777 in
372 2735 518 2778 medio
551 2734 794 2789 naufragio
827 2734 900 2776 vel
932 2732 980 2776 in
1012 2733 1145 2788 gravi
1179 2733 1331 2776 morbo
1365 2733 1593 2779 emissum.

440 2809 489 2860 3.
549 2810 720 2860 Metus
774 2809 900 2860 levis
957 2810 1013 2859 in
1066 2808 1183 2860 foro
1227 2816 1454 2860 externo
1498 2827 1607 2860 non
1649 2808 1989 2860 attenditur:
2040 2827 2163 2878 sup-

292 2900 515 2967 ponitur
557 2900 703 2950 enim
744 2899 927 2967 ipsum
970 2916 1078 2949 non
1121 2896 1381 2949 habuisse
1423 2898 1698 2950 influxum
1749 2900 1806 2950 in
1856 2900 2161 2963 actionem3

292 2989 350 3038 in
389 2987 504 3038 foro
547 2996 731 3039 autem
774 2990 989 3039 interno
1033 2989 1234 3038 minuit
1275 2987 1649 3039 voluntarium
1698 2987 1933 3057 ideoque
1981 2988 2164 3055 gravi·

290 3084 460 3128 tatem
501 3078 716 3145 peccati
759 3095 857 3145 pro
902 3078 1209 3146 quantitate
1252 3076 1496 3128 influxus
1539 3079 1594 3128 in
1638 3076 1996 3128 voluntatem.

945 3271 977 3326 ᾗ
1010 3274 1064 3315 4.
1105 3274 1190 3316 De
1219 3274 1499 3317 violentia.

439 3387 533 3441 51.
574 3388 748 3442 Notio
790 3403 856 3442 ac
899 3388 1137 3443 (liviSiO.
1203 3392 1249 3442 1.
1302 3388 1568 3441 Violentia
1607 3391 1854 3457 (coactio,
1898 3389 2001 3461 vis)
2033 3409 2160 3460 pas·

293 3477 396 3527 sive
438 3477 786 3529 considerata
829 3477 1091 3529 definitur
1119 3480 1286 3530 motio
1317 3487 1541 3531 causata
1569 3499 1600 3531 a
1629 3480 1903 3549 principio
1931 3486 2157 3530 externo
2222 3486 2228 3491 ‘
