2269 3898
263 113 321 154 44
800 109 850 151 ΙΙ.
886 109 953 152 De
985 107 1163 151 actibus
1195 107 1253 150 ad
1286 109 1424 150 finem
1458 107 1595 162 aptis.

263 260 352 289 non
385 251 455 288 651
487 246 677 289 effectus
711 243 820 286 mali
866 255 1000 285 causa
1033 240 1236 296 physica,
1284 240 1452 295 quippe
1500 240 1576 295 qui
1624 240 1775 284 aliena
1821 240 2000 283 actione
2045 254 2143 295 1110-

264 321 478 369 1111661111·;
524 332 659 362 661156
702 317 886 360 111016115
927 321 1082 359 61116111
1127 319 1316 358 eatenus
1359 319 1543 358 tantum
1588 327 1683 358 esse
1718 318 1884 369 potest,
1916 320 2143 369 quatenus

262 407 353 436 non
386 392 595 447 impedit,
640 392 757 446 quod
801 390 1024 445 impedire
1064 390 1216 432 debet:
1261 403 1367 432 nam
1408 391 1599 432 effectus
1643 388 1794 432 aliena
1836 388 2015 432 actione
2046 401 2143 443 pro-

264 469 426 510 ductus
461 467 499 509 ei
534 473 632 508 111111
667 466 811 508 50111111
845 463 987 507 tribui
1021 468 1187 518 potest,
1221 478 1322 507 cum
1356 477 1457 507 eum
1490 463 1711 518 impedire
1744 467 1941 507 tenetur.
1993 462 2039 505 Si
2073 466 2144 505 est

262 556 396 585 causa
418 542 634 597 positiva,
682 542 872 584 effectus
921 539 1069 582 malus
1117 538 1303 593 physice
1336 538 1517 591 quidem
1567 537 1607 581 ei
1655 537 1799 581 tribui
1844 537 1993 593 debet,
2040 551 2142 580 cum

262 615 444 671 propria
477 615 656 658 actione
687 615 819 657 illum
853 613 1090 668 producat,
1124 612 1359 655 moraliter
1390 616 1544 655 autem
1580 611 1621 655 ei
1654 611 1796 654 tribui
1828 613 2003 667 nequit,
2037 611 2145 666 quia

262 704 417 745 agens,
458 690 533 745 qui
576 703 666 732 11011
710 693 894 732 tenetur
936 687 1165 730 abstinere
1198 686 1254 729 ab
1286 686 1479 741 actione,
1527 686 1736 740 quamvis
1784 700 1839 730 ex
1887 700 1939 729 ea
1970 686 2143 728 malum

263 767 480 810 effectum
515 769 776 808 secuturum
811 762 1093 818 praevideat,
1134 762 1253 805 hunc
1297 761 1446 816 magis
1478 761 1754 816 permittere
1795 775 1930 815 quam
1964 761 2146 804 efficere

261 844 482 883 censetur.

413 938 450 986 β.
487 935 730 990 Superiori,
764 935 841 990 qui
865 934 1101 978 subditum
1124 933 1246 977 iuste
1268 932 1470 988 corripit,
1505 933 1640 976 huius
1663 933 1733 976 ira
1754 947 1846 976 non
1867 932 2143 988 imputatur,

262 1011 348 1054 etsi
400 1009 666 1064 praevideat
708 1012 964 1064 correptum
1015 1009 1063 1051 in
1111 1008 1227 1051 iram
1277 1007 1557 1051 concitatum
1606 1007 1679 1061 iri,
1729 1007 1766 1050 si
1814 1007 2143 1062 correptionem

263 1085 475 1128 omittere
507 1098 597 1127 non
629 1087 827 1137 tenetur,
860 1096 916 1126 116
949 1082 1162 1125 511111111115
1194 1083 1433 1125 irascatur.
1497 1081 1568 1136 Ei,
1614 1082 1691 1136 qui
1724 1081 1854 1124 videt
1886 1081 2143 1137 proximum

261 1160 309 1203 in
345 1173 509 1213 aquam
550 1159 832 1201 submersum
878 1171 1069 1211 eumque
1108 1171 1199 1200 non
1248 1156 1402 1212 eripit,
1450 1156 1538 1199 etsi
1578 1160 1746 1211 posset,
1788 1169 1909 1199 mors
1949 1155 2146 1211 proximi

262 1234 535 1290 imputatum
571 1233 608 1276 si
641 1246 743 1276 eum
777 1232 949 1287 eripere
982 1234 1180 1286 tenetur,
1212 1244 1303 1274 non
1335 1231 1610 1286 imputatur,
1644 1230 1682 1274 si
1714 1244 1804 1273 non
1836 1235 2034 1274 tenetur.

413 1406 506 1458 36.
577 1404 819 1477 Quando
886 1404 1223 1472 imputetur
1284 1402 1530 1457 effectus
1588 1403 1780 1456 malus
1841 1403 1905 1455 in
1966 1417 2148 1456 661156

262 1496 662 1551 voluntarius.
719 1496 764 1547 1.
801 1493 911 1559 Qui
943 1495 1181 1544 scienter
1223 1495 1377 1562 ponit
1419 1492 1505 1543 vel
1547 1511 1659 1543 non
1701 1492 1879 1543 aufert
1920 1510 2146 1543 causam

263 1585 392 1637 mali
435 1586 664 1636 effectus
707 1583 875 1651 (idem
919 1583 1220 1634 dicendum
1263 1582 1331 1633 de
1374 1584 1672 1633 omissione
1713 1583 1952 1633 actionis
1994 1601 2145 1651 prae-

263 1675 477 1745 ceptae)
507 1693 616 1725 non
646 1683 759 1724 tum
793 1674 1090 1724 committit
1115 1680 1424 1741 peccatum,
1450 1671 1673 1742 quando
1698 1672 1947 1740 sequitur
1968 1670 2146 1723 malus

265 1765 511 1830 effectus,
557 1764 650 1814 sed
694 1762 918 1832 quando
962 1761 1317 1831 culpabiliter
1358 1763 1516 1830 ponit
1557 1761 1644 1812 vel
1687 1779 1797 1812 non
1839 1760 1982 1812 tollit
2022 1780 2145 1812 cau·

265 1873 406 1905 sam:
458 1861 750 1923 peccatum
793 1854 940 1903 enim
984 1870 1095 1904 non
1138 1853 1194 1903 in
1239 1854 1538 1903 existentia
1581 1850 1711 1902 mali
1754 1851 2000 1915 effectus,
2046 1850 2144 1902 sed

263 1946 320 1995 in
362 1954 489 1994 actu
530 1944 746 1994 interno
789 1941 1106 2004 voluntatis,
1168 1960 1275 2011 quo
1320 1959 1487 1993 causa
1530 1939 1659 1991 mali
1702 1941 1931 1991 effectus
1972 1941 2147 1990 inten-

267 2033 432 2097 ditur,
477 2034 744 2085 consistit.
821 2030 957 2082 Ideo
1001 2033 1259 2100 quamvis
1312 2032 1496 2101 reipsa
1545 2029 1722 2081 malus
1764 2030 1994 2082 effectus
2035 2047 2147 2080 non

265 2132 541 2190 sequatur,
585 2130 771 2173 tamen
814 2129 1106 2191 peccatum
1146 2123 1255 2171 iam
1289 2122 1644 2171 commissum
1673 2128 1769 2185 est⁷
1808 2129 1862 2170 et
1889 2138 1974 2170 res
2002 2118 2148 2170 mala

263 2221 548 2281 tamquam
604 2211 775 2262 volita
829 2213 887 2262 in
943 2211 1288 2262 confessione
1340 2210 1609 2262 declarari
1661 2209 1841 2261 debet.
1923 2210 2144 2261 Effectu

264 2310 448 2353 secuto
491 2308 780 2370 peccatum
823 2301 1103 2351 internum
1147 2302 1392 2353 exterius
1435 2300 1759 2370 completur.

413 2413 533 2456 Hinc
566 2413 642 2467 qui
675 2412 882 2468 1101116115
922 2413 1127 2456 advertit
1169 2427 1216 2457 se
1257 2412 1475 2456 ulteriore
1507 2416 1620 2467 potu
1651 2411 1971 2455 inebriandum
2006 2416 2052 2454 et
2084 2411 2149 2454 in-

265 2501 399 2543 super
445 2488 729 2543 experientia
775 2487 906 2530 novit
954 2501 999 2531 se
1047 2488 1095 2530 in
1146 2488 1369 2531 ebrietate
1411 2487 1598 2530 solitum
1644 2500 1740 2531 esse
1780 2485 1924 2530 rixari
1957 2491 2003 2529 et
2035 2485 2148 2528 blas-

265 2563 491 2618 phemare,
525 2575 574 2604 60
607 2562 705 2617 11150
728 2561 941 2617 instanti,
975 2575 1060 2616 quo
1084 2562 1354 2616 praevidens
1376 2562 1520 2604 malos
1544 2562 1734 2604 effectus
1757 2560 1907 2604 bibere
1931 2559 2148 2612 decernit,

265 2642 499 2692 peccatum
519 2637 772 2687 ebrietatis,
795 2636 921 2679 rixae
944 2642 990 2680 et
1014 2637 1323 2691 blasphemiae
1347 2637 1395 2680 in
1419 2650 1555 2680 causa
1577 2636 1772 2679 volitum
1798 2634 2064 2678 committit.
2091 2660 2147 2664 —

266 2712 353 2765 9111
394 2711 466 2754 die
507 2713 626 2754 festo
670 2724 802 2754 mane
850 2725 895 2754 se
947 2712 1026 2754 dat
1069 2725 1224 2755 somno
1266 2711 1536 2766 praevidens
1584 2710 1767 2753 omnino
1817 2723 1992 2753 sacrum
2041 2708 2148 2752 inde

265 2787 587 2841 omittendum,
620 2791 731 2829 tunc
763 2790 921 2841 peccat
954 2790 1112 2830 contra
1145 2792 1438 2841 praeceptum
1474 2786 1701 2840 ecclesiae,
1735 2785 1915 2840 quando
1949 2783 2148 2827 omissio-

264 2875 367 2905 nem
408 2862 677 2916 praevidens
722 2875 767 2904 se
812 2862 889 2904 dat
932 2874 1101 2938 50111110.
1139 2886 1192 2890 -
1229 2860 1315 2914 9111
1358 2861 1560 2904 decrevit
1606 2875 1697 2904 non
1737 2860 1895 2903 audire
1944 2858 2146 2914 missam,

265 2937 349 2979 hoc
381 2936 610 2991 proposito
645 2941 813 2990 1166661,
848 2936 933 2979 6151
967 2940 1127 2990 1105166
1161 2940 1343 2979 mutata
1366 2936 1609 2978 voluntate
1642 2948 1740 2978 eam
1774 2934 1957 2980 audiat:
1978 2959 2032 2964 —
2058 2933 2146 2987 Qui

267 3011 400 3054 alteri
440 3010 641 3065 porrigit
681 3024 921 3065 venenum,
961 3023 1052 3053 non
1095 3017 1266 3065 peccat,
1310 3010 1490 3064 quando
1531 3009 1739 3064 sequitur
1781 3022 1900 3052 mors
1942 3008 2153 3060 611611115,

266 3085 343 3128 5611
377 3086 555 3139 quando
589 3085 719 3139 ponit
751 3099 933 3128 causam
968 3085 1141 3127 mortis.

418 3196 467 3247 2.
521 3195 655 3247 Ideo
710 3198 956 3262 gravitas
997 3198 1213 3266 peccati
1258 3198 1314 3247 in
1357 3214 1525 3247 causa
1567 3195 1865 3247 voluntarii
1911 3213 2020 3246 non
2064 3202 2147 3246 est

270 3283 611 3335 desumenda
653 3303 722 3335 ex
778 3287 1052 3353 gravitate
1108 3287 1335 3337 effectus
1387 3304 1482 3337 seu
1536 3304 1606 3336 ex
1663 3287 1938 3354 gravitate
1993 3303 2145 3354 prae-

272 3375 414 3441 cepti
443 3373 652 3437 violati,
696 3374 792 3425 sed
819 3393 886 3425 ex
917 3375 1130 3426 malitia
1159 3382 1315 3426 actus
1347 3376 1548 3426 interni
1576 3374 1904 3440 voluntatis3
1949 3373 2146 3443 quodsi

271 3470 425 3512 actus
454 3462 776 3530 voluntatis⁷
819 3465 912 3533 qui
955 3465 1165 3533 appetit
1209 3483 1428 3515 causam
1467 3483 1592 3515 cum
1629 3465 1983 3533 praevisione
2013 3462 2146 3514 mali
