2301 3962
978 974 1203 1053 Liber
1257 976 1577 1071 primus.

861 1156 940 1218 De
988 1154 1104 1217 fine
1152 1153 1415 1217 hominis
1463 1154 1699 1218 ultimo.

953 1405 1291 1489 Quaestio
1340 1405 1609 1486 prima.

757 1558 861 1609 De
916 1556 1109 1619 ipsc
1149 1553 1339 1608 fine
1394 1555 1802 1618 ultimos).

496 1716 587 1768 12.
632 1716 775 1788 Quis
818 1716 919 1769 sit.
981 1716 1155 1767 Homo
1192 1715 1497 1767 destinatus
1541 1724 1623 1768 est
1662 1718 1732 1768 ad
1771 1719 2214 1786 participandam

343 1807 399 1855 in
441 1806 762 1855 aeternitate
804 1806 964 1855 vitam
1005 1805 1257 1869 divinam,
1316 1807 1685 1872 cognitionem
1730 1805 1939 1857 scilicet
1980 1814 2033 1857 et
2072 1826 2212 1859 amo⁵

343 1912 474 1957 rem,
519 1893 720 1962 quibus
763 1892 914 1944 Deus
957 1895 1073 1962 ipse
1116 1912 1172 1944 se
1215 1896 1497 1962 cognoscit
1539 1902 1591 1945 et
1633 1894 1827 1961 diligit.
1894 1895 2037 1946 Tum
2068 1899 2253 1948 enim'

345 2001 414 2032 ex
455 2001 609 2033 sacra
651 1983 922 2051 scriptura
963 1991 1080 2033 tum
1123 2003 1191 2033 ex
1234 1983 1653 2034 definitionibus
1696 1983 1960 2036 ecclesiae
2003 1994 2217 2037 constat

344 2071 623 2122 hominem
668 2072 1002 2122 destinatum
1045 2090 1160 2123 esse
1202 2072 1270 2123 ad
1316 2073 1635 2123 intuitivam
1672 2073 1774 2124 Dei
1817 2075 2105 2137 visionem,
2149 2093 2217 2126 ex

346 2178 453 2228 qua
495 2178 709 2211 summa
751 2160 857 2210 Dei
901 2160 1120 2211 dilectio
1164 2162 1472 2212 necessario
1515 2161 1755 2214 resultat.

500 2262 541 2290 α.
580 2249 835 2301 6ανῐ33ῂηῐ,
881 2262 997 2292 mmo
1036 2249 1131 2304 filii
1174 2249 1267 2292 Dei
1311 2263 1489 2303 3111121183
1541 2252 1585 2292 et
1613 2249 1807 2292 noudum
1840 2251 2069 2308 apparuit,
2115 2251 2223 2307 quid

346 2323 550 2365 erimus:
593 2323 774 2375 seimus„
818 2324 1026 2378 quoniam
1061 2337 1157 2366 cum
1190 2325 1474 2379 apparuerit,
1522 2324 1696 2367 similes
1729 2325 1773 2367 ei
1803 2326 1975 2368 erimus
2008 2326 2217 2381 quoniam

346 2396 590 2439 videbimus
623 2410 719 2439 eum
753 2397 888 2439 sicuti
919 2396 1036 2451 e3t2).
1072 2397 1156 2439 His
1188 2397 1338 2440 verbis
1371 2399 1606 2453 apostolus
1641 2399 1769 2441 docet
1803 2403 1977 2442 statum
2009 2404 2217 2443 nostrum

344 2469 393 2512 in
425 2470 700 2513 aeternitate
732 2471 866 2525 longe
901 2471 1128 2514 diversum
1160 2473 1257 2514 fore
1300 2472 1356 2514 ab
1404 2485 1468 2526 eo,
1518 2486 1649 2527 quem
1682 2486 1802 2515 nunc
1833 2473 2074 2517 habemus:
2125 2475 2218 2517 Deo

346 2544 464 2586 enim
498 2558 552 2587 ex
585 2544 731 2599 gloria
778 2550 823 2588 et
857 2545 1143 2588 beatitudine
1191 2551 1301 2588 tunc
1334 2546 1504 2589 similes
1538 2546 1728 2600 erimus;
1778 2561 1959 2590 causam
1993 2561 2097 2591 vero
2145 2550 2218 2592 ad-

348 2618 569 2660 mirabilis
603 2618 738 2661 huius
770 2619 1110 2662 immutationis
1143 2633 1238 2663 esse
1271 2620 1525 2663 immineam
1559 2621 1652 2664 Dei
1682 2622 1909 2664 visionem.

496 2692 532 2734 b.
567 2692 645 2734 Ex
665 2696 807 2748 parte
854 2694 970 2736 enim
1015 2694 1319 2749 cognoscimus
1366 2697 1411 2737 et
1457 2708 1514 2737 ex
1535 2698 1677 2750 parte
1698 2696 2041 2751 prophetamus.
2110 2697 2218 2740 Cum

347 2768 494 2808 autem
543 2767 729 2817 venerit,
777 2768 894 2822 qnod
929 2770 1187 2824 perfeetum
1223 2771 1305 2821 est,
1353 2769 1656 2823 evacuabitur,
1707 2770 1824 2824 qnod
1869 2784 1926 2813 ex
1948 2774 2089 2827 parte
2137 2775 2218 2817 est.

499 2913 530 2968 1)
565 2913 629 2956 Cf.
666 2914 908 2970 Klezztyfflz,
941 2915 1186 2970 Theologie
1211 2917 1287 2959 der
1309 2915 1516 2959 Vorzeit‘2
1537 2917 1773 2970 (Miinster.
1798 2918 2054 2974 Theissing.
2082 2920 2219 2977 1872)

349 2986 390 3028 2.
423 2987 504 3029 Bd.
540 2988 583 3030 4.
618 2988 863 3044 Haupt-st:
906 2990 1005 3033 Von
1040 2991 1117 3034 der
1149 2991 1548 3034 iibernatiirlichen
1582 2992 1924 3035 Gemeinschaft
1957 2993 2045 3037 mit
2080 2994 2217 3046 Gott;

349 3060 389 3103 5.
423 3061 666 3116 Hauptst.:
700 3063 811 3106 Vom
845 3046 1134 3108 natiirliclien
1165 3066 1259 3108 und
1292 3065 1691 3108 fibernatiirlichen
1724 3066 1820 3110 Ziel
1851 3068 1946 3110 und
1979 3069 2107 3113 Ende
2144 3070 2220 3113 des

347 3135 600 3179 Menschen.
635 3138 674 3180 5.
708 3137 791 3179 Bd.
825 3137 864 3182 3,
899 3138 1143 3193 Hauptst.:
1194 3139 1292 3182 Von
1342 3140 1418 3182 der
1465 3140 1759 3194 praktischen
1804 3141 2062 3197 Theologie.
2098 3143 2220 3184 Bou-

351 3209 532 3264 quillon,
566 3210 815 3266 Theologia
848 3213 1033 3255 moralis
1064 3213 1451 3256 fundamentalis²
1498 3215 1526 3256 l.
1564 3216 1602 3256 1.
1665 3215 1733 3257 De
1764 3214 1929 3258 ultimo
1962 3216 2077 3266 fine;
2112 3216 2142 3258 1.
2176 3214 2218 3257 2.

351 3282 418 3324 De
451 3284 611 3327 mediis
644 3285 702 3328 ad
735 3286 887 3328 finem.
953 3285 1186 3339 Schzcane,
1217 3287 1502 3342 Allgemeine
1549 3288 1924 3343 Moraltheologie
1969 3288 2220 3343 (Freiburg.

350 3354 537 3398 Herder.
574 3358 705 3411 1885)
735 3358 763 3412 ξ
798 3359 866 3400 13.

502 3429 535 3484 2>
568 3433 605 3474 1.
639 3431 763 3477 Ioan.
797 3432 838 3487 3,
872 3433 910 3477 9.
