2269 3898
636 148 700 190 De
735 147 1031 190 dissolutione
1064 147 1357 191 matrimonii.
1851 151 1933 191 191

217 294 258 322 a.
283 279 434 326 Actio
471 279 646 324 iudicis
672 279 831 324 civilis
865 279 916 324 in
947 279 1038 325 hoc
1073 293 1191 325 casu
1222 293 1318 325 non
1352 286 1425 325 est
1460 280 1755 326 intrinsecus
1790 283 1936 339 mala,

65 355 154 402 sed
187 359 263 400 est
296 354 426 400 actio
462 368 522 400 ex
555 367 606 399 se
640 353 955 399 indifferens:
991 353 1094 399 eius
1131 354 1255 399 enim
1293 354 1542 400 sententia
1567 354 1658 400 duo
1693 356 1933 402 continet:

66 443 231 475 eorum
264 427 626 474 matrimonium
664 441 690 472 a
724 432 974 486 potestate
1010 427 1147 473 civili
1180 442 1274 473 non
1309 429 1517 486 amplius
1543 429 1851 476 considerari
1882 436 1935 477 ut

65 517 235 549 verum
257 501 620 548 matrimonium
656 506 705 547 et-
728 501 932 559 proinde
957 515 1131 548 novum
1155 501 1531 558 matrimonium,
1567 504 1691 560 quod
1717 510 1934 550 contrac-

63 577 166 624 turi
199 581 364 623 essent
396 576 565 635 poenis
600 574 805 621 inflictis
839 589 934 621 non
969 575 1221 634 impediri3
1258 576 1344 621 sed
1378 582 1605 621 neutrum
1639 577 1935 624 intrinsecus

67 652 245 699 malum
280 656 368 697 est.
435 649 679 708 Coniuges
705 650 975 695 abutuntur
998 649 1192 707 quidem
1222 649 1315 695 hac
1340 651 1588 695 sententia
1622 651 1685 696 ad
1717 652 1931 697 validum

65 726 426 772 matrimonium
480 724 766 770 solvendum
823 737 1092 781 novumque
1149 724 1524 780 attentandum3
1589 738 1759 770 verum
1812 726 1935 772 haec

67 800 242 846 iudicis
278 799 558 857 cooperatio
594 812 653 844 ex
685 798 982 856 gravissima
1019 811 1166 843 causa
1194 797 1335 843 licita
1371 805 1459 843 est.

215 882 252 924 b.
287 880 408 927 Sunt
445 885 673 926 auctores
697 880 992 936 (Bnceeroni,
1029 880 1272 935 Gasymrrz'.
1303 880 1596 936 illatltarau),
1630 881 1710 938 qui
1743 889 1935 927 senten-

64 956 186 1002 tiam
233 955 433 1001 divortii
467 954 628 1001 civilis
670 955 720 1000 in
752 954 842 1000 hoc
878 968 995 1000 casu
1041 953 1210 999 dicunt
1245 953 1467 999 absolute
1504 954 1733 1000 illicitam
1768 963 1934 1014 utpote

63 1030 361 1076 intrinsecus
395 1030 575 1075 malam
622 1034 669 1075 et
712 1034 1074 1088 repugnantem
1107 1028 1203 1073 iuri
1239 1027 1418 1074 divino.
1482 1027 1668 1073 Eorum
1716 1030 1936 1075 rationes

62 1111 201 1150 sunt:
247 1119 287 1149 α.
321 1104 620 1149 intrinsecus
655 1104 788 1149 mala
832 1109 881 1149 etv
913 1102 1080 1161 iniqua
1126 1107 1201 1148 est
1234 1101 1342 1160 ipsa
1375 1102 1451 1145 lex
1486 1101 1710 1157 divortii3
1759 1116 1874 1160 ergo
1911 1117 1935 1148 a

61 1178 263 1225 fortiori
306 1178 439 1224 mala
474 1183 524 1224 et
557 1178 723 1236 iniqua
759 1188 834 1223 est
875 1178 1100 1221 sententia
1136 1176 1362 1232 divortii3
1416 1177 1453 1226 β.
1491 1191 1549 1222 ex
1584 1176 1794 1223 divortio
1828 1191 1937 1234 gra-

63 1253 268 1299 vissima
292 1254 424 1299 mala
457 1260 749 1311 sequuntur:
783 1252 1005 1298 fidelium
1028 1257 1219 1298 mentes
1242 1251 1485 1309 paulatim
1513 1251 1646 1296 subit
1680 1265 1936 1297 erroneum

61 1327 297 1374 iudicium
322 1328 379 1373 de
414 1328 723 1373 solubilitate
757 1327 1059 1373 matrimonii
1096 1340 1187 1372 nec
1220 1339 1311 1371 non
1349 1325 1407 1370 de
1441 1326 1771 1381 competentia
1806 1332 1939 1383 pote·

63 1403 213 1449 statis
248 1402 408 1448 civilis
442 1402 493 1448 in
527 1402 688 1448 causis
723 1401 1194 1455 matrinionialibus;
1230 1400 1431 1458 insuper
1465 1400 1694 1457 coniuges
1719 1402 1939 1458 separati

63 1477 387 1536 prohibentur
434 1477 718 1523 instaurare
768 1477 903 1523 vitae
954 1476 1243 1522 societatem
1290 1488 1550 1532 eorumque
1595 1474 1723 1532 proli
1768 1480 1937 1533 postea

65 1557 326 1610 susceptae
372 1557 585 1609 negatur
617 1551 976 1610 praerogativa
1008 1550 1369 1607 legitimitatis3
1417 1549 1619 1595 tandem
1654 1549 1939 1607 coniugibus

63 1626 315 1684 separatis
357 1625 667 1684 permittitur
699 1639 875 1671 novum
910 1623 1275 1670 matrimonium
1310 1622 1474 1677 civile,
1523 1623 1601 1669 cui
1636 1623 1797 1668 omnia
1830 1623 1938 1668 iura

65 1707 118 1748 et
167 1701 368 1746 effectus
417 1700 527 1747 veri
576 1699 879 1745 matrimonii
930 1699 1278 1754 conceduntur,
1330 1710 1418 1751 quo
1468 1697 1536 1754 fit,
1585 1703 1640 1743 ut
1688 1698 1938 1744 adulteria

62 1775 353 1830 foveanturg
378 1789 418 1827 γ.
444 1788 503 1819 ex
525 1774 854 1820 decisionibus
877 1787 1193 1820 romanarum
1217 1773 1654 1830 congregationum
1680 1772 1941 1819 evidenter

65 1850 386 1896 confirmatur
432 1849 558 1895 haec
607 1849 871 1901 sententia,
922 1849 1097 1907 quippe
1148 1860 1269 1905 quae
1319 1847 1566 1893 internam
1617 1847 1749 1893 illius
1800 1853 1938 1893 actus

63 1924 306 1970 malitiam
340 1929 579 1970 statuant.

212 2022 245 2050 e.
280 2006 393 2052 Alii
415 2019 533 2052 vero
567 2004 1088 2061 (Ballerin1'-Palmie1²1',
1121 2004 1394 2056 Lelmnstnlel,
1427 2003 1617 2056 Sabettz',
1650 2005 1722 2046 De
1745 2005 1935 2047 Becher,

64 2081 268 2137 de'cot)
302 2079 603 2126 sententiam
639 2078 840 2124 divortii
874 2079 1037 2125 civilis
1071 2092 1166 2124 non
1198 2078 1384 2124 habent
1418 2077 1714 2124 intrinsecus
1743 2078 1937 2134 malam.

64 2155 152 2202 sed
185 2156 385 2201 exclusa
416 2168 573 2212 prava
606 2153 878 2200 intentione
910 2167 1019 2199 eam
1053 2153 1221 2199 dicunt
1257 2153 1306 2197 in
1340 2166 1391 2197 se
1425 2151 1805 2198 indifferentem.
1870 2151 1935 2197 Et

65 2243 185 2276 sane
231 2229 467 2275 eiusmodi
513 2230 764 2275 sententia
808 2243 901 2275 non
944 2228 1228 2274 necessario
1271 2226 1492 2273 refertur
1538 2227 1601 2271 ad
1646 2226 1938 2271 solutionem

63 2304 249 2351 vinculi
282 2304 675 2352 matrimonialis.
728 2304 815 2350 sed
860 2302 1224 2349 matrimonium
1271 2303 1423 2348 solum
1468 2301 1637 2360 privat
1681 2300 1939 2347 effectibus

65 2378 277 2438 legitimi
310 2378 611 2424 matrimonii
654 2378 1036 2436 coniugibusque
1078 2376 1423 2435 impunitatem
1458 2375 1654 2431 asserit,
1696 2374 1738 2420 si
1770 2375 1937 2420 matri-

64 2455 271 2501 monium
309 2454 456 2501 civile
490 2454 710 2500 inierint.
774 2452 913 2500 Sicut
949 2453 1077 2498 enim
1101 2451 1466 2497 matrimonium
1492 2451 1638 2497 civile
1673 2450 1735 2496 ad
1769 2464 1938 2495 verum

65 2530 427 2576 matrimonium
470 2529 712 2575 accedere
746 2533 923 2587 potest,
969 2526 1085 2584 quin
1127 2526 1375 2572 vinculum
1419 2524 1784 2571 matrimoniale
1834 2523 1938 2569 affi-

64 2604 180 2661 cIat,
215 2604 288 2649 ita
321 2603 685 2649 matrimonium
720 2603 866 2650 civile
902 2602 1027 2649 solvi
1059 2606 1238 2659 potest,
1274 2600 1389 2658 quin
1424 2599 1527 2645 eius
1558 2598 1734 2644 solutio
1768 2613 1935 2645 verum

65 2679 313 2726 vinculum
347 2678 712 2724 matrimoniale
747 2676 952 2724 afficiat.
1020 2675 1161 2733 Quod
1186 2675 1378 2732 quidem
1404 2673 1603 2719 admitti
1631 2678 1808 2731 potest,
1845 2671 1938 2717 etsi

65 2753 328 2812 legislator
361 2757 410 2798 et
444 2753 688 2811 coniuges,
722 2752 803 2810 qui
839 2751 1102 2798 divortium
1134 2754 1326 2809 petunt,
1360 2749 1518 2807 ipsam
1550 2747 1737 2793 vinculi
1770 2745 1938 2791 matri-

66 2827 293 2874 monialis
328 2827 620 2873 solutionem
652 2827 927 2872 intendant.

214 2917 288 2959 Ad
319 2920 588 2973 argynmenta
611 2917 798 2973 primae
831 2916 1084 2960 sententiae
1118 2915 1226 2957 haec
1259 2903 1666 2956 animadvertenda
1699 2916 1827 2953 sunt:

215 3006 255 3034 a.
292 2991 495 3035 Intentio
529 2991 823 3047 legislatoris,
859 3004 946 3045 qua
978 2990 1127 3045 ipsum
1152 2988 1385 3031 vinculum
1409 2985 1746 3029 matrimoniale
1770 2985 1939 3027 solvere

41 3067 286 3121 intendit,
329 3066 378 3109 in
411 3066 640 3110 sententia
673 3065 861 3109 divortii
893 3078 983 3108 non
1014 3063 1264 3107 necessario
1297 3060 1564 3115 includitur,
1598 3060 1675 3103 sed
1707 3059 1764 3103 ab
1797 3072 1848 3102 ea
1881 3071 1939 3101 se-

67 3139 216 3195 parari
250 3144 414 3195 potest.
478 3140 540 3183 Et
572 3154 679 3184 sane
711 3140 766 3183 ab
799 3138 1080 3193 assistentia,
1128 3151 1261 3192 quam
1295 3137 1433 3180 iudex
1466 3134 1809 3179 matrimonium
1844 3147 1940 3176 con-

67 3213 355 3257 trahentibus
388 3214 586 3268 exhibet,
631 3227 773 3268 prava
816 3211 1095 3269 legislatoris
1139 3211 1352 3265 intentio,
1396 3223 1484 3265 qua
1522 3210 1671 3265 ipsum
1706 3208 1938 3251 vinculum

66 3288 404 3332 matrimoniale
435 3293 613 3331 nectere
645 3288 861 3343 intendit,
895 3286 1095 3342 separari
1128 3290 1304 3341 potest;
1340 3298 1447 3340 ergo
1480 3283 1618 3327 etiam
1653 3297 1679 3326 a
1711 3281 1941 3325 sententia

69 3361 256 3406 divortii
279 3362 477 3418 separari
511 3363 694 3417 poterit.
759 3362 866 3406 Ideo
898 3363 971 3405 lex
1005 3360 1154 3404 civilis
1186 3360 1234 3403 in
1268 3373 1313 3403 se
1345 3373 1435 3402 non
1468 3357 1717 3402 necessario
1752 3355 1939 3399 dicenda

66 3441 137 3479 est
166 3436 337 3491 iniqua,
378 3449 478 3479 cum
511 3450 602 3479 non
632 3435 882 3480 necessario
924 3435 993 3479 ita
1025 3434 1167 3490 accipi
1203 3435 1377 3489 debeat,
1420 3437 1473 3477 ut
1507 3432 1720 3487 coniuges
1753 3430 1808 3474 ab
1840 3430 1937 3485 ipso

67 3510 246 3554 vinculo
280 3511 451 3554 solutos
485 3511 695 3554 declaret.
