2269 3898
299 118 382 161 188
1031 115 1097 157 De
1129 113 1434 157 matrimonio.

291 260 511 320 propter
549 267 733 300 nomen
775 267 954 315 meum,
1006 247 1304 317 centuplum
1346 249 1570 318 accipiet
1611 257 1659 299 et
1699 250 1862 301 vitam-
1904 258 2175 301 aeternam

296 337 585 399 possidebit
600 338 653 403 ¹).

444 427 507 470 Ut
540 431 695 470 tamen
730 426 956 480 separatio
989 424 1116 468 licite
1148 425 1248 468 fieri
1282 425 1440 480 possit,
1489 426 1751 481 requiritur,
1784 431 1837 469 ut·
1869 426 1992 470 absit
2024 427 2172 471 incon-

300 501 520 545 tinentiae
543 500 808 556 periculum,
843 504 896 543 ut
919 500 1066 555 proles
1100 513 1189 542 non
1223 500 1465 554 indigeant
1489 508 1729 555 parentum
1755 515 1876 556 cura,
1907 507 1962 544 ut
1993 502 2172 545 nullum

296 576 469 619 oriatur
501 575 777 618 scandalum.

446 666 494 717 3.
538 665 641 716 Pro
685 671 916 734 utroque
960 663 1064 714 hoc
1107 682 1236 715 casu
1278 662 1416 714 haec
1450 664 1714 716 adiuncta
1743 665 1987 717 notanda
2018 674 2144 717 sunt

445 774 491 807 a.
536 753 808 805 Professio
851 752 1124 820 religiosa⁷
1177 770 1318 822 quae
1359 752 1420 804 fit
1460 751 1529 804 ab
1574 772 1682 805 uno
1728 755 1962 823 coniuge
2003 754 2171 807 altero

297 844 488 909 invitO,
532 842 781 895 invalida
823 850 918 906 est,
963 850 1015 894 et
1058 843 1152 912 qui
1194 841 1441 894 invalide
1482 843 1760 913 professus
1801 852 1898 910 est,
1953 852 2172 896 tenetur

298 933 366 984 ad
409 933 700 1001 coniugem
741 932 938 995 redire,
984 933 1028 984 si
1069 933 1187 1001 ipse
1227 932 1377 983 velit.
1438 930 1589 984 Ordo
1632 951 1801 1000 sacer,
1845 935 1938 1003 qui
1980 953 2012 985 a
2053 935 2172 986 viro

297 1023 593 1091 suscipitur
634 1041 806 1074 uxore
847 1023 1040 1088 invita,
1085 1021 1367 1073 invalidus
1409 1021 1635 1091 quidem
1677 1039 1789 1073 non
1830 1029 1926 1089 est,
1975 1029 2032 1074 at
2070 1023 2173 1089 vir,

296 1112 339 1162 si
381 1110 450 1163 ab
492 1129 665 1162 uxore
705 1111 1033 1181 requiratur,
1078 1110 1148 1162 ad
1191 1129 1315 1163 eam
1356 1110 1536 1162 redire
1587 1119 1639 1162 et
1696 1109 1767 1163 ab
1820 1113 1970 1163 omni
2025 1129 2173 1163 exer—

298 1201 423 1252 citio
467 1200 675 1252 ordinis
718 1202 959 1270 suscepti
1002 1199 1281 1251 abstinere
1325 1199 1504 1252 debet.

444 1290 488 1344 b.
546 1289 779 1342 Maritus
833 1308 935 1341 nec
997 1291 1395 1359 professionem
1457 1290 1706 1341 emittere
1766 1307 1870 1341 nec
1923 1289 2173 1342 ordinem

296 1381 575 1450 suscipere
628 1387 823 1449 potest,
880 1381 986 1431 nisi
1037 1397 1178 1431 uxor
1221 1378 1364 1431 ultra
1406 1397 1734 1431 consensum
1780 1397 1940 1431 suum
1982 1387 2077 1430 aut
2118 1380 2175 1431 in

303 1469 493 1521 ordine
533 1468 786 1538 religioso
830 1469 1229 1539 professionem
1272 1470 1503 1535 emittat⁷
1547 1471 1593 1520 si
1621 1468 1806 1521 adhuc
1835 1470 2056 1521 iuvenis
2085 1468 2174 1520 vel

301 1557 368 1610 de
410 1560 750 1610 continentia
791 1566 1048 1628 suspecta
1090 1566 1186 1624 est,
1242 1569 1337 1610 aut
1379 1557 1587 1624 saltem,
1641 1560 1701 1625 si,
1756 1566 1945 1628 utpote
1996 1566 2173 1610 aetate

297 1648 406 1700 iam
449 1656 711 1718 provecta
753 1656 806 1699 et
847 1648 914 1700 de
957 1649 1299 1700 continentia
1352 1666 1462 1700 non
1520 1656 1794 1718 suspecta,
1849 1650 1905 1700 in
1956 1647 2174 1700 saeculo

295 1747 494 1804 manet,
540 1746 730 1789 votum
773 1739 1145 1790 continentiae
1190 1739 1420 1792 emittat.
1478 1738 1742 1808 Episcopi
1788 1746 1869 1790 est
1908 1737 2172 1805 iudicare,

293 1834 477 1878 utrum
520 1846 660 1879 uxor
699 1827 1024 1896 religionem
1067 1827 1301 1897 ingredi7
1345 1846 1416 1879 an
1459 1827 1634 1879 solum
1672 1836 1864 1879 votum
1895 1829 2175 1880 continen-

292 1917 400 1968 tiae
442 1918 690 1968 emittere
733 1916 947 1970 debeat.

444 2081 576 2135 176.
654 2081 874 2137 Causae
938 2082 1341 2151 sepa-rationis
1402 2083 1844 2151 temporaneae.
1939 2081 2172 2149 Causae,

296 2189 435 2240 quae
477 2173 573 2223 uni
615 2173 758 2241 parti
800 2173 884 2223 ius
927 2171 1240 2224 concedunt
1284 2171 1352 2224 ab
1395 2171 1568 2223 altera
1617 2172 1690 2223 acl
1733 2181 1933 2242 tempus
1985 2190 2040 2223 se
2093 2190 2169 2223 se-

293 2260 554 2329 parandi:

444 2352 490 2404 1.
535 2351 830 2403 Periculum
860 2353 1087 2416 animae,
1127 2351 1272 2421 quod
1303 2350 1601 2418 inducitur,
1633 2352 1676 2403 si
1707 2352 1915 2402 coniux
1944 2358 2175 2403 conatur

294 2440 509 2492 trahere
553 2448 889 2511 compartem
933 2440 1004 2492 ad
1046 2448 1337 2511 peccatum
1380 2460 1427 2495 e.
1457 2459 1507 2510 g.
1550 2440 1623 2493 ad
1663 2440 1936 2493 haeresim
1972 2439 2061 2492 vel
2101 2439 2174 2492 ad

294 2532 488 2598 gravia
541 2539 771 2601 peccata
828 2539 1020 2583 contra
1075 2532 1384 2583 castitatem
1445 2530 1809 2599 coniugalem.
1891 2530 1949 2583 Si
2002 2548 2172 2599 grave

295 2619 522 2672 labendi
563 2619 873 2691 periculum
914 2622 1232 2690 proximum
1276 2628 1358 2672 est
1403 2619 1648 2690 illudque
1690 2619 1812 2672 aliis
1841 2619 2040 2672 mediis
2067 2619 2173 2672 suf-

294 2708 540 2761 ficienter
588 2712 860 2762 removeri
915 2728 1027 2762 non
1079 2718 1273 2780 potest,
1330 2729 1457 2780 pars
1510 2712 1778 2763 innocens
1820 2728 1877 2762 se
1919 2727 2172 2780 separare

293 2805 521 2853 tenetur.

441 2889 489 2943 2.
531 2888 829 2941 Periculum
870 2891 1125 2960 corpori&
1169 2889 1316 2960 quod
1358 2890 1534 2941 oritur
1573 2908 1643 2941 ex
1684 2908 1852 2942 saeva
1880 2898 1933 2941 et
1961 2888 2172 2941 crudeli

293 2980 617 3030 tractatione
657 2978 882 3031 alterius
923 2981 1113 3049 partis7
1158 2998 1227 3030 ex
1270 2977 1460 3031 morbo
1504 2980 1823 3049 contagioso
1867 2997 1994 3031 cum
2031 2979 2169 3049 peri-

294 3066 414 3119 culo
468 3067 798 3136 infectioniS‚
853 3088 923 3121 ex
978 3069 1245 3136 amentia,
1303 3087 1443 3138 quae
1505 3068 1974 3121 cohabitationem
2033 3069 2172 3138 peri·

294 3155 536 3209 culosam
577 3158 789 3211 reddat.

442 3244 623 3299 Quanta
656 3246 816 3291 debeat
850 3261 944 3292 esse
978 3247 1186 3302 saevitia,
1225 3251 1279 3291 ut
1310 3248 1457 3291 altera
1490 3261 1594 3303 pars
1626 3247 1698 3290 ius
1730 3247 1938 3302 acquirat
1971 3260 2017 3291 se
2050 3259 2171 3302 sepa-

291 3319 437 3374 randi,
482 3321 696 3375 prudenti
729 3321 897 3365 iudicio
939 3322 1237 3366 consideratis
1279 3322 1478 3366 locorum
1524 3327 1570 3365 et
1614 3334 1907 3376 personarum
1940 3320 2171 3365 adiunctis

444 3482 475 3537 1>
506 3484 671 3528 Matth.
708 3485 779 3540 19,
811 3485 882 3529 ⁶29.
