2269 3898
223 165 279 208 68
756 157 807 199 Π.
841 157 907 199 De
939 153 1116 198 actibus
1150 153 1206 195 ad
1240 153 1379 194 finem
1411 150 1548 205 aptis.

223 296 453 361 361111116,
508 293 635 363 quia
684 290 960 359 potentiae
1014 286 1082 337 ab
1125 285 1340 337 obiecto
1382 303 1481 353 per
1521 303 1577 335 se
1619 290 1673 335 et
1711 284 1974 353 primario
2016 282 2089 335 ad

223 394 405 438 actum
447 388 752 433 moventur.

368 472 475 514 Ideo
523 470 598 522 fit,
646 471 701 509 ut
740 465 998 519 moralitas,
1051 476 1165 518 quae
1206 461 1330 506 actui
1375 475 1430 505 ex
1475 461 1648 505 obiecto
1697 460 1933 516 convenit,
1981 464 2091 504 ante

222 561 395 591 omnem
430 544 566 587 aliam
600 540 895 595 concipiatur,
940 552 1053 593 quae
1094 538 1134 580 ei
1178 550 1232 580 ex
1281 538 1373 580 fine
1404 537 1478 580 vel
1512 550 1566 580 ex
1599 535 1960 579 circumstantiis
1994 549 2090 578 6011-

221 621 388 665 veniat.
434 617 518 671 Qui
553 629 605 659 ex
639 628 788 658 amore
811 613 893 656 Dei
929 613 1009 655 dat
1043 612 1371 665 eleemosynam
1407 611 1466 654 ad
1499 611 1825 654 sublevandam
1859 609 2089 653 miseriam

222 694 446 752 pauperis,
470 692 643 735 exercet
668 693 818 732 actum
846 686 1197 741 misericordiae,
1229 689 1276 729 et
1299 686 1375 740 qui
1399 688 1584 730 furatur
1607 687 1664 730 ad
1688 700 1734 730 se
1755 686 2090 740 inebriandum,

221 770 350 826 ponit
383 771 533 811 actum
566 764 696 818 furti,
730 763 836 817 quia
869 762 1108 815 obiectum,
1144 774 1234 803 non
1258 760 1366 803 finis
1389 760 1607 814 primario
1630 760 1874 804 constituit
1897 759 2090 815 speciem

221 844 433 887 moralem
463 843 604 883 actus.
648 837 755 880 Ideo
782 836 1032 890 moralitas,
1058 848 1193 889 quam
1223 839 1353 878 actus
1378 835 1611 890 accipiunt
1634 849 1688 879 ex
1711 835 1900 890 obiecto,
1925 834 2095 878 dicitur

221 917 447 967 obiectata,
481 912 739 957 essentialis
771 916 816 954 et
848 909 1178 953 snbstmztialz's.

375 1050 466 1102 58.
509 1046 764 1101 Divisio.
849 1047 892 1096 1.
939 1043 1236 1096 Obiectum
1281 1043 1484 1095 dicitur
1525 1043 1727 1110 bonum,
1772 1045 1816 1095 si
1863 1051 2093 1095 naturae

222 1137 477 1192 rationali
522 1143 950 1187 consentaneum
993 1142 1088 1199 661,
1134 1134 1212 1184 616
1255 1133 1440 1185 1)611111
1483 1133 1730 1200 3ᾶο1316,
1776 1132 1918 1184 velle
1959 1132 2093 1184 elee—

221 1245 503 1296 mosynam
546 1225 675 1276 dare
718 1223 924 1273 bonum
969 1232 1064 1288 est,
1125 1224 1255 1292 quia
1297 1223 1355 1274 id
1396 1231 1626 1273 naturae
1669 1221 1925 1274 rationali
1969 1240 2091 1273 con-

221 1320 448 1369 veniens
506 1322 610 1379 est3
673 1313 875 1363 dicitur
932 1311 1125 1363 malum
1182 1314 1226 1364 si
1285 1313 1333 1363 ei
1389 1312 1802 1364 dissentaneum
1861 1319 1956 1379 est,
2015 1314 2093 1363 616

220 1406 618 1474 blasphemare7
664 1401 802 1452 Velle
843 1401 1014 1452 furari
1059 1409 1139 1452 est
1181 1401 1402 1464 1113111111,
1460 1403 1589 1470 quia
1643 1401 1700 1453 id
1742 1410 1971 1452 naturae
2011 1420 2092 1452 ra-

221 1494 409 1547 tionali
454 1493 877 1544 disconveniens
920 1499 1017 1558 661,
1063 1499 1115 1542 61
1157 1491 1361 1542 (11611111
1390 1490 1719 1561 indifferenS,
1763 1492 1806 1542 si
1837 1499 2092 1542 neutrum

223 1586 446 1650 obtinet,
491 1584 567 1634 sic
596 1581 772 1647 edere,
816 1580 1119 1647 311111111316,
1165 1579 1406 1632 scribere
1449 1589 1678 1632 naturae
1711 1580 1966 1632 rationali
1994 1598 2096 1631 1166

224 1674 556 1727 conveniens
597 1690 697 1722 nec
741 1670 1168 1722 disconveniens
1211 1680 1306 1722 est.

370 1764 417 1814 2.
491 1761 786 1813 Obiectum
851 1759 1002 1811 aliud
1065 1761 1268 1812 interne
1336 1769 1388 1811 61
1454 1779 1556 1830 per
1617 1779 1669 1810 se
1731 1762 1935 1813 bonum
2005 1759 2095 1810 vel

223 1853 443 1919 malum,
498 1850 648 1902 aliud
680 1868 783 1919 per
825 1850 1066 1901 accidens
1107 1858 1162 1902 et
1201 1851 1407 1901 ratione
1441 1851 1719 1919 praecepti
1758 1849 1964 1900 bonum
2008 1849 2096 1901 vel

225 1943 426 1995 malum
474 1951 567 1994 est.
647 1939 811 1998 Illud*
843 1959 911 1990 ex
964 1958 1019 1990 se
1075 1947 1127 1990 et
1167 1946 1365 1991 natura
1408 1958 1506 1991 sua
1549 1939 1828 1991 conforme
1869 1939 1959 1990 vel
2002 1939 2096 1990 dif-

226 2034 394 2085 forme
437 2039 517 2082 est
555 2038 783 2081 naturae
824 2029 1080 2081 rationali
1123 2037 1184 2080 ut
1212 2047 1398 2080 amare
1425 2028 1514 2080 vel
1543 2029 1724 2080 odisse
1753 2030 2096 2098 proximum3

229 2123 496 2193 posterius
537 2139 646 2171 non
689 2138 758 2170 ex
799 2138 854 2170 se
897 2127 951 2172 et
991 2127 1189 2170 natura
1231 2138 1345 2185 6113,
1391 2119 1486 2170 66(1
1517 2119 1689 2170 60111111
1718 2120 1933 2170 13110116
1960 2118 2097 2188 legis

234 2212 671 2281 supervenientis
712 2208 919 2261 bonum
949 2208 1037 2260 vel
1080 2208 1287 2260 malum
1330 2217 1410 2260 est
1450 2217 1509 2260 ut
1536 2209 1685 2260 vesci
1721 2207 1980 2260 carnibus
2009 2208 2097 2259 vel

233 2302 301 2353 ab
344 2302 410 2351 iis
449 2299 738 2350 abstinere.

382 2389 565 2433 Obiecta
582 2388 744 2443 prioris
760 2387 938 2442 generis
956 2387 1314 2442 praecipiuntur,
1329 2387 1434 2441 quia
1452 2387 1568 2430 bona
1586 2392 1709 2441 sunt,
1727 2391 1773 2430 et
1785 2387 2097 2443 prohibentur,

233 2465 339 2519 quia
385 2464 505 2506 mala
553 2466 682 2515 611111;
731 2462 906 2505 obiecta
952 2475 1056 2505 vero
1105 2461 1369 2517 posterioris
1417 2461 1597 2517 generis
1646 2461 1762 2505 bona
1812 2466 1942 2518 sunt,
1990 2462 2098 2517 quia

231 2537 585 2592 praecipiuntur,
618 2542 663 2580 et
695 2537 816 2580 mala
847 2540 970 2592 sunt,
1003 2536 1109 2590 quia
1141 2536 1452 2591 prohibentur.

379 2611 429 2665 3.
474 2611 710 2663 Obiecta
750 2614 806 2663 in
849 2630 904 2662 se
946 2610 1091 2662 mala
1130 2620 1258 2662 sunt
1286 2610 1524 2680 duplicis
1548 2612 1792 2680 generis:
1835 2611 1944 2663 alia
1971 2621 2100 2663 sunt

232 2701 371 2752 mala
401 2700 632 2752 absolute
670 2709 723 2752 et
763 2700 1204 2770 independenter
1231 2720 1262 2752 a
1303 2700 1550 2770 qualibet
1578 2700 1923 2768 condicione,
1965 2702 2097 2771 quia

230 2808 296 2840 ex
339 2808 393 2841 se
435 2798 661 2841 naturae
703 2790 957 2842 rationali
1001 2792 1076 2841 ita
1117 2799 1446 2859 repugnant,
1491 2799 1550 2840 ut
1589 2809 1770 2860 neque
1799 2792 1917 2859 ipse
1947 2791 2097 2843 Deus

227 2896 289 2928 ea
342 2885 551 2928 mutare
602 2881 773 2947 possit
825 2899 868 2934 e.
911 2899 962 2949 g.
1007 2879 1194 2939 odium
1237 2880 1362 2949 Dei,
1418 2881 1752 2949 periuriumg
1808 2880 1916 2932 alia
1970 2889 2098 2932 sunt

226 2966 367 3018 mala
422 2967 786 3020 condicione-te
827 2970 860 3023 i.
903 2988 946 3022 e.
992 2971 1203 3021 ratione
1256 2969 1492 3021 alicuius
1535 2970 1893 3034 condicionis⁷
1956 2989 2096 3039 quae

227 3055 413 3108 subest
452 3060 704 3124 potestati
736 3059 840 3110 Dei
869 3067 1094 3128 propter
1120 3059 1446 3126 dominium,
1492 3059 1640 3129 quod
1679 3060 1736 3110 in
1771 3078 1857 3111 res
1886 3067 2097 3111 creatas

227 3152 460 3206 exercet,
504 3163 667 3214 quam
711 3148 1093 3199 condicionem
1137 3150 1181 3200 si
1213 3149 1365 3201 Deus
1405 3149 1635 3216 auferat,
1680 3148 1940 3200 desinunt
1980 3167 2097 3201 esse

227 3233 370 3284 mala
411 3242 463 3284 et
502 3235 639 3285 fiunt
677 3235 827 3286 licita
871 3246 930 3287 ut
969 3238 1183 3289 auferre
1236 3256 1351 3289 rem
1393 3237 1651 3305 alienam,
1710 3237 1963 3289 occidere
2003 3237 2095 3289 ho-

228 3323 431 3373 minem
474 3331 573 3377 616.

372 3412 423 3461 4.
483 3410 774 3463 Obiectum
832 3414 1104 3466 materiale
1159 3416 1360 3468 dicitur
1400 3416 1474 3482 id,
1533 3418 1681 3467 circa
1734 3415 1883 3486 quod
1936 3422 2094 3467 actus

228 3496 524 3548 volunt-atis
567 3507 816 3551 versatur
855 3519 900 3552 e.
943 3519 993 3569 g.
1037 3506 1275 3570 pecunia
1315 3502 1513 3570 aliena,
1572 3523 1712 3574 quae
1754 3505 2096 3573 concupisci*
