2269 3898
265 116 353 160 282
974 115 1028 158 V.
1061 115 1129 158 De
1160 114 1427 157 virtutibus.

265 249 480 303 explicite
512 262 593 291 nec
624 247 851 302 implicite
886 248 1100 291 excludat
1124 250 1169 290 et
1192 247 1240 289 in
1265 246 1473 290 omnibus
1494 246 1628 290 iuxta
1649 247 1930 303 praescripta
1947 247 2144 292 rationis

265 336 311 366 se
343 322 440 378 regi
475 322 610 366 sinat.

414 485 547 538 258.
591 485 757 538 Vitia
797 486 1089 553 opposita.
1172 485 1324 536 Vitia
1376 487 1776 554 temperantiae
1833 487 1890 536 in
1943 503 2144 553 genere

266 576 516 643 opposita
558 582 686 625 sunt
729 574 865 626 duo:
910 574 1310 626 insensibilitas
1349 593 1450 643 per
1486 574 1745 636 defectum
1787 581 1839 625 et
1881 575 2143 644 intempe-

269 665 450 714 rantia
484 682 584 732 per
625 683 901 716 eaecessum.

412 787 459 820 a.
504 766 897 819 Insensibilitas
949 787 1045 819 seu
1101 775 1290 837 stupor
1346 775 1427 818 est
1468 767 1685 830 vitium,
1740 785 1845 836 quo
1902 767 2025 836 quis
2066 767 2146 818 ita

262 857 403 925 fugit
444 856 680 909 honores
723 865 774 907 et
828 856 1154 926 voluptates,
1211 862 1272 908 ut
1324 856 1462 907 nolit
1503 858 1581 907 eis
1625 858 1722 923 uti,
1779 856 1999 925 quando
2054 854 2144 906 vel

261 944 357 996 ubi
401 946 489 997 vel
531 955 800 1015 quantum
843 946 1152 999 secundum
1208 954 1416 997 rec-tam
1469 948 1740 997 rationem
1783 953 2012 1015 oportet.
2052 945 2141 995 Vi-

258 1036 399 1086 tium
440 1037 797 1088 rarissimum.

411 1139 453 1192 b.
498 1139 920 1208 Intemperantia
962 1145 1044 1190 est
1095 1139 1313 1201 vitium,
1369 1157 1475 1208 quo
1528 1140 1650 1208 quis
1702 1140 1760 1189 in
1813 1137 2143 1208 appetendis

261 1236 313 1278 et
368 1227 617 1279 fruendis
675 1228 980 1279 honoribus
1036 1236 1089 1278 et
1141 1226 1525 1298 voluptatibus
1586 1228 1808 1280 excedit
1862 1227 2141 1279 dictamen

258 1325 443 1367 rectae
484 1318 731 1372 rationis,

411 1496 543 1551 259.
586 1497 799 1550 Partes
828 1498 1285 1565 temperantiae.
1370 1499 1415 1551 1.
1458 1498 1646 1548 Partes
1686 1496 1972 1566 inteyrales
2012 1504 2144 1548 tem-

258 1587 544 1654 perantiae
587 1595 714 1637 sunt
754 1587 1093 1638 verecundia
1135 1595 1188 1638 et
1228 1587 1503 1638 honestas.

409 1704 450 1735 a.
500 1691 778 1734 Vereennclia
812 1691 1268 1747 (Schamhattigkeit)
1311 1695 1381 1735 est
1421 1692 1642 1747 quaedam
1682 1691 1825 1735 animi
1858 1691 2146 1746 perturbatio

259 1778 338 1807 seu
370 1764 510 1808 timor
544 1778 822 1820 consurgens
855 1779 909 1809 ex
943 1766 1304 1809 consideratione
1336 1766 1530 1809 alicuius
1570 1766 1684 1810 facti
1716 1766 1959 1810 inferentis
1992 1767 2145 1809 confu-

260 1839 431 1882 sionem
465 1840 537 1883 vel
571 1840 799 1895 probrum.
863 1839 1101 1884 Eiusmodi
1144 1842 1271 1884 facta
1311 1841 1509 1884 maxime
1551 1844 1660 1883 sunt
1699 1846 1886 1896 peccata
1926 1841 2148 1895 intempe-

259 1916 452 1959 rantiae.
1972 1915 1975 1917 ’

409 1991 446 2033 h.
481 1990 716 2033 Honestas
749 1989 1063 2046 (Ehrbarkeit)
1096 1994 1166 2033 est
1198 1989 1418 2045 perfectio
1453 1989 1637 2032 moralis
1670 1993 1882 2033 avertens
1914 1989 2143 2032 hominem

258 2064 314 2107 ab
346 2064 604 2108 inhonestis
637 2064 955 2119 voluptatibus
990 2069 1036 2108 et
1067 2063 1296 2108 inclinans
1328 2064 1386 2107 ad
1422 2065 1639 2119 decorem,
1673 2065 1749 2119 qui
1781 2063 1830 2107 in
1862 2063 2148 2107 abstinentia

262 2139 318 2182 ab
350 2139 531 2183 illicitis
563 2140 882 2194 voluptatibus
915 2140 1190 2195 resplendet.

412 2231 459 2281 2.
522 2231 711 2281 Partes
772 2229 1086 2281 subiectivae
1144 2230 1544 2298 temperantiae
1606 2237 1733 2280 sunt
1792 2228 2146 2295 abstinentia,

259 2317 526 2370 sobrietas
584 2327 635 2369 et
691 2321 930 2382 castitas,
1010 2338 1245 2388 quarum
1308 2318 1450 2370 duae
1519 2327 1830 2389 temperant
1902 2322 2146 2387 gustum,

262 2409 424 2459 tertia
464 2426 595 2459 vero
638 2416 864 2462 tactum.

411 2525 452 2554 a.
498 2512 785 2555 Abstinentia
833 2516 901 2554 est
945 2511 1095 2555 virtus
1139 2513 1378 2556 moderans
1419 2512 1681 2567 appetitum
1723 2516 1770 2555 et
1810 2526 1943 2556 usum
1977 2512 2064 2556 cibi
2098 2517 2148 2556 et

261 2590 399 2642 potus
431 2600 521 2629 non
553 2586 841 2640 inebriantis,
875 2586 945 2629 cui
980 2587 1227 2642 opponitur
1259 2587 1427 2630 vitium
1456 2587 1607 2642 fflzlae.

407 2662 706 2706 Abstinentia
738 2663 820 2705 hoc
854 2675 988 2705 sensu
1020 2666 1207 2717 accepta
1240 2662 1422 2717 saepius
1444 2666 1634 2705 vocatur
1667 2662 1975 2717 temperantia
2007 2676 2142 2718 quam

257 2737 555 2790 abstinentia,
589 2740 634 2781 et
666 2736 850 2780 nomine
882 2737 1192 2781 abstinentiae
1222 2735 1657 2793 (Enthaltsamkeit)
1697 2737 1851 2792 potius
1876 2737 2150 2793 designatur

225 2870 228 2873 Ι
261 2811 584 2855 alimentorum
618 2811 887 2867 subtractio,
931 2825 1045 2866 quae
1078 2811 1223 2855 maior
1256 2816 1340 2867 est,
1374 2826 1508 2867 quam
1543 2812 1662 2855 ratio
1695 2811 2030 2867 temperantiae
2065 2825 2148 2866 per

259 2900 305 2930 se
337 2888 559 2942 postulat.
622 2888 745 2931 Haec
793 2886 1077 2930 abstinentia
1125 2901 1179 2931 ex
1227 2887 1400 2930 motivo
1445 2887 1635 2931 virtutis
1679 2901 1706 2931 a
1746 2887 1890 2931 licitis
1922 2887 2139 2930 abstinet.

259 2960 370 3004 Eius
404 2966 533 3004 actus
567 2965 636 3022 est
669 2954 908 3004 ieiunium.

409 3050 445 3097 Ζ).
480 3049 718 3094 Sobrietas
751 3054 820 3094 est
852 3051 1004 3094 virtus
1038 3051 1277 3094 moderans
1318 3051 1579 3106 appetitum
1621 3056 1668 3095 et
1709 3065 1842 3095 usum
1885 3055 2022 3107 potus
2052 3051 2146 3095 ine*

257 3124 461 3179 briativi,
495 3123 566 3167 cui
600 3126 851 3180 opponitur
883 3126 1097 3169 ebrietas.

408 3228 441 3257 c.
483 3214 684 3257 Castz'tas
716 3218 784 3258 est
819 3215 968 3259 virtus
1002 3216 1241 3259 moderans
1274 3220 1356 3259 aut
1389 3217 1632 3260 excludens
1655 3217 1916 3272 appetitum
1939 3221 1984 3261 et
2007 3231 2141 3261 usum-

261 3302 569 3343 venereorum,
603 3289 674 3332 cui
709 3290 956 3344 opponitur
987 3291 1191 3333 luxuria.

409 3381 457 3431 3.
502 3380 692 3430 Partes
736 3379 1065 3448 potentiales
1119 3381 1522 3449 temperantiae
1563 3388 1690 3432 sunt
1741 3379 1867 3431 illae
1910 3381 2146 3431 virtutes

259 3469 660 3535 temperantiae
702 3486 972 3534 annexae,
1017 3487 1157 3538 quae
1200 3477 1498 3539 operantur
1525 3469 1963 3521 moderationem
1995 3469 2147 3520 eirca

149 3658 443 3717 Ns‘ff'sf'i*
537 3722 540 3724 -
614 3632 1451 3792 ᾧῷίτξᾼῼίῆὶὲμαςηᾈᾶἓῖμφζη)
1491 3708 1530 3736 ζ
1592 3640 2227 3785 Meam
