2269 3898
848 135 914 177 De
948 133 1148 177 subiecto
1180 134 1310 189 legis.
1935 138 2018 180 147

297 280 337 316 γ.
370 266 424 308 In
456 266 554 309 iure
586 265 888 309 ecclesiastico
920 267 1038 310 nihil
1070 267 1280 322 impedit,
1314 268 1553 322 quominus
1577 269 1676 323 quis
1699 271 1831 325 plura
1854 271 2018 315 habeat

144 340 393 395 domicilia,
427 340 676 394 requiritur
707 345 877 395 autem,
909 346 963 385 ut
995 344 1088 385 fere
1122 343 1299 397 aequali
1333 344 1463 386 modo
1497 343 1545 386 in
1577 343 1670 387 illis
1692 344 1802 387 locis
1825 340 2022 401 habitetg

140 427 182 458 ve.
217 428 260 469 g.
295 415 480 459 hiemali
513 421 716 469 tempore
748 414 797 457 in
828 429 933 469 uno,
967 417 1141 459 aestivo
1174 417 1221 459 in
1255 418 1398 460 altero
1431 419 1539 460 loco.

297 505 347 557 2.
391 504 752 556 Domicilium
795 503 961 573 legale
1003 508 1296 575 acquirunt
1350 524 1614 574 personae
1669 510 1725 559 in
1769 509 1888 578 lege
1932 511 2017 562 de-

148 596 506 645 terminatae:
559 614 605 645 α.
647 612 787 644 uxor
840 596 1077 663 acquirit
1131 595 1470 646 domicilium
1533 599 1712 648 mariti
1753 598 2016 669 illudque,

121 685 187 737 ,51
243 683 388 734 facta
456 683 621 733 fuerit
686 683 872 745 vidua,
937 685 1154 749 retinet,
1223 683 1397 735 donec
1457 685 1608 737 aliud
1673 690 2015 756 acquisierit;

139 772 191 823 «b.
236 771 332 823 filii
375 771 584 837 habent
627 771 967 823 domicilium
1010 774 1195 841 patris,
1251 774 1517 842 quamdiu
1571 774 1671 826 sub
1716 777 1832 828 eius
1874 786 2018 846 pote³

148 870 283 912 state
313 872 463 927 sunt3
509 861 915 924 filiusfamilias,
960 864 1052 930 qui
1094 862 1270 913 factus
1312 873 1391 914 651
1432 865 1781 931 11161016111115,
1825 869 2025 918 retinet

139 951 488 1002 domicilium
550 952 745 1020 patris,
815 952 989 1002 donec
1058 970 1118 1002 eo
1184 951 1371 1003 relicto
1446 952 1596 1004 aliud
1674 956 2018 1024 acquisierit3

147 1061 186 1094 c,
230 1040 425 1110 pupilli
469 1040 811 1093 domicilium
848 1040 1064 1094 vhabent
1106 1049 1364 1094 tutorum.

296 1145 385 1188 Ubi
419 1145 704 1189 minorennes
739 1151 782 1189 et
817 1146 982 1201 pupilli
1018 1146 1298 1189 domicilium
1334 1146 1544 1194 habeant,
1593 1149 1917 1193 desumendum
1953 1155 2023 1194 est

149 1234 203 1263 ex
237 1220 333 1263 iure
368 1220 491 1263 civili
524 1221 811 1275 (provinciali
844 1235 933 1264 non
966 1221 1182 1276 romano),
1229 1235 1328 1264 cum
1373 1222 1444 1265 ius
1477 1223 1740 1266 canonicum
1773 1225 1828 1268 ‘de
1860 1226 1942 1268 hae
1976 1239 2023 1269 re

144 1295 263 1338 nihil
294 1294 520 1350 disponat.
570 1296 668 1338 Iam
702 1309 806 1339 vero
839 1309 893 1339 ex
924 1296 1022 1339 iure
1055 1295 1180 1338 civili
1212 1296 1498 1340 minorennes
1531 1301 1576 1340 et
1607 1298 1771 1353 pupilli
1794 1300 2025 1357 acquirere

148 1374 339 1424 possunt
374 1369 818 1425 quasi-domicilium,
853 1370 1131 1413 domicilium
1167 1374 1320 1413 autem
1354 1370 1521 1414 habent
1566 1376 1609 1414 et
1643 1372 1844 1416 retinent
1878 1374 2025 1428 patris

141 1445 217 1487 vel
251 1446 470 1500 t11t0r1s¹).

295 1533 368 1588 Π.
411 1536 492 1585 De
535 1534 821 1586 amittendo
865 1534 1165 1584 domicilio:

296 1639 590 1690 Amittitur
632 1637 991 1704 domicilium,
1036 1639 1079 1688 si
1121 1637 1259 1689 haec
1303 1638 1409 1690 duo
1452 1640 1611 1691 simul
1656 1651 2022 1694 concurrunt:

139 1748 195 1782 -α,
241 1727 473 1779 actualis
528 1728 797 1779 discessus
852 1727 1038 1779 eloco
1083 1727 1379 1794 (10111161111;
1443 1736 1496 1780 61
1549 1729 1592 1782 b.
1647 1731 1865 1783 animus
1915 1750 2025 1784 non

146 1817 433 1870 redeundi.
515 1817 678 1869 Sicut·
709 1816 853 1868 solus
906 1805 1179 1868 discessus
1221 1836 1248 1868 6
1289 1816 1408 1869 1060
1452 1818 1718 1870 domicilii
1758 1820 1830 1872 ad
1872 1824 2025 1873 amit-

135 1907 375 1959 tendum
420 1905 762 1958 domicilium
806 1924 915 1958 non
946 1906 1166 1970 sufficit,
1210 1908 1286 1958 ita
1326 1925 1427 1958 nec
1469 1907 1614 1959 solus
1654 1910 1872 1963 animus
1914 1929 2024 1963 non

132 1996 380 2065 amplius
426 1997 483 2046 in
526 1998 586 2047 60
628 1995 746 2048 1060
789 1995 1052 2047 manendi
1093 1995 1308 2049 sufficit.

293 2100 586 2148 Domicilium
631 2113 685 2144 ex
725 2113 773 2142 eo
819 2099 891 2143 die
936 2099 1188 2154 amittitur,
1237 2113 1322 2154 quo
1367 2100 1475 2143 haec
1521 2101 1607 2144 duo
1652 2101 1788 2145 simul
1834 2103 2007 2149 adsunt

136 2187 288 2228 vneque
319 2187 497 2217 necesse
530 2179 614 2229 est,
660 2178 713 2216 ut
756 2173 865 2216 alibi
914 2173 1192 2216 domicilium
1238 2178 1317 2217 aut
1364 2174 1792 2229 quasi-domicilium
1839 2178 2030 2233 acquisi-

141 2253 245 2291 tum
280 2248 354 2291 sit.

294 2353 388 2406 ΠΙ.
433 2354 515 2404 De
557 2354 874 2422 acquirendo
917 2354 1378 2424 quasi-domicilio.

301 2457 629 2528 Acquiritur
670 2458 1235 2528 quasi-domicilium,
1281 2460 1325 2510 si
1366 2458 1505 2511 haec
1547 2460 1654 2512 duo
1697 2462 1860 2531 simul
1902 2481 2028 2515 con-

139 2555 410 2599 currunt:
482 2567 529 2601 a.
572 2547 781 2599 factum
822 2547 1182 2601 habitationis
1223 2550 1280 2600 in
1322 2548 1505 2619 aliquo
1545 2549 1693 2617 loco;
1737 2558 1789 2602 et
1830 2552 1873 2607 b.
1914 2555 2026 2605 ani-

149 2655 272 2689 mus
313 2636 392 2688 ibi
434 2637 699 2689 manendi
752 2656 850 2707 per
902 2640 1153 2690 maiorem
1194 2640 1326 2690 anni
1361 2648 1570 2709 partem
1626 2641 1659 2693 i.
1704 2659 1747 2694 6.
1791 2638 1892 2711 Per
1931 2661 2029 2694 sex

144 2745 379 2779 1118118Εὸ.

303 2830 342 2857 α.
377 2815 532 2858 Etiam
578 2815 1006 2870 quasi-domicilium
1046 2818 1299 2873 acquiritiu·
1347 2832 1400 2862 ex
1448 2832 1498 2862 eo
1531 2819 1617 2874 die,
1659 2834 1745 2876 quo
1792 2822 1901 2866 haec
1943 2823 2030 2867 duo

151 2891 290 2934 simul
330 2891 514 2944 adsunt,
555 2903 636 2934 nec
678 2890 942 2946 requiritur,
992 2896 1045 2935 ut-
1094 2892 1194 2947 quis
1243 2906 1322 2948 per
1365 2894 1547 2949 aliquod
1596 2898 1777 2952 tempus
1824 2897 1916 2940 16111
1964 2897 2028 2940 ibi

153 2964 448 3009 habitaverit.

306 3040 344 3088 β.
380 3038 607 3092 Quamdiu
629 3040 687 3083 ad
710 3040 1033 3095 acquirendum
1061 3042 1489 3096 quasi-domicilium
1522 3057 1701 3088 necesse
1733 3046 1809 3100 sit,
1843 3050 1895 3089 ut
1928 3046 2028 3101 quis

144 3113 204 3156 ‘in
237 3114 331 3156 loco
365 3127 546 3157 manere
568 3114 696 3169 velit3
730 3120 936 3159 auctores
966 3130 1056 3160 non
1079 3118 1378 3161 conveniunt:
1414 3118 1494 3161 alii
1518 3118 1638 3162 enim
1661 3119 1829 3174 requiri
1854 3119 2026 3175 dicunt,

155 3193 209 3230 ut
241 3187 445 3231 animum
478 3187 645 3232 habeat
676 3190 889 3233 manendi
911 3204 1003 3246 per
1025 3191 1244 3234 maiorem
1269 3192 1381 3235 anni
1389 3196 1576 3248 partem
1609 3193 1798 3248 ideoque
1832 3207 1912 3249 per
1949 3208 2027 3238 sex

157 3274 350 3313 menses;
386 3261 466 3305 alii
497 3263 706 3307 sufficere
735 3269 934 3320 censent,
966 3265 1004 3308 si
1028 3265 1231 3309 animum
1255 3266 1426 3311 habeat
1461 3267 1525 3310 ibi
1559 3267 1775 3311 manendi
1808 3281 1886 3323 per
1908 3271 2030 3311 nota-

157 3336 287 3379 bilem
320 3337 428 3380 anni
461 3341 638 3392 partem
670 3338 859 3394 ideoque
891 3353 970 3395 per
1002 3344 1198 3396 quatuor
1219 3341 1291 3384 vel
1315 3341 1512 3397 quinque
1535 3355 1720 3386 menses.
1758 3342 2031 3386 Recentiora

313 3499 345 3555 ¹)
376 3501 421 3544 c,
457 3501 510 3544 G.
543 3515 586 3544 n.
621 3503 660 3545 s.
698 3503 765 3546 11.

1772 3580 1852 3623 io*
