2269 3898
674 157 741 199 De
771 156 1020 200 virtutibus
1051 157 1099 200 in
1131 171 1307 213 genere.
1844 163 1931 206 <259

57 307 109 341 e.
132 289 410 339 actionum
434 287 800 355 honestatem,
825 290 903 340 sic
921 291 1331 343 misericordiae
1350 291 1623 345 obiectum
1645 295 1927 347 materiale

56 384 145 426 est
208 375 515 427 sublevatio
577 379 752 444 egeni,
819 385 871 428 et
931 377 1206 430 obiectum
1272 380 1500 432 formale
1566 390 1645 433 est
1710 384 1931 436 moralis

66 464 342 529 honestas,
385 483 524 532 quae
566 466 621 514 in
664 465 1045 517 sublevatione
1089 469 1247 534 egeni
1289 468 1507 523 relucet.

214 553 336 607 Ergo
368 553 518 595 virtus
550 565 648 595 mo]
652 554 741 596 alls
775 554 1018 608 dupliciter
1050 555 1286 610 accipitur,
1321 561 1456 611 plout
1488 559 1722 613 oppinitur
1763 561 1928 643 virtuti

55 626 354 682 Διΐῆεοίοιςηῐεαε,
386 630 431 669 et
464 631 599 681 prout
632 627 876 681 opponitur
907 629 1073 672 virtuti
1107 630 1410 673 ι”.ιιΐεῖίεείιιαίι

210 715 253 781 f.
297 715 528 765 Ratione
559 715 908 784 peifectzonis
961 719 1016 768 in
1059 737 1345 769 communes
1399 728 1450 771 et
1501 700 1762 791 heroicas:
1794 690 1928 776 ‘illae

67 804 229 854 modo
271 804 550 854 communi
587 822 682 854 seu
724 804 998 857 ordinario
1042 814 1382 874 exercentur,
1428 807 1530 859 hae
1571 819 1797 878 promte,
1842 832 1928 863 ex-

59 892 250 960 pedite
294 900 346 942 et
387 910 551 961 supra
606 911 953 944 communem
1011 895 1277 962 operandi
1321 896 1544 948 modum
1587 910 1953 953 exercentur„

214 1015 259 1064 9.
303 996 534 1046 Ratione
574 996 791 1046 subiecti
830 998 1030 1061 remoti,
1089 998 1297 1049 scilicet
1354 1018 1618 1068 personae
1675 1005 1931 1056 habentis

58 1086 342 1149 virtutem,
398 1085 454 1135 in
506 1084 768 1149 formatas
820 1094 873 1135 et
926 1085 1191 1153 informes,
1249 1096 1409 1156 prout
1449 1107 1682 1157 persona
1721 1091 1931 1145 habens

64 1175 326 1226 virtutem
369 1182 447 1226 est
488 1176 543 1226 in
587 1182 731 1226 statu
772 1176 980 1242 gratiae
1009 1175 1096 1226 Vel
1133 1178 1189 1226 in
1217 1185 1359 1227 statu
1398 1180 1613 1246 peccati
1655 1181 1928 1244 mortalis,

57 1264 241 1330 ,gratia
282 1263 370 1313 vel
412 1265 609 1314 caritas
652 1264 854 1314 dicitur
888 1265 1063 1315 forma
1103 1264 1335 1316 aliarum
1377 1267 1660 1319 virtutum.

216 1424 342 1479 231.
384 1426 469 1479 De
510 1427 706 1480 medio
747 1428 1014 1480 virtutis.
1099 1429 1144 1479 1.
1189 1427 1435 1478 Medium
1472 1430 1688 1481 virtutis
1731 1431 1933 1483 dicitur

66 1531 340 1580 mensura,
399 1533 507 1584 qua
547 1516 616 1566 ab
660 1534 723 1566 ea
777 1515 1092 1566 excluditur
1143 1535 1400 1567 excessus
1442 1525 1496 1568 et
1537 1517 1809 1585 defectus,
1853 1523 1931 1572 sic

57 1600 367 1653 ‘liberalitas
409 1604 465 1654 in
508 1604 689 1655 medio
734 1612 813 1654 est
854 1606 996 1654 inter
1044 1604 1487 1673 prodigalitatem
1529 1615 1581 1657 et
1620 1609 1929 1675 avaritiam,

64 1690 328 1742 fortitudo
367 1692 549 1743 media
592 1701 671 1743 est
711 1694 853 1743 inter
892 1695 1256 1744 temeritatem
1299 1705 1351 1744 et
1389 1695 1757 1764 timiditatem,
1803 1700 1932 1767 quia

55 1787 250 1830 servat
291 1780 534 1833 debitum
580 1781 805 1832 modum
847 1784 989 1834 inter
1029 1800 1314 1833 excessum
1357 1791 1409 1833 et
1451 1783 1741 1837 defectum.

216 1897 257 1925 α.
290 1883 537 1927 Potissima
567 1884 794 1927 virtutum
828 1886 1080 1940 proprietas
1115 1899 1165 1929 ea
1213 1890 1296 1940 est,
1344 1900 1432 1941 qua
1481 1887 1693 1930 dicuntur
1740 1902 1833 1932 esse
1886 1891 1956 1933 ius

55 1956 212 1999 medio
244 1956 365 2000 inter
397 1971 624 2001 excessum
670 1964 715 2002 et
765 1960 1006 2003 defectum.
1068 1961 1210 2003 Actus
1259 1960 1377 2003 enim
1426 1961 1668 2017 virtutum,
1714 1968 1767 2005 ut
1816 1965 1957 2011 tales

66 2031 176 2084 sint,
209 2035 357 2074 rectae
388 2032 556 2075 rationi
601 2033 764 2076 debent
807 2047 902 2077 esse
950 2035 1226 2085 conformes;
1276 2034 1403 2088 atqui
1451 2049 1540 2078 non
1588 2041 1737 2079 essent
1784 2042 1933 2081 rectae

66 2105 237 2147 rationi
271 2107 533 2159 conformes,
568 2107 602 2150 si
638 2108 709 2150 vel
742 2121 821 2162 per
853 2121 1082 2151 excessum
1118 2109 1187 2151 vel
1211 2122 1289 2163 per
1315 2109 1540 2152 defectum
1563 2123 1590 2152 a
1612 2110 1759 2153 medio
1782 2116 1931 2155 rectae

67 2179 260 2222 rationis
294 2179 606 2233 deflecterent,
641 2195 746 2236 ergo
779 2182 975 2225 virtutes
1008 2195 1057 2225 eo
1091 2183 1348 2225 consistunt
1370 2183 1418 2225 in
1441 2183 1603 2238 medio,
1637 2186 1754 2238 quod
1778 2199 1931 2229 earum

55 2258 198 2296 actus
230 2253 406 2296 ratione
439 2253 599 2297 obiecti
634 2260 680 2298 et
712 2256 1156 2298 circumstantiarum
1178 2260 1327 2299 rectae
1348 2256 1516 2300 rationi
1539 2260 1787 2302 conformes
1810 2268 1934 2303 sunt.

221 2328 257 2369 b.
291 2329 489 2372 Medium
523 2330 748 2372 virtutum
798 2329 1071 2372 considerari
1118 2334 1269 2384 potest
1318 2344 1375 2372 ex
1410 2334 1551 2386 parte
1598 2333 1770 2386 obiecti,
1818 2334 1934 2377 circa

56 2403 189 2456 -quod
222 2408 443 2459 versatur,
477 2409 523 2448 et-
555 2418 612 2447 ω’
638 2407 774 2460 parte
806 2404 994 2447 subiecti
1025 2418 1101 2447 seu
1133 2404 1309 2447 ratione
1341 2405 1475 2452 modi,
1512 2419 1596 2459 quo
1630 2406 1777 2450 virtus
1817 2421 1934 2451 exer-

61 2481 210 2520 cetur.
273 2478 327 2521 In
359 2479 490 2521 modo
524 2479 757 2522 exercendi
789 2478 1009 2521 virtutem
1044 2493 1070 2521 a
1102 2478 1248 2521 medio
1284 2479 1463 2521 deflecti
1495 2483 1660 2534 potest,
1685 2480 1721 2523 si
1751 2484 1932 2536 temere,

71 2551 392 2607 inopportune,
424 2553 565 2596 nimio
599 2556 764 2596 conatu
797 2556 881 2599 etc.
905 2556 1148 2596 exercetur.
1212 2553 1348 2595 Porro
1372 2566 1523 2596 omnes
1546 2553 1742 2597 virtutes
1765 2555 1934 2599 habent

74 2632 119 2669 et
155 2627 348 2682 exigunt
380 2627 579 2671 medium
613 2641 668 2670 ex
699 2632 828 2682 parte
862 2627 1067 2670 subiecti.

223 2715 256 2743 c.
289 2701 487 2744 Medium
520 2701 748 2744 virtutum
783 2715 836 2744 ex
868 2706 997 2756 parte
1030 2701 1220 2745 subiecti
1255 2702 1422 2755 duplex
1455 2706 1536 2755 est,
1570 2701 1768 2745 medium
1800 2703 1865 2745 rei
1889 2708 1935 2745 et

75 2774 275 2817 medium
308 2774 512 2818 rationis.
577 2775 776 2817 Medium
810 2775 883 2817 rei
913 2780 982 2818 est
1014 2789 1238 2830 mensura,
1273 2788 1385 2829 quae
1417 2776 1934 2840 eg—EQQAELQ·

73 2853 185 2891 nata
218 2853 262 2891 et
295 2849 483 2903 proinde
515 2862 593 2903 pro
627 2849 834 2892 omnibus
867 2850 1022 2892 eadem
1056 2853 1142 2901 est;
1178 2849 1939 2913 medinm„>rjgzz‘gjostzfscean-nsura,

60 2936 209 2976 -quam
233 2921 350 2965 ratio
373 2922 587 2977 prudenti
610 2923 941 2971 aestimatione,
967 2923 1261 2966 consideratis
1284 2936 1473 2977 persona
1497 2926 1541 2966 et
1565 2908 1936 2978 circumstantiis,
1963 2912 1966 2915 .

75 2996 367 3051 determinat,
385 2996 661 3051 proindeque
677 3011 766 3040 non
784 3011 862 3052 pro
881 2997 1089 3042 omnibus
1107 2998 1277 3051 eadem,
1302 2997 1377 3039 sed
1395 2996 1442 3038 in
1458 2997 1646 3040 diversis
1663 2998 1839 3041 diversa
1852 3004 1936 3042 est.

228 3085 276 3138 2.
320 3085 526 3137 Omnes
565 3087 780 3138 virtutes
821 3087 1046 3138 morales
1100 3087 1307 3138 habent
1361 3086 1604 3137 medium
1661 3105 1730 3137 ex
1783 3097 1936 3155 parte

64 3174 294 3236 obiecti,
338 3182 391 3224 et
431 3174 654 3244 quidem
695 3177 900 3226 iustitia
942 3175 1110 3226 habet
1150 3175 1392 3226 medium
1434 3176 1528 3241 rei,
1571 3175 1709 3227 aliae
1752 3185 1934 3227 autem

75 3264 294 3314 virtutes
333 3262 558 3315 morales
598 3263 803 3315 habent
843 3264 1086 3316 medium
1127 3266 1369 3316 rationis.

229 3350 344 3404 Quid
377 3353 524 3395 facere
568 3352 742 3407 debeat,
782 3353 858 3407 qui
901 3353 1129 3396 iustitiam
1174 3353 1331 3396 stricte
1372 3366 1548 3396 servare
1591 3352 1808 3406 intendit,
1848 3366 1938 3395 non

77 3426 292 3479 prudenti
325 3426 642 3469 aestimatione
676 3427 1019 3481 determinatur,
1067 3428 1144 3470 sed
1177 3441 1204 3470 a
1234 3431 1400 3470 natura
1433 3427 1521 3469 iam
1568 3426 1806 3469 definitum
1856 3431 1939 3480 est,

78 3504 262 3542 tantum
298 3500 469 3554 scilicet
503 3501 608 3544 dare
641 3500 787 3555 debet,
820 3505 1039 3555 quantum
1075 3501 1276 3545 debitum
1301 3505 1391 3545 est:
1427 3501 1608 3544 iustitia
1631 3500 1749 3542 enim
1778 3499 1939 3554 exigit,

1677 3574 1757 3615 17*
