2269 3898
307 155 412 199 260'
1014 153 1067 195 V.
1101 153 1168 196 De
1199 152 1466 196 virtutibus.

302 296 359 333 ut
393 288 469 344 qui
504 288 636 331 debet
669 290 867 341 centum,
900 290 1082 329 centum
1117 286 1254 330 etiam
1291 286 1456 341 solvat,
1490 286 1694 341 quisquis
1726 287 1806 331 ille
1838 294 1922 343 est,
1959 288 2084 331 dives
2124 293 2207 332 alr?

306 375 479 419 pauper
539 368 584 404 et
637 360 841 415 quisquis
906 360 1002 403 eius
1055 360 1251 405 creditor
1306 366 1390 404 est.
1454 361 1654 404 Medium
1703 361 1897 405 aliarum
1954 361 2183 405 virtutum

304 436 546 480 moralium
580 441 649 478 est
682 434 882 477 medium
915 434 1133 478 rationis:
1191 435 1360 478 etenim
1405 448 1626 489 quaenam
1670 437 1865 480 materia
1911 437 1960 480 in
2003 437 2075 479 his
2123 436 2186 479 sit

303 515 454 555 rectae
486 509 656 552 rationi
691 501 950 564 conformis,
985 522 1065 564 per
1096 509 1325 553 rationem
1361 510 1607 553 secundum
1653 510 1925 564 qualitatem
1969 523 2196 565 personae
2243 517 2246 519 ’

307 585 706 629 determinandum
742 589 830 635 est;
868 585 986 638 quod
1020 584 1139 626 enim
1173 584 1252 627 uni
1296 584 1345 627 in
1389 585 1607 628 sumendo
1648 585 1745 627 cibo
1790 585 2059 628 conveniens
2101 588 2187 638 est,

304 661 353 703 id
386 659 521 703 alteri
554 663 707 714 potest
740 671 835 702 esse
866 659 1060 702 nimium
1095 664 1177 702 aut
1209 673 1385 713 parum,
1419 664 1465 702 et
1499 659 1615 713 quod
1648 659 1697 701 in
1721 659 1952 702 subeundo
1986 659 2197 714 periculo¹
2235 708 2242 716 ¹

310 734 523 778 convenit
556 733 671 786 viro,
702 733 751 776 id
784 747 922 789 puero
954 735 1028 777 vel
1060 733 1242 776 mulieri
1275 733 1470 776 nimium
1504 737 1586 776 est.

455 810 504 860 3.
559 809 791 859 Virtutes
833 808 1146 877 tlzeoloqc‘cae
1200 825 1310 858 non
1353 807 1562 859 habent
1615 808 1861 860 medium
1921 827 1987 859 ex
2031 820 2195 876 parte-

302 899 505 950 obiecti
548 898 646 950 sed
688 897 862 949 solum
905 917 975 949 ex
1016 908 1170 967 parte
1199 897 1434 948 subiecti
1465 917 1559 948 seu
1589 900 1802 949 ratione
1844 898 2012 948 mccli:
2058 915 2183 948 cum

304 990 453 1040 enim
497 987 775 1039 obiectum
817 988 1011 1039 harum
1059 989 1324 1038 virtutum
1369 988 1438 1037 sit
1479 988 1596 1056 ipse
1630 987 1798 1049 Deus,
1842 986 2196 1055 impossibile-

305 1088 388 1130 est
428 1097 525 1147 per
580 1095 867 1129 excessum
926 1086 1116 1128 contra
1158 1079 1304 1145 ipsas
1346 1095 1606 1145 peccare:
1651 1086 1703 1127 et
1745 1092 1874 1128 sane
1918 1095 2026 1128 non
2069 1091 2209 1145 poss

304 1186 494 1219 sumus
552 1169 788 1218 nimium
845 1169 900 1218 in
963 1167 1143 1218 Deum
1203 1166 1426 1217 credere
1484 1175 1536 1217 et
1596 1185 1815 1236 sperare
1872 1166 1957 1220 vel
2001 1167 2185 1218 Deum

301 1259 469 1310 nimis
510 1276 712 1309 amare.
794 1257 857 1308 In
901 1256 1062 1308 modo
1106 1265 1308 1323 autem,
1363 1275 1469 1326 quo
1510 1258 1615 1308 hae
1658 1259 1889 1308 virtutes
1931 1275 2197 1308 exercen*

301 1360 408 1416 tur,
452 1350 670 1418 peccari
713 1355 892 1417 potest
933 1349 1099 1398 etiam
1142 1366 1239 1416 per
1280 1366 1585 1399 excessum.

454 1512 588 1565 ⁶232.
631 1512 716 1566 De
757 1527 918 1566 nexu
961 1513 1277 1567 Virtutum.
1363 1514 1409 1564 1.
1464 1512 1712 1564 Virtutes
1742 1511 2061 1583 tlzeoloyicae
2102 1531 2195 1563 ea·-

301 1615 463 1655 tenus
503 1604 646 1653 inter
687 1620 743 1653 se
786 1620 1070 1653 connexae
1112 1610 1255 1668 sunt,
1309 1612 1582 1671 quatenus
1625 1604 1682 1654 in
1725 1602 1919 1653 ordine
1961 1618 2185 1668 genera-

302 1694 468 1744 tionis
499 1692 698 1743 caritas
729 1692 991 1760 supponit
1013 1709 1167 1760 spem
1198 1699 1250 1742 et
1279 1691 1445 1743 fidem
1474 1700 1526 1742 et
1555 1710 1678 1761 spes
1705 1693 1970 1762 supponit
1992 1691 2196 1752 fiden1;:

304 1790 531 1833 eatenus
560 1789 745 1832 autem
775 1799 885 1831 non
915 1789 1043 1831 sunt
1080 1799 1382 1846 connexae,
1427 1789 1698 1850 quatenus
1724 1800 1835 1832 una
1867 1783 1983 1832 sine
2015 1781 2186 1833 altera

303 1890 421 1924 esse
471 1878 677 1939 potest:
731 1871 934 1920 amissa
976 1871 1123 1920 enim
1184 1872 1411 1920 caritate
1453 1879 1640 1921 manet
1681 1888 1804 1939 spes
1846 1880 1899 1922 et
1938 1870 2090 1937 fides7
2134 1879 2186 1921 et

301 1964 506 2014 amissa
548 1978 642 2028 spe
685 1977 909 2009 manere
950 1968 1129 2028 potest
1169 1959 1304 2010 fides
1346 1963 1415 2026 (n.
1463 1959 1548 2024 18,
1591 1960 1661 2022 5),

453 2049 551 2103 Qua
583 2048 760 2092 ratione
794 2048 893 2091 fieri
927 2048 1087 2103 possit,
1122 2052 1175 2091 ut
1208 2048 1378 2092 amissa
1410 2048 1565 2104 gratia
1597 2049 1917 2093 sanctificante
1949 2048 1997 2092 in
2033 2049 2200 2092 animat

301 2130 518 2170 maneant
552 2125 667 2168 fides
700 2128 745 2167 et
780 2137 893 2178 spes,
929 2137 1029 2166 cum
1064 2128 1219 2167 tamen
1253 2123 1406 2179 gratia
1439 2120 1502 2166 sit
1534 2124 1695 2167 harum
1742 2125 2095 2168 fundamentum
2141 2128 2187 2167 et

301 2200 593 2256 principium.
629 2201 685 2244 cf.
720 2197 917 2252 Suaree‘,
951 2199 1018 2242 De
1051 2198 1206 2253 gratia
1238 2199 1266 2241 l.
1301 2199 1340 2241 6.
1376 2212 1411 2242 c.
1447 2200 1516 2242 13.
1561 2198 1808 2255 Klenly'en,
1855 2199 2102 2254 Theologie
2145 2199 2188 2243 d.

301 2275 488 2319 Vorzeit
520 2274 574 2317 ΙΙ.
609 2288 652 2317 n.
688 2274 775 2316 200
807 2275 855 2315 ff.
892 2274 1141 2329 Maeeella,
1174 2274 1241 2317 De
1275 2273 1528 2317 virtutibus
1561 2274 1730 2317 infusis
1763 2288 1807 2316 n.
1847 2273 1929 2316 184
1962 2287 2018 2316 ss.

452 2366 500 2417 2.
555 2363 804 2415 Virtutes
862 2363 1085 2415 morales
1138 2363 1354 2433 infuscae
1409 2365 1548 2415 inter
1599 2383 1651 2415 se
1706 2381 1991 2414 connexae
2040 2373 2195 2429 sunt,

301 2465 574 2527 quatenus
622 2473 733 2505 una
787 2472 913 2504 cum
958 2455 1134 2523 gratia
1188 2463 1240 2504 et
1281 2455 1509 2504 caritate
1563 2452 1941 2504 infunduntur
1995 2460 2046 2502 et
2099 2451 2196 2503 his.

301 2547 519 2598 amissis
561 2546 792 2595 virtutes
847 2543 1009 2594 simul
1067 2544 1411 2597 amittuntur.
1494 2541 1634 2594 Cum
1676 2541 1978 2593 virtutibus
2017 2560 2191 2592 ‘mora-⁷

302 2637 439 2688 libus
468 2635 745 2704 acquisitis
774 2641 959 2684 autem
989 2632 1204 2684 infusae
1234 2651 1343 2684 non
1374 2640 1501 2683 sunt
1531 2633 1841 2683 necessario
1872 2649 2206 2683 eonnexaezr'

302 2744 430 2777 nam
486 2724 703 2776 infusae
759 2741 875 2774 esse
929 2730 1159 2791 possunt
1216 2723 1334 2773 sine
1391 2723 1676 2791 acquisitis
1734 2730 1794 2773 ut
1834 2723 1892 2772 in
1934 2719 2191 2791 parvulis

302 2814 614 2884 baptizatis,
672 2820 723 2863 et
775 2812 1082 2881 acquisitae
1142 2829 1259 2862 esse
1315 2819 1543 2880 possunt
1596 2812 1716 2862 sine
1773 2809 1972 2861 infusis
2026 2818 2085 2859 ut
2125 2810 2183 2860 in

301 2902 686 2973 peccatoribus
728 2900 957 2952 adultis:
1011 2901 1228 2951 amissis
1283 2901 1429 2951 enim
1485 2919 1582 2970 per
1635 2913 1926 2970 peccatum
1985 2898 2192 2949 infusis

302 3012 411 3045 non
454 2993 784 3044 amittuntur
825 2992 990 3042 etiam
1032 2992 1265 3041 virtutes
1306 2991 1626 3059 acquisit-ae.

449 3096 498 3150 3.
541 3093 789 3146 Virtutes
816 3095 1042 3146 morales
1072 3096 1361 3162 acquisit-ae
1404 3112 1512 3145 non
1544 3101 1672 3144 sunt
1698 3093 2014 3144 necessario
2058 3108 2193 3142 con-ff

302 3204 496 3253 nexae,
540 3183 807 3254 quamdiu
850 3195 976 3236 sunt
1011 3183 1371 3253 impeofectae,
1416 3184 1459 3234 si
1501 3192 1686 3233 autem
1723 3181 1997 3252 perfectae
2038 3189 2181 3244 sunt,

301 3276 608 3328 necessario
637 3275 880 3324 invicem
910 3283 1333 3339 connectuntur,
1376 3273 1514 3324 adeo
1546 3280 1606 3323 ut
1633 3273 1695 3338 is,
1740 3272 1833 3341 qui
1866 3286 2035 3322 unam
2065 3288 2180 3339 per-

301 3368 440 3418 fecte
482 3364 797 3433 acquisivit7
842 3381 1031 3414 omnes
1072 3362 1208 3414 alias
1251 3363 1456 3431 pariter
1497 3361 1715 3414 habeat.

448 3454 513 3497 Ut
544 3453 694 3497 virtus
730 3451 819 3494 dici
852 3451 998 3506 possit
1020 3453 1249 3508 pet-fecta,
1283 3465 1374 3495 non
1407 3455 1477 3494 est
1509 3463 1702 3505 necesse,
1735 3453 1789 3493 ut
1823 3450 2088 3493 exerceat-ur
2130 3446 2180 3489 in

302 3531 448 3585 gradu
480 3528 675 3582 heroicO,
707 3527 824 3570 illud
859 3531 1013 3570 autem
1045 3526 1308 3581 requiritur,
1342 3530 1395 3569 ut
1427 3525 1577 3580 facile,
1625 3527 1804 3580 promte
1826 3528 1885 3567 et
1919 3526 2194 3566 constanter
