2269 3898
296 182 351 224 96
826 176 885 218 ΙΙ.
921 176 987 217 De
1020 173 1198 217 actibus
1232 173 1289 216 ad
1322 173 1460 215 finem
1495 171 1631 227 aptis.

296 333 453 367 mans
494 312 659 364 fidem
705 329 819 361 esse
866 309 1101 378 primam
1143 307 1458 374 gratiam1);
1517 304 1792 374 siquidem
1841 313 1969 355 ante
2009 303 2174 355 fidem

298 402 675 455 conceduntur
728 400 939 466 gratiae
994 413 1124 447 vere
1179 395 1642 464 supernaturales,
1695 392 1897 464 quibus
1939 391 2177 444 infidelis

297 492 367 544 ad
410 508 594 541 veram
640 487 806 539 fidem
850 484 1294 554 amplectendam
1348 503 1403 535 se
1446 485 1735 553 disponat3
1794 484 1945 552 atqui
2002 489 2174 547 actus,

298 581 390 650 qui
435 577 649 629 viribus
697 577 908 645 gratiae
963 575 1276 635 eliciuntur,
1335 585 1465 626 sunt
1519 572 1994 643 supernaturales3
2048 590 2176 640 ergo
2243 619 2247 622 .

298 677 424 721 sunt
465 675 619 719 actus
662 663 1123 734 supernaturaleS,
1184 665 1276 733 qui
1329 682 1439 715 non
1490 663 1594 714 hoe
1651 682 1817 715 sensu
1872 663 2179 713 fundantur

300 761 358 810 in
401 758 525 825 fide,
570 756 716 826 quod
759 755 893 806 fides
935 755 990 804 in
1034 771 1124 804 eos
1166 752 1378 806 influat.

450 936 537 990 81.
582 948 656 992 Ad
691 950 991 1000 argumenta
1025 947 1268 989 adversae
1302 946 1605 991 sententiae.
1661 960 1701 989 a.
1736 947 1880 989 Actus
1914 945 2011 989 sine
2046 943 2182 988 dubio

302 1026 624 1082 specificantur
672 1022 728 1066 ab
771 1022 966 1066 obiecto:
1023 1021 1248 1064 obiectum
1293 1020 1411 1063 enim
1458 1021 1605 1076 specie
1640 1020 1869 1063 diversum
1915 1018 2084 1072 efficit,
2127 1021 2183 1060 ut

305 1100 442 1144 etiarn
480 1104 607 1142 actus
643 1098 737 1141 sint-
770 1096 1078 1140 essentialiter
1113 1095 1303 1145 diversi;
1339 1098 1547 1138 attamen
1581 1094 1807 1138 obiectum
1841 1108 1931 1138 non
1955 1097 2023 1136 est
2046 1092 2182 1135 unica

297 1174 430 1228 rat-io,
464 1188 490 1216 a
523 1187 610 1227 qua
653 1172 900 1227 petendum
946 1175 1016 1214 est
1057 1170 1300 1213 essentiale
1341 1170 1584 1213 discrimen
1631 1169 1753 1212 inter
1799 1173 1930 1212 actus
1965 1167 2184 1221 existenS,

299 1248 465 1302 quippe
498 1247 616 1301 quod
651 1246 790 1289 etiam
824 1260 850 1288 a
883 1245 1093 1300 potentia
1126 1244 1435 1288 essentialiter
1466 1244 1647 1287 diversa
1671 1243 1869 1287 derivari
1902 1243 2061 1299 possit,
2095 1241 2183 1285 etsi

298 1327 483 1366 actuum
516 1322 637 1364 idem
672 1321 734 1364 sit
767 1320 1007 1364 obiectum.
1062 1320 1156 1363 Iam
1182 1333 1288 1362 vero
1325 1319 1568 1363 discrimen
1599 1319 1721 1362 inter
1744 1324 1899 1362 actum
1923 1317 2182 1361 naturalem

298 1402 344 1441 et-
377 1397 770 1453 supernaturalem
804 1395 1045 1450 praecipue
1092 1394 1267 1438 desumi
1303 1394 1437 1437 debet
1469 1407 1523 1437 ex
1557 1401 1688 1449 parte
1720 1392 1935 1448 principii
1970 1392 2183 1436 essentia-

297 1473 405 1517 liter
439 1472 621 1516 diversi.

451 1561 486 1603 b.
521 1561 619 1603 Non
652 1567 806 1614 potest
839 1558 1064 1601 affirmari
1107 1570 1261 1600 omnes
1307 1561 1437 1600 actus
1487 1557 1857 1611 supernaturales
1899 1556 1968 1599 ita
1999 1553 2186 1598 fundari

301 1635 350 1679 in
382 1635 488 1690 fide,
528 1639 581 1678 ut
616 1647 670 1677 ex
701 1634 794 1677 fide
842 1640 1077 1686 tamquam
1128 1645 1183 1675 ex
1222 1631 1373 1674 radice
1423 1630 1797 1686 progerminent:
1841 1636 2022 1674 constat
2065 1629 2186 1673 enim

300 1724 395 1754 esse
427 1716 556 1753 actus
588 1722 692 1752 vere
725 1707 1096 1762 supernaturales
1129 1707 1176 1749 in
1209 1706 1488 1760 infidelibus,
1530 1705 1606 1760 qui
1640 1705 1788 1760 ipsam
1823 1705 1961 1748 fidem
1998 1704 2186 1759 eiusque

308 1786 537 1828 influxum
572 1786 880 1839 praevertant.

453 1896 486 1925 c.
520 1880 669 1924 Verba
712 1879 909 1935 apostoli
959 1878 1100 1922 Helm
1138 1879 1212 1931 11,
1246 1880 1285 1922 (ί.
1336 1878 1542 1934 proxime
1587 1879 1641 1921 de
1674 1877 1823 1933 prima
1855 1876 2190 1921 iustificatione

302 1957 607 2012 intelligenda
652 1961 774 2010 sunt,
825 1955 936 1998 adeo
977 1959 1031 1998 ut
1072 1967 1228 1998 sensus
1273 1953 1358 1997 sit:
1414 1953 1767 2009 beneplacitum,
1801 1967 1888 2008 quo
1932 1953 2056 1996 Deus
2089 1965 2184 2007 pro-

302 2031 508 2087 sequitur
550 2032 712 2085 iustos,
757 2030 854 2073 sine
896 2030 989 2072 fide
1030 2029 1227 2072 obtineri
1266 2043 1357 2072 non
1390 2033 1564 2084 potest3
1620 2036 1667 2072 et
1699 2028 1798 2084 pari
1833 2028 1980 2083 modo,
2016 2026 2093 2083 qui
2127 2027 2185 2071 ad

302 2108 447 2151 Deum
471 2107 645 2150 accedit
669 2119 747 2161 per
768 2105 917 2160 ipsam
941 2104 1335 2160 iustificationem,
1369 2105 1507 2147 fidem
1540 2104 1709 2147 habeat
1742 2107 1945 2159 oportet3
1981 2102 2187 2159 proxime

302 2194 410 2237 erga
440 2181 523 2224 illa
554 2181 690 2224 verba
723 2180 979 2223 absolutam
1013 2180 1333 2223 necessitatem
1382 2180 1491 2223 fidei
1537 2180 1595 2223 ad
1635 2179 2013 2223 iustificationem
2048 2177 2186 2233 signi-

301 2257 456 2299 ficant.
522 2255 566 2298 Si
602 2254 763 2298 deinde
795 2254 933 2297 verba
966 2254 1162 2309 apostoli
1195 2255 1340 2298 latius
1373 2258 1627 2307 sumantur,
1663 2255 1775 2298 adeo
1815 2259 1870 2297 ut
1902 2254 1960 2298 ad
1994 2253 2187 2309 quodvis

302 2329 651 2384 beneplacitum,
700 2342 785 2383 quo
836 2329 957 2371 Deus
1005 2329 1296 2384 prosequitur
1344 2330 1484 2373 etiam
1529 2342 1664 2384 opera
1707 2329 2091 2384 supernatura-lia,
2139 2332 2186 2371 et

303 2404 508 2460 quemvis
542 2417 785 2458 accessum,
835 2417 920 2458 quo
955 2403 1094 2447 etiam
1129 2417 1208 2458 per
1241 2417 1376 2459 opera
1414 2403 1785 2458 supernaturalia
1829 2404 1886 2447 ad
1933 2404 2079 2446 Deum
2120 2416 2184 2446 ac-

303 2479 518 2534 cedimus,
551 2478 803 2522 necessaria
838 2480 1019 2522 dicatur
1055 2479 1186 2530 fides,
1228 2478 1277 2520 id
1310 2479 1393 2520 hoc
1425 2491 1559 2521 sensu
1590 2491 1750 2521 verum
1801 2485 1884 2532 est,
1934 2478 2052 2532 quod
2095 2490 2185 2520 non

303 2553 483 2608 quidem
530 2553 755 2596 motivum
797 2554 920 2607 fidei,
970 2554 1047 2597 sed
1091 2552 1339 2596 existentia
1389 2553 1497 2596 fidei
1539 2553 1587 2596 in
1621 2557 1838 2608 operante
1871 2552 1933 2596 sit
1967 2551 2187 2607 condicio,

306 2628 402 2672 sine
435 2642 523 2683 qua
556 2628 710 2683 gratia
742 2629 800 2671 ad
834 2632 964 2671 actus
998 2628 1368 2683 supernaturales
1399 2627 1650 2671 necessaria
1684 2641 1775 2671 non
1808 2627 2093 2671 concedatur.

454 2724 495 2766 d.
528 2724 677 2767 Verba
710 2725 868 2767 Iustus
901 2738 958 2767 ex
985 2725 1080 2781 fide
1113 2725 1233 2777 civit,
1273 2724 1542 2779 significant
1583 2740 1624 2767 α.
1658 2725 1809 2768 iustus
1856 2738 1935 2780 per
1967 2725 2105 2768 fidem
2140 2729 2186 2769 et

305 2803 490 2854 propter
524 2798 660 2841 fidem
695 2798 849 2853 habet,
878 2804 932 2841 ut
964 2798 1110 2842 vitam
1146 2799 1539 2853 supernaturalem
1574 2812 1709 2854 agere
1740 2799 1900 2855 possit,
1937 2799 2044 2855 quia
2071 2800 2187 2844 fides

304 2876 377 2915 est
410 2873 761 2915 fundamentum
795 2877 839 2916 et
875 2873 1092 2931 condissio,
1137 2887 1225 2927 qua
1258 2873 1410 2928 posita
1441 2873 1608 2929 accipit
1640 2888 1667 2917 a
1700 2875 1794 2918 Deo
1827 2874 2005 2930 gratias
2038 2887 2186 2930 super-

305 2947 551 2989 naturales.
589 2948 626 2996 β.
660 2946 817 2990 Iustus
851 2949 1013 2991 saltem
1047 2954 1102 2991 ut
1125 2948 1374 3004 plurimum
1398 2961 1452 2991 ex
1472 2949 1564 2992 fide
1587 2949 1787 2993 desumit
1810 2949 1986 2993 motiva
2004 2947 2186 2992 volendi

305 3024 351 3064 et
383 3019 570 3075 agendi;
607 3033 661 3063 ex
685 3022 839 3064 eadem
863 3022 955 3065 fide
991 3022 1188 3065 desumit
1212 3023 1386 3066 motiva
1410 3022 1520 3066 bene
1542 3037 1594 3067 ac
1626 3023 1699 3079 pie
1731 3023 1917 3067 vivendi
1951 3029 1997 3067 et
2029 3027 2189 3067 exacte

307 3095 574 3138 observandi
599 3100 842 3150 praecepta
863 3096 1102 3152 religionis
1125 3096 1402 3140 christianae
1425 3101 1472 3140 et
1494 3098 1577 3141 hac
1599 3097 1778 3141 ratione
1801 3098 1907 3141 eicit
1926 3098 1955 3141 i.
1977 3111 2013 3142 e.
2038 3097 2184 3141 vitam

313 3156 708 3224 supernaturalem
744 3176 979 3214 conservat
1013 3175 1059 3214 et-
1092 3171 1288 3226 perficit.

458 3273 492 3301 e.
537 3258 672 3302 Fides
715 3258 883 3301 dicitur
906 3259 1264 3315 fundamentum
1299 3263 1343 3303 et
1373 3260 1515 3303 radix
1548 3261 1693 3304 omnis
1725 3261 2064 3319 iustificationis
2095 3274 2185 3304 non

310 3339 496 3388 propter
519 3333 744 3377 motivum
760 3332 898 3387 fidei,
930 3346 985 3376 ex
1008 3347 1093 3388 quo
1111 3334 1212 3377 fieri
1237 3334 1430 3378 debeant
1453 3348 1588 3390 opera
1621 3335 2033 3391 supernaturaliter
2057 3335 2189 3390 bona,

460 3540 492 3596 4)
528 3541 594 3583 Cf.
629 3555 753 3596 prop.
789 3542 857 3584 27.
903 3541 1131 3596 Quesnelli
1165 3548 1211 3587 et
1244 3545 1285 3587 5.
1318 3544 1374 3587 ab
1406 3545 1665 3588 Alexandro
1697 3544 1822 3587 VIII.
1860 3544 2093 3588 damnata.
