2269 3898
677 149 743 190 De
778 147 1071 191 distinct-ione
1104 151 1403 202 peccatorum.
1883 149 1910 190 Ξ
1920 150 1976 191 93

251 283 299 334 4.
344 281 574 332 Amissio
617 282 841 331 omnium
883 282 1200 347 meritorum,
1254 281 1657 351 impossibilitas
1698 300 1836 332 nova
1878 300 1973 332 rae-

100 372 210 420 rita
267 369 578 438 acquirendi
618 381 671 420 et
712 368 958 437 specialis
990 369 1292 438 'indiynitas
1336 370 1607 421 obtinendi
1645 372 1850 440 qratias
1892 390 1971 421 ac-

105 459 290 510 tuales,

253 606 384 658 267.
414 606 498 658 De
527 606 766 672 peccato
795 605 1112 658 habituali.
1146 606 1418 656 Peccatum
1445 605 1714 657 habituale
1745 615 1824 658 est
1852 625 1972 675 pec·

104 704 305 760 catum⁷
347 694 494 764 quod
536 713 604 744 ex
647 695 843 762 quovis
870 703 1094 762 peccato
1125 694 1340 745 mortali
1370 697 1425 745 in
1468 696 1653 745 anima
1692 704 1969 752 remanet:

101 783 238 835 illud
280 791 479 846 autem,
524 783 671 852 quod
713 801 781 833 ex
822 791 948 834 actu
974 785 1188 852 peccati
1230 785 1286 834 in
1329 785 1514 835 anima
1554 793 1816 850 remanet,
1861 796 1970 836 est:

95 893 149 925 a.
192 871 479 923 habitualis
523 873 726 923 aversio
768 892 801 922 a
829 873 972 935 Deo‚·
1017 872 1059 924 b.
1104 881 1283 923 reatus
1323 872 1543 942 culpae5
1586 894 1625 925 c.
1668 873 1972 924 volzmtaria

95 963 331 1031 privatio
373 963 579 1030 qratiae
607 961 1017 1029 sanctificantis;
1058 979 1224 1030 quare
1266 962 1321 1012 in
1366 961 1449 1012 his
1490 970 1780 1030 peccatum
1821 960 1971 1013 habi-

102 1050 248 1101 tuale
294 1052 557 1103 consistit.

252 1140 291 1184 1.
332 1138 383 1183 A
425 1144 629 1196 peccato
681 1139 869 1184 actuali
920 1138 1317 1196 distinguendum
1371 1153 1477 1185 esse
1527 1144 1787 1198 peccatum
1835 1139 1972 1184 habi-

98 1213 237 1259 tuale
270 1219 435 1271 patet:

253 1301 293 1329 a.
329 1287 474 1330 Homo
509 1286 678 1330 dicitur
710 1291 917 1341 peccator
951 1286 1089 1330 etiam
1135 1287 1311 1330 actione
1352 1288 1473 1331 mala
1513 1287 1604 1330 iam
1647 1288 1724 1330 diu
1767 1294 1970 1342 peracta;

96 1363 179 1405 sed
213 1376 267 1406 ex
299 1363 392 1405 solo
424 1366 530 1405 actu
562 1361 776 1416 peccandi
808 1375 897 1404 non
929 1366 1079 1416 posset
1116 1361 1203 1404 dici
1227 1365 1448 1417 peccator,
1481 1362 1569 1405 nisi
1593 1362 1648 1405 ab
1670 1366 1777 1405 actu
1799 1361 1972 1416 aliquid

100 1435 432 1490 relinqueretur
463 1435 511 1478 in
544 1435 710 1478 anima.

253 1510 289 1552 b.
324 1509 444 1552 Idem
480 1509 633 1552 innuit
667 1509 826 1551 multis
859 1509 906 1551 in
940 1509 1050 1552 locis
1083 1523 1119 1551 s.
1153 1509 1417 1564 scriptura:
1467 1511 1531 1552 Et
1570 1511 1712 1559 scitis,
1757 1511 1861 1564 quia
1896 1510 1972 1551 ille

93 1584 329 1640 apparuit,
362 1586 411 1625 nt
440 1583 620 1625 tolleret
638 1586 829 1637 peccata
862 1585 1019 1625 nostra
1035 1583 1060 1636 ¹)
1076 1596 1096 1637 j
1145 1584 1221 1625 sed
1268 1597 1357 1626 11011
1389 1588 1518 1626 actus
1552 1585 1713 1638 malus,
1762 1583 1837 1637 qui
1880 1583 1971 1626 iam

99 1658 304 1713 transiit,
337 1671 493 1701 verum
526 1662 777 1712 peccatum,
810 1657 928 1711 quod
962 1658 1019 1700 ad
1062 1658 1245 1700 modum
1294 1657 1478 1701 habitus
1527 1658 1705 1702 animae
1752 1658 1973 1711 inhaeret,

103 1738 261 1788 postea
292 1732 487 1775 tollitur,
542 1733 581 1773 A
604 1734 790 1787 peccato
823 1744 919 1773 meo
951 1731 1118 1773 munda
1152 1731 1292 1785 me²)s:
1325 1745 1414 1775 11011
1447 1732 1502 1776 ab
1535 1737 1640 1775 actu
1674 1732 1846 1787 peccati
1878 1732 1970 1775 iam

100 1812 350 1861 transacto,
383 1807 460 1850 sed
493 1820 519 1848 a
552 1812 734 1860 peccato
769 1806 917 1848 adhuc
948 1805 996 1847 in
1029 1805 1182 1848 anima
1230 1806 1444 1850 haerente
1492 1807 1713 1862 propheta
1762 1806 1972 1849 mundari

105 1881 324 1936 postulat.
388 1881 453 1922 Et
482 1880 655 1922 dimitte
686 1880 813 1922 nobis·
845 1879 994 1922 debita
1034 1882 1269 1935 nostra³):
1311 1882 1455 1924 solum
1496 1886 1681 1936 peccata
1720 1880 1976 1924 habitualia

100 1969 161 1998 ex
194 1954 449 1998 actualibus
483 1958 716 1997 contracta
748 1954 896 1997 vocari
933 1959 1123 2009 possunt
1157 1955 1319 1998 debita.

171 2030 179 2037 “
255 2032 296 2075 2.
340 2028 577 2074 Essentia
622 2041 707 2072 seu
749 2026 975 2075 formalis
1020 2029 1150 2074 ratio
1194 2031 1389 2088 peccati
1429 2031 1704 2076 habitualis
1748 2030 1975 2076 consistit

100 2104 150 2145 ju
185 2104 410 2146 habituali
440 2103 676 2146 aversione
709 2116 734 2143 a
770 2103 884 2155 Deo)
919 2105 1015 2159 fine
1048 2104 1219 2155 ultimo,
1263 2118 1386 2162 quae
1431 2111 1542 2164 post
1584 2111 1743 2150 actum
1778 2104 1977 2163 peccati

107 2183 303 2222 manet:
339 2182 501 2221 manet
534 2176 661 2221 enim
687 2174 826 2220 homo
855 2190 884 2221 a
906 2175 1016 2221 Deo
1042 2190 1261 2231 aversus,
1297 2178 1449 2223 donec
1482 2193 1572 2237 per
1606 2180 1976 2225 conversionem

108 2251 171 2296 ad
202 2251 364 2297 Deum
398 2250 588 2296 redeat.
649 2248 749 2295 Sed
783 2250 933 2296 etiam
969 2250 1156 2297 offensa
1189 2257 1239 2297 et
1272 2252 1454 2298 iniuria
1484 2253 1594 2300 Deo
1627 2255 1774 2300 illata
1809 2259 1977 2300 manet

103 2325 291 2372 homini
324 2324 646 2383 imputabilis,
693 2324 846 2370 donec
879 2325 1088 2371 remissa
1121 2326 1209 2383 sit:
1245 2340 1396 2384 quare
1431 2332 1686 2385 peccatum
1722 2329 1977 2374 habituale

106 2405 245 2446 recte
282 2398 551 2445 consistere
579 2399 762 2444 dicitur
789 2400 833 2441 in
867 2402 1000 2442 reatu
1034 2401 1204 2456 culpae,
1238 2414 1328 2458 quo
1360 2401 1545 2447 homini
1576 2410 1687 2460 post
1719 2410 1977 2460 peccatum

106 2473 348 2519 incumbit
375 2473 651 2519 necessitas
674 2474 891 2519 habendi
914 2473 1076 2519 Deum
1102 2473 1335 2521 offensum
1362 2476 1560 2534 eiusque
1586 2476 1978 2533 indignationem

103 2546 317 2593 ferendi.
385 2547 513 2605 Quia
557 2549 606 2593 in
646 2548 737 2593 hoc
779 2548 949 2594 ordine
995 2550 1364 2605 supernaturali
1409 2551 1663 2597 conversio
1706 2551 1768 2597 ad
1800 2550 1979 2605 Deum,

103 2621 253 2666 finem
287 2622 526 2674 ultimum,
562 2622 788 2667 consistit
832 2623 878 2668 in
914 2623 1081 2680 gratia
1126 2623 1487 2681 sanctificante,
1532 2624 1738 2683 ideoque
1784 2624 1978 2670 aversio

107 2709 141 2740 a
165 2694 260 2741 fine
293 2696 465 2741 ultimo
499 2696 549 2741 in
582 2697 867 2742 voluntaria
899 2698 1181 2756 privatione
1215 2698 1413 2756 gratiae
1448 2698 1822 2754 sanctificantis,
1857 2711 1979 2755 quae

109 2769 398 2815 voluntaria
449 2770 668 2827 privatio
722 2785 872 2829 usque
927 2772 989 2817 ad
1046 2773 1414 2818 conversionem
1469 2779 1659 2829 manet,
1720 2779 1979 2831 peccatum

108 2843 367 2889 habituale
413 2843 564 2888 etiam
610 2844 879 2891 consistere
924 2846 1106 2892 dicitur
1149 2847 1192 2888 1”11
1228 2847 1483 2890 voluntaria
1506 2847 1768 2903 privatione
1796 2847 1987 2903 gratiae

107 2918 448 2974 saltctzficantis.

257 2992 299 3036 3.
333 2990 604 3038 Peccatum
637 2994 847 3039 mortale
881 2994 1072 3040 inducit
1108 2996 1331 3039 maculam
1366 2995 1415 3040 in
1450 2995 1692 3041 animam:
1747 2996 1891 3050 Usque
1934 2995 1978 3037 iu

97 3069 400 3122 praesentem
434 3066 551 3109 diem
584 3069 760 3111 macula
804 3069 941 3112 leuius
972 3070 1161 3113 sceleris
1194 3070 1239 3112 iu
1272 3070 1399 3113 nobis
1420 3069 1718 3126 permaneffi).
1782 3068 1982 3113 Macula

108 3154 139 3184 a
175 3145 380 3197 peccato
416 3141 617 3186 mortali
648 3142 699 3186 in
733 3142 897 3188 anima
930 3143 1113 3188 relicta
1147 3143 1198 3188 in
1237 3142 1494 3200 praesenti
1538 3143 1707 3188 ordine
1755 3141 1982 3187 consistit

267 3275 298 3327 ¹)
330 3275 368 3316 1.
403 3273 509 3317 Ioan
542 3273 582 3328 3,
616 3274 656 3317 Ξ).

265 3348 298 3402 ²)
330 3348 401 3393 Ps.
437 3347 510 3402 50,
542 3348 583 3390 4.

265 3420 293 3475 ³]
330 3422 497 3464 Matth.
532 3422 573 3476 6,
608 3423 677 3464 12.

262 3495 298 3549 4)
332 3495 419 3538 Ios.
454 3495 524 3550 22,
560 3496 628 3538 17.
664 3496 730 3539 Of.
764 3496 848 3542 Ier.
884 3496 925 3551 2,
958 3496 1040 3550 223
1075 3497 1237 3552 Ephes.
1273 3499 1313 3552 5,
1347 3498 1417 3540 27.
