2269 3898
271 155 356 197 112
997 151 1082 193 III.
1116 150 1184 193 De
1215 149 1407 205 legibus.

417 287 570 341 Neque
604 286 800 329 dicatur:
835 286 968 328 homo
999 285 1101 339 lege
1131 277 1325 327 naturae
1353 286 1538 326 tenetur
1558 282 1749 338 implere
1781 286 1938 326 votum
1963 286 2010 327 et
2030 282 2147 326 iura·

270 366 490 415 mentum,
526 366 571 403 et
603 360 903 403 nihilominus
936 359 1122 402 ecclesia
1156 358 1391 413 dispensat
1423 358 1471 400 in
1494 357 1616 401 votis
1649 362 1696 400 et
1727 357 2026 401 iuramentis:
2057 371 2148 400 non

269 436 388 479 enim
423 435 471 477 in
503 434 604 489 ipsa
647 434 749 488 lege
794 433 1044 488 dispensat,
1087 434 1165 476 sed
1209 432 1518 476 condicionem
1562 434 1730 487 aufert,
1779 446 1806 476 a
1839 446 1928 487 qua
1959 431 2009 474 in
2041 445 2148 474 casu

268 509 536 566 particulari
581 508 830 552 existentia
873 508 1170 563 obligationis
1213 508 1452 563 dependet,
1500 507 1549 550 id
1582 508 1701 562 quod
1733 507 1857 550 infra
1889 505 2148 550 accuratius

270 583 587 627 declarabitur.

888 819 1182 878 Articulus
1225 819 1524 879 secundm.

697 959 788 998 De
837 959 996 1008 lege
1043 958 1385 1008 positiva
1433 957 1716 998 divina.

417 1120 510 1174 96.
554 1120 757 1174 Notio.
833 1121 945 1171 Leoe
980 1121 1216 1189 positiva
1258 1120 1445 1171 divina
1487 1128 1568 1171 est
1608 1119 1698 1170 lex
1739 1118 1913 1170 libere
1956 1139 1987 1170 a
2028 1120 2149 1172 Deo

266 1209 377 1262 lata
432 1218 484 1260 et
537 1210 858 1260 immediato
901 1209 1086 1279 aliquo
1130 1217 1258 1260 actu
1301 1208 1668 1278 promulgata.
1750 1208 1900 1260 Hinc
1939 1207 2032 1260 lex
2075 1210 2149 1261 di-

267 1301 399 1351 vina
439 1301 679 1369 positiva
719 1298 895 1351 solum
933 1318 1031 1369 per
1057 1297 1455 1350 revelationem
1487 1306 1738 1350 constare
1769 1296 1928 1349 nobis
1956 1306 2150 1368 potest.

268 1391 568 1459 Supposita
626 1389 996 1441 destinatione
1045 1389 1288 1440 hominis
1328 1389 1398 1440 ad
1441 1388 1607 1440 finem
1652 1388 2148 1458 supernaturalem,

268 1480 422 1531 Deus
451 1480 975 1530 convenientissime
1006 1478 1256 1530 condidit
1291 1478 1469 1546 legem
1499 1480 1815 1548 positivam,
1848 1496 1956 1548 qua
1986 1479 2150 1530 homo

267 1569 338 1621 ad
382 1569 547 1619 finem
591 1568 1067 1638 supernaturalem
1110 1568 1474 1620 beatitudinis
1511 1576 1768 1620 aeternae
1799 1567 2147 1636 dirigeretur.

266 1659 386 1710 Lex
432 1658 625 1710 divina
666 1661 906 1727 positiva
949 1658 1155 1728 duplex
1199 1659 1590 1727 distinguitur:
1644 1658 1736 1710 lex
1779 1659 2002 1727 antiqua
2055 1677 2151 1723 seu

268 1750 511 1800 mosaica
572 1756 624 1798 et
680 1767 818 1800 nova
867 1767 960 1800 seu
1004 1748 1343 1817 evangelica.
1425 1748 1836 1800 Praetermissis
1878 1748 1962 1814 iis,
2008 1766 2151 1818 quae

269 1838 336 1889 de
379 1837 500 1906 lege
539 1846 722 1889 vetere
759 1839 1069 1905 traduntur,
1115 1838 1182 1890 de
1209 1837 1328 1907 lege
1358 1856 1505 1890 nova
1535 1857 1631 1890 seu
1660 1838 1962 1907 evanqclica
1990 1855 2150 1907 quae·
2232 1833 2255 1849 ⁵

268 1928 395 1979 dam
439 1935 712 1982 notentur.

418 2092 510 2146 97.
554 2092 638 2146 De
682 2093 1076 2160 abrogatione
1117 2093 1271 2160 legis
1313 2093 1616 2159 antiquae.
1670 2093 1717 2145 1.
1758 2092 1881 2144 Lex
1922 2094 2152 2162 antiqua

269 2182 526 2248 mosaica,
571 2201 711 2252 quae
755 2201 852 2252 per
895 2202 949 2234 se
991 2182 1132 2235 solos
1175 2182 1462 2252 obligabat
1496 2183 1740 2250 iudaeos,
1773 2182 2039 2251 abrogata
2071 2190 2152 2234 est

269 2273 325 2323 in
370 2280 543 2323 morte
588 2273 793 2325 Christi
836 2273 924 2324 vel
966 2281 1112 2324 certe
1155 2273 1243 2325 die
1287 2281 1646 2343 pentecostes,

418 2390 457 2420 a.
492 2376 660 2431 Legem
690 2376 933 2420 mosaicam
967 2390 1154 2432 eamque
1186 2381 1334 2420 totam
1369 2377 1517 2432 quoad
1551 2379 1794 2431 praecepta
1818 2375 2151 2435 ceremoniajja,

264 2450 502 2493 judicialia
550 2454 594 2493 et
639 2451 829 2494 moralia
878 2452 1143 2507 abroffatam
1193 2465 1288 2508 esse
1336 2451 1619 2495 sollemniter
1668 2451 1870 2494 declarat
1908 2450 2150 2493 concilium

266 2525 566 2580 apostolicum
579 2525 619 2581 ¹).
685 2525 829 2579 Quam
865 2527 1217 2570 declarationem
1251 2525 1448 2581 apostoli
1488 2539 1588 2569 cum
1622 2525 1921 2569 Antiochenis
1954 2534 2155 2568 commu⁴

264 2600 423 2645 nicant
463 2600 534 2644 his
577 2600 749 2644 verbis:
798 2601 947 2644 Visam
991 2603 1060 2644 est
1103 2600 1299 2656 Spiritui
1338 2603 1494 2644 sancto
1528 2603 1573 2643 et
1602 2600 1730 2643 nobis
1767 2599 1884 2642 nilzil
1914 2600 2037 2642 ultra
2072 2599 2150 2641 im-

255 2688 432 2730 ponere
465 2676 585 2719 cobis
617 2676 772 2719 oneris
803 2677 874 2730 (ex
904 2676 1007 2730 lege
1040 2675 1213 2720 scilicet
1245 2674 1520 2730 mosaica)‘³).

419 2765 454 2807 b.
490 2765 674 2808 Certum
708 2768 778 2808 est
809 2765 957 2820 legem
991 2764 1235 2808 mosaicam
1267 2778 1357 2808 non
1381 2777 1578 2808 cessasse
1603 2768 1712 2808 ante
1736 2768 1930 2808 mortem
1954 2762 2149 2814 Christi;

268 2839 346 2881 sed
379 2842 534 2881 utrum
570 2839 791 2894 abrogata
824 2839 885 2882 sit
917 2844 1122 2895 tempore
1160 2839 1322 2883 mortis
1365 2839 1552 2895 Christi,
1596 2843 1649 2883 ut
1683 2840 1846 2883 volunt
1884 2838 2151 2893 thomistae,

268 2927 325 2956 an
360 2913 432 2956 die
465 2918 762 2969 pentecostes,
796 2915 975 2969 quando
1001 2916 1127 2958 facta
1150 2919 1219 2959 est
1242 2914 1475 2958 sollemnis
1497 2928 1643 2959 novae
1670 2914 1787 2970 legis
1821 2913 2151 2969 promulgatio,

267 2992 322 3030 ut
355 2988 516 3031 docent
549 2989 776 3044 scotistae,
811 2993 931 3033 certo
964 2990 1190 3034 affirmari
1222 2990 1396 3045 nequit.
1440 2991 1510 3033 Ex
1531 2990 1752 3046 Apostolo
1786 2992 1967 3033 constat
1999 2990 2148 3045 legem

267 3065 466 3106 veterem
500 3067 608 3106 ante
641 3063 811 3106 Christi
846 3068 1037 3108 mortem
1071 3078 1161 3108 non
1194 3078 1411 3117 cessasse;
1463 3078 1517 3109 ex
1550 3065 1705 3109 eodem
1739 3064 1959 3120 Apostolo
1993 3064 2150 3107 confir-

269 3136 382 3180 mari
415 3136 601 3180 videtur
633 3138 875 3193 sententia,
910 3152 1023 3193 quae
1055 3143 1184 3183 tenet
1214 3140 1262 3183 in
1294 3139 1396 3195 ipsa
1418 3143 1564 3184 morte
1586 3139 1758 3183 Christi
1783 3139 1969 3182 Domini
1999 3139 2153 3194 legem

266 3215 464 3255 veterem
502 3211 771 3266 abrogatam
803 3211 952 3268 esse3).

425 3374 450 3431 ¹)
485 3375 552 3418 Cf.
585 3376 687 3418 Act.
722 3375 791 3430 15,
825 3377 849 3417 1
883 3389 939 3419 ss.

422 3447 455 3503 2)
484 3450 585 3493 Act.
621 3450 692 3505 15,
724 3450 796 3493 28.

420 3521 453 3577 3)
484 3523 619 3566 Hebr.
655 3524 696 3579 9,
732 3524 801 3567 16.
837 3523 904 3566 17.
971 3524 1038 3568 Cf.
1074 3525 1222 3569 Pesclz
1255 3525 1305 3568 V.
1339 3540 1383 3569 11.
1418 3526 1504 3571 517
1538 3540 1572 3570 s.
