2269 3898
862 111 1004 154 Index
1035 124 1198 154 rerum.
1873 113 1957 155 221

215 241 293 291 51;
338 242 396 284 ad
444 241 552 296 quid
595 242 799 297 obligent
843 243 1071 297 sponsalia
1116 243 1196 286 sub
1238 244 1495 286 condicione
1552 244 1670 287 inita
1718 244 1800 295 52;
1861 258 1960 298 quo-

217 315 346 357 modo
410 315 523 358 solvi
586 316 761 369 possint
825 317 904 367 53;
977 317 1154 370 quando
1203 317 1300 371 ipso
1353 318 1449 360 iure
1497 319 1734 361 solvantur
1781 318 1837 360 54
1887 332 1959 362 ss:

217 389 394 442 quando
443 389 636 432 rescindi
676 391 853 444 possint
901 391 957 433 59
991 404 1070 441 ss,;
1120 405 1228 434 num
1273 406 1306 434 s.
1346 392 1554 446 pontifex
1596 392 1643 433 in
1684 392 1741 434 iis
1791 392 1962 445 dispen-

216 475 313 505 sare
369 463 513 517 possit
567 463 646 513 57;
708 478 818 518 quos
862 465 1064 507 defectus
1109 465 1260 519 sponsi
1307 465 1601 509 manifestare
1645 466 1836 509 debeant
1881 465 1961 515 53:

216 549 324 578 num
359 536 473 579 solvi
506 537 681 591 possint
721 538 903 592 propria
935 538 1211 581 auctoritate
1245 540 1322 583 61:
1372 539 1429 581 ad
1479 540 1587 593 qnid
1622 544 1845 593 teneatur,
1887 539 1963 592 qui

217 623 268 652 ea
300 609 470 652 iniuste
503 610 639 653 solvit
674 611 745 654 62.

99 682 357 728 Sterilitas:
390 683 498 737 quid
532 683 607 738 sit,
641 698 726 738 quo
760 685 945 728 differat
978 684 1033 728 ab
1064 685 1338 739 impotentia
1371 686 1439 729 ss).

991 877 1074 916 T.

100 963 225 1006 Taxa
259 963 598 1018 (componenda)
630 977 720 1018 pro
754 964 1089 1019 dispensatione
1120 964 1474 1006 matrimoniali:
1519 964 1627 1018 quid
1661 963 1891 1007 contineat
1924 969 1969 1006 et

220 1038 398 1091 quando
432 1038 647 1081 solvenda
680 1038 741 1081 sit
776 1038 873 1080 14⁶2.

100 1126 253 1170 Testis
285 1126 590 1168 matrimonii:
631 1126 730 1180 quis
764 1139 858 1169 esse
891 1126 1035 1181 possit
1078 1135 1123 1168 et
1157 1126 1375 1180 quomodo
1417 1126 1628 1169 assistere
1670 1125 1826 1169 debeat
1862 1126 1968 1176 15&

216 1213 325 1242 num
358 1199 485 1243 licite
517 1200 707 1244 assistat
739 1200 787 1243 in
821 1200 1113 1243 matrimonio
1148 1199 1270 1243 civili
1308 1201 1407 1243 186.

992 1393 1077 1433 V.

101 1482 228 1538 Vaqi:
262 1481 507 1526 actualiter
539 1486 585 1526 et
608 1481 909 1525 habitualiter
931 1481 1040 1524 154:
1077 1494 1227 1524 eorum
1252 1482 1473 1536 parochus
1496 1481 1704 1536 proprius
1733 1482 1841 1530 154;
1878 1480 1973 1523 sine

222 1556 409 1600 licentia
441 1556 638 1611 episcopi
673 1569 824 1599 eornm
860 1556 1152 1599 matrimonio
1187 1556 1399 1599 assistere
1431 1556 1590 1610 nequit
1629 1557 1723 1599 1:30.

850 2134 1228 2217 Corrigenda.

108 2255 221 2310 Pag.
257 2255 314 2297 49
348 2255 376 2297 1.
412 2255 438 2297 9
502 2254 587 2297 536
620 2254 721 2308 lege
752 2254 823 2295 44.

104 2329 215 2384 Pag.
250 2329 331 2371 171
368 2329 398 2371 1.
431 2329 458 2371 4
490 2330 575 2382 n.¹)
612 2328 826 2383 Greym’ii
858 2327 985 2370 XIV.
1017 2328 1117 2382 lege
1154 2328 1369 2383 (ἰνεῃονίί
1402 2327 1528 2370 XVI.

262 2448 296 2501 ¹)
328 2462 372 2491 n.
406 2447 573 2491 lineam
607 2452 819 2490 notarum
856 2446 1082 2501 designat.

848 2802 1211 2843 iffi—&554-
