2269 3898
714 178 780 220 De
812 177 1044 232 gravitate
1074 182 1372 232 peccatorum.
1898 179 1985 221 313

277 308 381 368 Qui
418 329 495 360 mc
536 309 764 360 tradidit
806 311 915 375 tibi,
957 312 1127 361 maius
1158 320 1432 380 peccatum
1474 306 1690 377 lzabeffl).
1782 313 1987 362 Verum-

119 408 292 450 tamen
337 399 386 449 T
379 417 474 468 yro
518 408 566 449 ct
606 397 797 449 Sidoni
848 401 1113 450 remissius
1170 401 1268 450 erit
1323 402 1379 450 in
1435 401 1520 450 die
1574 401 1777 466 iudicii,
1834 420 1987 469 quam

118 487 326 553 vol-22:32).
421 487 616 550 OmniS,
670 488 760 555 qui
797 489 1052 538 irascitur
1078 487 1259 557 fratri
1299 507 1405 553 suo,
1463 508 1581 539 reus
1631 492 1731 540 erit
1770 491 1982 554 iudicio,

118 578 210 646 qui
237 585 405 626 autem
435 576 634 626 elimarit
649 575 828 644 fratri
854 595 945 626 suo
974 596 1119 641 raca,
1162 596 1281 627 rcus
1310 579 1409 628 crit
1437 577 1673 643 concilio,
1701 580 1789 647 qui
1817 588 1987 629 autem

119 666 318 716 dixerit
343 665 520 734 fatue,
578 683 697 715 rcus
740 666 840 715 erit
877 666 1135 734 yckcnnae
1175 666 1380 734 i9nis3‘).
1460 667 1748 734 Disputari
1789 676 1982 735 potest.

115 753 248 823 quid
280 753 555 804 Dominus
586 755 808 804 nomine
837 754 1042 819 iudicii,
1088 754 1314 819 concilii,
1356 755 1615 824 gehennae
1657 757 1795 823 iynis
1823 758 1982 823 signi-

113 843 280 893 ficare
321 841 574 910 voluerit,
633 841 768 893 illud
810 852 991 892 tamen
1035 851 1244 893 certum
1286 855 1384 907 est,
1448 844 1680 894 diversis
1720 844 1984 912 gradibus

113 949 342 1000 poenae,
372 932 465 999 qui
492 930 599 982 illis
629 931 812 982 verbis
842 931 1240 1000 significantur,
1271 932 1518 983 diversos
1545 932 1749 1001 gradus
1792 933 1983 1001 culpae

114 1020 462 1089 respondere.
540 1019 775 1090 Insuper
816 1039 936 1071 cum
983 1023 1214 1072 virtutes
1255 1022 1364 1071 sint
1405 1021 1656 1072 diversae
1699 1021 1984 1089 dignitatis

110 1118 169 1160 et
195 1109 564 1177 perfectioniS,
610 1109 861 1160 diversae
887 1111 1177 1178 gravitatis
1207 1118 1334 1160 sunt
1363 1112 1527 1161 etiam
1557 1118 1799 1178 peccata,
1844 1129 1983 1180 quae

110 1200 190 1249 eis
233 1206 599 1267 opponuntur.

264 1299 304 1328 α.
329 1286 500 1341 Agitur
521 1285 594 1329 hic
619 1287 671 1330 de
693 1286 928 1341 gravitate
951 1290 1235 1340 peccatorum
1260 1286 1498 1333 obiectiva.
1544 1288 1582 1330 A
1606 1288 1838 1342 gravitate
1862 1289 1981 1331 enim

116 1360 290 1415 peccati
324 1361 535 1403 obiectis-a
571 1361 794 1415 distingui
833 1360 964 1403 debet
998 1360 1205 1415 gravitas
1237 1361 1409 1415 peccati
1444 1361 1697 1404 snhz'eetica.
1761 1364 1831 1405 Ad
1870 1364 1985 1406 hanc

114 1448 275 1489 nempe
320 1434 599 1489 gravitatem
646 1435 985 1478 diiudicandam
1034 1449 1124 1477 non
1173 1435 1317 1478 solum
1367 1436 1591 1478 elementa
1640 1435 1863 1478 obiectiva
1907 1438 1982 1480 sed

114 1511 251 1555 etiam
287 1510 537 1553 subiectiva
572 1509 845 1552 considerari
881 1509 1059 1563 debent,
1094 1509 1245 1563 qualia
1280 1514 1387 1552 sunt
1410 1509 1687 1564 ignorantia,
1720 1510 1983 1565 infirmitas,

115 1591 278 1640 metim,
312 1588 568 1628 contemtus
601 1586 701 1636 etc„
735 1596 848 1637 quae
890 1583 939 1625 in
973 1583 1275 1626 determinato
1317 1582 1516 1626 subiecto
1550 1584 1776 1626 malitiam
1811 1586 1982 1639 peccati

111 1671 277 1712 augere
309 1657 381 1700 vel
414 1656 616 1699 minuere
648 1660 854 1711 possunt.
916 1656 1015 1699 Non
1047 1670 1147 1699 raro
1180 1656 1363 1711 accidit,
1403 1661 1456 1700 ut
1490 1657 1742 1701 subiectiva
1775 1659 1982 1713 gravitas

108 1733 282 1787 peccati
314 1732 448 1786 longe
483 1731 626 1774 distet
658 1730 713 1773 ab
747 1730 842 1773 eius
876 1730 1110 1785 gravitate
1143 1730 1382 1776 obiectiva.

261 1807 298 1848 b.
328 1805 491 1849 Omnia
523 1808 709 1859 peccata
741 1804 902 1859 gravia
935 1805 1142 1858 aequalia
1175 1818 1269 1848 esse
1302 1805 1637 1848 contendebant
1670 1805 1812 1849 Stoici
1841 1806 1983 1860 philo·

119 1881 247 1935 sophi
281 1884 325 1922 et
360 1893 469 1922 aevo
510 1878 757 1921 christiano
791 1878 1054 1921 Iovinianus
1087 1880 1347 1933 monachus,
1388 1892 1518 1933 quem
1551 1880 1723 1922 refellit
1754 1894 1789 1922 s,
1815 1880 1981 1923 Hiero-

112 1969 288 2012 nymus.
350 1955 518 1997 Eorum
551 1958 874 2008 argumentum
909 1953 990 1995 hoc
1023 1958 1114 1996 est:
1160 1954 1366 1996 formalis
1408 1954 1526 1996 ratio
1567 1954 1740 2008 peccati
1774 1955 1981 1998 mortalis

106 2030 157 2073 in
188 2028 422 2073 aversione
455 2043 481 2071 a
513 2029 604 2070 fine
635 2027 800 2070 ultimo
835 2028 1069 2081 consistit;
1114 2029 1191 2071 sed
1231 2027 1392 2082 nequit
1425 2041 1520 2070 esse
1553 2027 1697 2070 maior
1728 2030 1801 2071 vel
1835 2029 1983 2072 minor

109 2103 286 2148 aversio
319 2117 345 2145 a
378 2103 468 2145 fine
500 2102 681 2156 ultimo,
715 2115 814 2144 cum
849 2101 1024 2144 aversio
1064 2101 1112 2144 in
1152 2101 1428 2144 indivisibili
1469 2102 1703 2145 consistat.
1748 2129 1801 2132 —
1845 2102 1981 2146 Patet

107 2182 262 2221 autem
295 2177 574 2220 aversionem
613 2190 639 2219 a
671 2177 762 2219 fine
794 2176 959 2218 ultimo
1002 2190 1092 2219 non
1126 2189 1255 2231 posse
1288 2189 1382 2219 esse
1416 2176 1633 2219 maiorem
1667 2180 1712 2220 et
1746 2177 1980 2232 minorem,

111 2257 334 2307 quatenus
367 2255 436 2294 est
464 2251 653 2305 negatio
677 2250 1004 2301 conversionis;
1040 2250 1255 2293 maiorem
1278 2264 1382 2293 vero
1407 2254 1453 2294 et
1476 2250 1695 2293 minorem
1720 2264 1813 2294 esse
1836 2264 1979 2306 posse,

107 2332 334 2382 quatenus
367 2325 601 2380 significat
634 2324 882 2379 positivam
917 2323 1248 2379 oppositionem
1283 2325 1341 2367 ad
1374 2325 1512 2368 finem
1541 2325 1757 2368 ultimum
1783 2338 1860 2368 seu
1883 2339 1979 2369 con-

107 2401 357 2444 versionem
404 2400 462 2442 ad
511 2403 754 2443 creaturas.
819 2398 889 2441 Sic
932 2398 1015 2441 fini
1059 2399 1224 2441 ultimo
1267 2399 1416 2453 magis
1457 2402 1748 2454 opponuntur
1780 2403 1980 2453 peccata,

108 2489 224 2530 quae
271 2475 577 2518 comittuntur
623 2473 671 2515 in
719 2473 887 2527 Deum,
937 2486 1071 2526 quam
1120 2477 1319 2527 peccata,
1369 2486 1482 2527 quae
1530 2473 1885 2516 committuntur
1932 2473 1979 2516 in

107 2550 348 2593 hominem.

257 2624 307 2677 2.
351 2623 442 2674 Ad
483 2622 752 2673 iudicium
793 2621 1082 2672 ferendum
1137 2621 1199 2671 de
1242 2622 1450 2672 diversa
1490 2623 1748 2691 yravitate
1791 2641 1979 2690 pecca·

107 2721 288 2764 torum
328 2713 388 2765 P.
427 2710 710 2762 'Lehmkuhl
749 2713 820 2777 (n.
866 2711 1049 2777 1224.)
1091 2719 1379 2779 sequentes
1419 2710 1634 2778 regulas
1676 2712 1894 2762 statuit:

262 2819 309 2852 α.
352 2801 649 2851 Peccatum
692 2817 752 2851 eo
782 2801 1006 2867 gravius
1043 2808 1137 2865 est,
1182 2817 1287 2868 quo
1331 2799 1568 2851 nobilior
1609 2807 1661 2850 et
1702 2799 1864 2851 altior
1905 2810 1981 2851 est

107 2891 288 2955 virtus,
332 2890 417 2940 cui
462 2888 599 2939 illud
641 2890 963 2958 opponitur3
1007 2890 1151 2940 intra
1192 2880 1462 2940 ambitum
1505 2898 1689 2940 autem
1731 2880 1978 2940 eiusdem

108 2980 328 3029 virtutis
367 2980 624 3046 graviora
654 2986 780 3028 sunt
809 2980 1003 3028 ceteris
1034 2977 1259 3046 paribus
1303 2986 1530 3046 peccata
1573 2986 1761 3029 contra
1801 2978 1977 3046 legem

107 3066 509 3136 prohibentem,
554 3084 720 3135 quam
763 3078 951 3117 contra
991 3066 1169 3134 legem
1210 3068 1662 3135 praecipientem.

257 3156 300 3209 b.
341 3156 421 3207 Eo
463 3155 690 3222 gravius
732 3163 811 3205 est
850 3164 1157 3223 peccatum,
1201 3173 1307 3223 quo
1348 3156 1578 3207 nobilior
1619 3166 1694 3208 est
1725 3175 1977 3226 persona,

108 3251 297 3295 contra
327 3261 491 3312 quam
521 3251 809 3311 peccatum
837 3243 1109 3311 dirigitur.
1189 3244 1281 3296 Sic
1321 3263 1419 3313 per
1459 3263 1514 3296 se
1556 3246 1812 3312 graviora
1854 3254 1981 3295 sunt

261 3376 296 3432 l)
329 3344 463 3419 Ioani
489 3377 560 3429 19,
594 3378 662 3421 11.

260 3449 291 3501 Ξ)
322 3451 487 3493 Matth.
525 3451 594 3504 11,
628 3449 697 3492 22.

261 3522 293 3578 r)
328 3524 493 3566 Matth.
528 3524 570 3578 5,
602 3524 671 3566 ⁶22.
