2269 3898
693 120 759 163 De
793 120 1086 164 distinctione
1119 126 1418 176 peccatorum.
1898 125 1983 167 303

269 253 340 296 Sic
372 266 450 308 per
480 254 656 295 furtum
689 266 829 295 unum
864 258 1097 307 peccatum
1132 254 1451 309 committitur,
1495 254 1581 298 etsi
1624 255 1724 309 lege
1766 255 1983 309 naturali,

121 326 279 369 divina
312 332 356 369 et
388 327 587 369 humana
618 325 924 380 prohibeatur,
958 327 1063 380 quia
1096 327 1180 370 hae
1211 328 1333 382 leges
1367 342 1421 371 ex
1453 329 1607 371 eodem
1640 328 1812 371 motivo
1855 328 1984 371 iusti·

123 400 216 443 tiae
246 401 368 443 latae
400 403 534 452 sunt-3
569 399 714 453 specie
747 406 792 442 et
825 413 1010 442 numero
1042 413 1182 443 unum
1216 406 1450 455 peccatum
1475 402 1728 445 committit
1749 401 1985 457 presbyter

122 473 429 528 beneficiatus,
472 473 547 527 qui
581 472 781 515 officium
829 487 919 516 non
966 474 1144 527 recitat,
1191 474 1302 516 item
1353 475 1555 518 sacerdos
1603 475 1859 531 religiosus,
1907 476 1983 530 qui

117 552 276 591 cont-ra
307 547 568 590 cast-itatem
601 552 771 600 peccat,
804 547 909 600 quia
942 547 1162 602 obligatio
1195 547 1251 590 ab
1283 549 1436 591 eodem
1469 549 1730 603 legislatore
1753 563 1807 593 ex
1830 551 1983 593 eodem

122 620 292 664 motivo
323 620 596 675 iniungitur.

773 855 1065 912 Articulus
1105 855 1329 912 tertius„

671 978 750 1016 De
784 977 1126 1017 distinctione
1148 967 1433 1017 numerica.

127 1102 153 1126 5.

90 1147 110 1165 ⁴
265 1123 394 1177 277.
459 1121 660 1177 Status
720 1125 1108 1189 quaestionis.
1203 1123 1369 1175 Plura
1448 1133 1674 1193 peccata
1730 1127 1984 1194 specifice

122 1213 384 1263 distincta
425 1230 468 1265 e.
511 1231 560 1281 g.
591 1211 993 1281 blasphemiam
1036 1221 1088 1263 et
1115 1214 1319 1264 furtum
1360 1215 1525 1264 etiam
1552 1232 1783 1266 numero
1827 1213 1983 1282 plura

115 1319 250 1366 esse,
292 1301 643 1353 manifestum
674 1310 776 1360 est;
822 1310 874 1352 et
915 1303 959 1352 si
1002 1321 1142 1353 unus
1172 1311 1326 1353 actus
1353 1305 1772 1371 peccaminosus
1799 1303 1982 1372 plures

117 1391 348 1441 virtutes
391 1390 636 1441 diversas
676 1390 860 1456 laedit,
904 1409 966 1441 eo
997 1392 1112 1459 ipso
1157 1393 1321 1442 etiam
1363 1391 1545 1460 plures
1587 1391 1826 1442 malitias
1855 1410 1982 1443 con-

113 1480 268 1545 tinet,
324 1497 462 1548 quae
514 1481 757 1547 peccatis
798 1497 1026 1530 numero
1082 1479 1334 1548 pluribus
1388 1480 1756 1549 aequivalent.
1840 1480 1984 1532 Sane

118 1568 213 1636 qui
253 1568 465 1618 furatur
503 1585 617 1617 rem
661 1586 889 1631 sacram,
939 1567 1046 1618 duo
1088 1576 1318 1636 peccata
1361 1571 1541 1637 specie
1584 1577 1636 1619 et
1676 1567 1984 1619 virtualiter

114 1657 280 1708 etiam
321 1674 549 1707 numero
594 1657 852 1708 distincta
894 1659 1203 1725 committit,
1258 1677 1428 1709 unum
1489 1668 1677 1709 contra
1718 1660 1983 1710 iustitiam

113 1751 168 1795 et
205 1744 437 1795 alterum
480 1753 670 1796 contra
695 1745 1035 1814 religionem.
1081 1745 1343 1811 Quaestio
1371 1755 1554 1798 autem
1597 1747 1662 1798 de
1699 1749 1983 1799 numerica

116 1841 465 1903 peccatorum
510 1834 866 1886 distinctione
908 1838 964 1886 in
1007 1854 1068 1886 eo
1111 1845 1206 1901 est,
1251 1855 1383 1887 num
1427 1845 1479 1887 et
1520 1836 1739 1905 quando
1758 1846 1983 1907 peccata

115 1922 345 1973 eiusdem
384 1923 578 1991 speciei
617 1941 661 1976 e.
702 1942 752 1991 g.
782 1923 940 1992 plura
969 1924 1127 1989 furta,
1173 1923 1329 1993 plura
1358 1924 1631 1976 desideria
1671 1925 1984 1977 fornicandi

112 2011 391 2063 secundum
430 2031 699 2062 numerum
740 2013 1150 2081 clistinyua‘ntur.

269 2115 414 2179 Quia
454 2125 808 2184 peccatorum
852 2119 1136 2168 numerica
1178 2117 1457 2168 distinctio
1501 2135 1571 2168 ex
1601 2118 1808 2187 duplici
1833 2119 1982 2169 fonte

124 2205 451 2256 desumitur:
515 2226 563 2257 a.
627 2225 690 2256 eac
741 2205 1066 2276 pluralitate
1130 2215 1365 2270 actuum3
1439 2207 1482 2260 b.
1547 2227 1610 2259 coe
1663 2206 1984 2277 pluralitate

112 2293 428 2346 obiectorum
468 2294 714 2346 eiusdem
756 2304 926 2358 actus,
983 2298 1227 2364 quaestio
1279 2295 1603 2347 difficultate
1657 2305 1881 2359 careret,
1939 2297 1983 2346 si

112 2391 270 2435 actus
310 2383 540 2451 physice
583 2384 826 2435 distincti
853 2393 930 2436 tot
956 2394 1183 2454 peccata
1211 2394 1405 2451 essent,
1450 2393 1582 2454 quot
1622 2394 1984 2436 numerantur

113 2481 283 2538 actus,
327 2485 379 2523 et
420 2475 463 2523 si
505 2481 675 2538 actus,
722 2475 815 2541 qui
858 2475 1005 2524 circa
1034 2473 1190 2542 plura
1220 2493 1445 2525 numero
1474 2475 1689 2526 obiecta
1716 2482 1980 2538 versatur,

113 2569 192 2612 tot
245 2569 473 2629 peccata
529 2562 849 2627 contineret,
909 2571 1040 2631 quot
1095 2571 1458 2614 numerantur
1514 2563 1760 2614 eiusdem
1829 2571 1982 2613 actus

114 2648 361 2714 obiecta3
443 2657 499 2701 at
556 2668 686 2701 vero
746 2650 865 2701 fieri
926 2660 1119 2720 potest,
1181 2659 1242 2703 ut
1297 2660 1451 2704 actus
1510 2652 1739 2721 physice
1799 2651 1983 2721 plures

120 2737 448 2807 quandoque
490 2757 661 2790 unum
704 2759 930 2792 numero
981 2749 1271 2809 peccatum
1327 2744 1678 2806 constituant,
1741 2743 1870 2792 item
1925 2750 1984 2792 ut

115 2845 256 2877 unus
296 2835 452 2878 actus
491 2826 649 2895 plura
691 2828 902 2880 habens
943 2830 1174 2896 obiecta,
1218 2832 1438 2882 nonnisi
1480 2850 1652 2882 unum
1692 2839 1981 2899 peccatum

114 2917 406 2968 contineat.
491 2915 673 2981 Quare
740 2917 1037 2970 dicendum
1114 2929 1220 2971 est:
1303 2941 1349 2973 a.
1419 2928 1497 2971 tot
1574 2938 1690 2971 esse
1756 2929 1982 2988 peccata

121 3022 348 3055 numero
407 3004 680 3073 distincta,
738 2999 869 3075 quot
921 3017 1048 3059 sunt
1101 3009 1347 3060 eiusdem
1402 3008 1604 3060 obiecti
1657 3017 1812 3060 actus
1868 3028 1979 3060 mo-

120 3092 305 3144 raliter
345 3093 621 3159 distincti3
666 3095 708 3148 ὂ.
749 3104 827 3146 tot
867 3115 982 3147 esse
1017 3106 1245 3166 peccata
1275 3116 1500 3149 numero
1532 3097 1807 3164 distincta,
1852 3106 1982 3167 quot

118 3170 244 3232 sunt
284 3182 530 3234 eiusdem
572 3190 726 3234 actus
768 3184 982 3236 obiecta
1013 3186 1289 3237 moraliter
1332 3186 1607 3240 distincta.
1685 3187 1845 3238 Prius
1886 3189 1979 3238 ita-

120 3288 226 3339 que
268 3270 661 3322 declarandum
719 3281 812 3339 est,
873 3283 1004 3343 quot
1059 3276 1238 3327 modis
1293 3276 1410 3326 fieri
1464 3278 1651 3345 possit,
1710 3286 1768 3327 ut
1823 3284 1979 3328 actus

117 3358 346 3427 physice
388 3360 632 3411 distincti
674 3362 865 3413 morali
909 3364 1111 3414 unione
1154 3366 1559 3433 coniungantur
1611 3373 1662 3415 et
1703 3364 1983 3417 moraliter

117 3453 400 3515 tamquam
463 3467 604 3499 unus
663 3450 817 3502 actus
879 3452 1215 3504 considerari
1279 3453 1530 3519 debeant,
1594 3462 1645 3504 et
1706 3453 1978 3522 quomodo
