2269 3898
730 200 796 241 De
828 199 1004 242 actibus
1037 198 1296 242 moralibus.
1886 201 1939 242 71

79 334 320 396 (remisse
346 332 644 397 attendere7
689 334 1118 400 praecipitanter
1155 351 1331 400 agere,
1375 334 1558 402 tepide
1587 352 1756 400 orare,
1798 334 1941 385 fasti·

82 422 233 473 diose
274 421 679 488 eleemosynam
723 420 876 486 dare)
927 439 1036 471 non
1092 422 1269 472 aufert
1323 431 1487 473 totam
1540 430 1694 474 actus
1734 423 1943 474 bonita-

79 518 207 561 tem.
268 511 427 561 Ratio
464 510 631 578 primi
671 517 764 573 est,
808 511 937 578 quia
977 516 1148 575 actus,
1193 512 1286 579 qui
1329 511 1487 579 plene
1529 531 1558 562 a
1601 512 1709 563 fine
1750 511 1941 562 ultimo

80 600 294 665 avertit7
338 617 445 649 non
489 606 666 666 potest
707 598 776 649 ad
819 598 984 649 finem
1028 598 1351 651 conducere.
1413 600 1572 651 Ratio
1604 601 1817 652 secundi
1846 608 1942 666 est7

77 688 205 756 quia
258 687 527 738 eiusmodi
579 694 733 737 actus
787 705 895 737 non
949 689 1148 738 avertit
1208 708 1238 738 a
1291 689 1397 739 fine
1450 689 1658 756 ultimo7
1716 698 1767 740 et
1819 689 1940 740 ideo

75 775 360 826 tendentia
413 775 713 826 voluntatis
766 777 821 826 in
877 776 1083 827 malum
1137 794 1246 827 non
1302 777 1532 828 destruit
1575 787 1743 829 totam
1785 788 1940 828 actus

76 864 406 931 bonitatemg
466 872 518 915 et
558 883 704 928 sane,
763 866 868 916 nisi
911 867 986 916 ita
1027 874 1182 932 esset,
1240 868 1400 934 pauci
1451 866 1748 918 admodum
1790 874 1942 917 actus

77 954 206 1004 boni
248 955 410 1004 etiam
453 955 511 1003 in
552 954 685 1003 viris
727 955 931 1004 sanctis
971 956 1356 1023 reperirentur.

224 1072 335 1114 Cum
369 1056 729 1114 circumstantiis
761 1072 1008 1126 actionum,
1053 1086 1165 1126 quae
1198 1073 1397 1116 actiones
1434 1073 1556 1127 ipsas
1590 1073 1816 1126 afficiunt,
1850 1087 1945 1115 con-

73 1147 332 1189 fundendae
363 1160 453 1188 non
487 1146 603 1188 sunt
628 1146 827 1189 actiones
861 1147 955 1189 sive
983 1146 1190 1190 internae
1223 1148 1318 1190 sive
1350 1152 1576 1201 externae,
1610 1160 1722 1200 quae
1755 1147 1946 1189 durante

75 1219 251 1262 actione
288 1221 422 1274 fiunt,
471 1221 548 1262 sed
590 1221 647 1263 ad
689 1221 834 1275 ipsam
880 1222 1102 1264 actionem
1140 1223 1402 1264 nullatenus
1443 1223 1702 1264 referuntur
1733 1225 1785 1262 ut
1818 1221 1943 1274 pium

75 1294 320 1348 suspirium
365 1295 437 1337 vel
480 1295 666 1337 verbum
712 1296 906 1338 otiosum
953 1296 1074 1338 inter
1116 1296 1407 1349 studendum,
1451 1299 1580 1338 actus
1624 1294 1943 1348 impatientiae

74 1369 145 1410 vel
179 1368 396 1411 orationis
432 1368 553 1412 inter
588 1368 898 1412 laborandum.
963 1369 1198 1413 Eiusmodi
1239 1374 1381 1414 actus.
1426 1368 1520 1411 sive
1559 1368 1660 1411 boni
1700 1372 1807 1410 sunt
1846 1368 1939 1409 sive

75 1442 200 1496 mali,
234 1442 447 1485 meritum
482 1443 553 1486 vel
589 1443 860 1486 demerit-um
907 1443 1099 1486 actionis
1146 1457 1227 1486 nec
1273 1449 1445 1498 augent
1492 1455 1572 1485 nec
1605 1442 1834 1495 minuunt,
1869 1442 1945 1484 sed

76 1517 305 1571 propriam
338 1517 386 1559 in
421 1530 465 1560 se
498 1517 610 1571 ipsis
643 1517 952 1560 moralitatem
986 1517 1169 1560 habent.

224 1679 309 1733 61.
370 1680 600 1732 Divisio
657 1680 1273 1734 circumstantiarum.
1355 1679 1816 1732 Circumstantiae
1871 1679 1946 1730 di-

78 1768 371 1819 viduntur:

230 1890 274 1940 1.
316 1886 384 1938 In
424 1889 643 1957 speciem
682 1896 941 1938 mutantes
990 1897 1040 1939 et
1082 1890 1304 1957 Speciem
1337 1907 1443 1939 ozon
1472 1897 1745 1952 medante-5,
1790 1895 1950 1956 prout

79 1978 351 2028 actionem
395 1976 566 2027 solum
612 1978 754 2027 intra
782 1978 1013 2028 eandem
1046 1979 1288 2046 speciem
1320 1977 1581 2029 moralem
1609 1977 1944 2042 modificant,

79 2065 166 2116 vel
206 2067 437 2117 actionis
479 2068 718 2134 speciem
762 2066 1020 2117 moralem
1061 2068 1339 2118 diversam
1370 2067 1617 2118 efficiunt
1646 2085 1740 2117 seu
1767 2066 1947 2134 potius

79 2156 281 2206 actioni
321 2155 484 2205 aliam
529 2157 767 2224 speciem
812 2155 1071 2207 moralem
1115 2156 1509 2225 superaddunt.

233 2275 281 2325 2.
346 2272 806 2324 Circumstantiae
867 2275 1106 2342 speciem
1168 2293 1271 2325 non
1339 2283 1613 2326 mutantes
1676 2274 1763 2324 vel
1823 2281 1949 2324 sunt

80 2371 424 2433 aygyravantes
486 2361 574 2412 vel
631 2364 1008 2426 imminuentes,
1068 2373 1230 2431 prout
1287 2363 1589 2414 bonitatem
1648 2362 1735 2414 vel
1797 2361 1945 2413 mali-

75 2454 211 2503 tiam
254 2451 513 2503 moralem
556 2461 759 2519 augent
800 2451 887 2502 Vel
931 2454 1205 2514 minuunt,
1266 2461 1324 2502 ut
1366 2454 1408 2503 si
1451 2454 1572 2522 quis
1613 2460 1797 2503 actum
1840 2451 1946 2501 effi-

81 2543 203 2604 ciat,
248 2543 340 2610 qui
381 2540 625 2608 longiore
668 2539 755 2590 vel
798 2540 1051 2592 breviore
1093 2550 1340 2610 tempore
1369 2542 1543 2607 duret,
1587 2540 1675 2592 vel
1705 2542 1748 2591 si
1777 2557 1946 2606 grave

79 2631 286 2681 furtum
343 2630 552 2680 faciens
607 2631 869 2680 maiorem
929 2629 1017 2681 vei
1075 2632 1341 2681 minorem
1400 2648 1668 2680 summam
1720 2628 1945 2679 auferat.

83 2719 202 2770 Hae
243 2719 689 2771 circumstantiae
731 2718 820 2770 vel
861 2717 1042 2770 leviter
1096 2719 1181 2770 vel
1222 2720 1452 2789 ymo-iter
1506 2737 1600 2770 seu
1642 2717 1950 2769 notabiliter

83 2807 445 2859 moralitatem
487 2815 642 2858 actus
684 2816 890 2875 augent
930 2817 1024 2858 aut
1064 2810 1417 2862 imminuunt.

230 2929 278 2978 3.
325 2925 787 2978 Circumstantiae
841 2929 1080 2995 speciem
1124 2936 1396 2979 mutantes
1437 2927 1669 2978 actionis
1711 2925 1950 2994 speciem

83 3015 416 3084 tlzeoloyicam
457 3024 688 3083 mutant,
734 3015 864 3067 dum
908 3017 1170 3082 efficiunt,
1215 3026 1274 3066 ut
1302 3017 1443 3067 actio
1472 3034 1610 3084 quae
1638 3033 1706 3065 ex
1735 3013 1947 3064 obiecto

83 3114 163 3155 est
203 3113 489 3172 peccatum
531 3105 669 3171 leve,
714 3105 809 3156 fiat
848 3124 1036 3174 grave,
1081 3114 1133 3156 et
1168 3124 1308 3174 quae
1339 3113 1419 3155 est
1446 3114 1731 3174 peccatum
1762 3120 1947 3170 grave,

84 3194 179 3244 fiat
219 3193 339 3244 leve
382 3212 424 3244 e.
469 3211 519 3261 g.
563 3194 631 3246 ob
676 3196 1003 3264 parvitatem
1048 3194 1136 3244 vel
1179 3194 1620 3261 magnitudinem
1663 3192 1946 3254 materiae3

83 3281 223 3332 aliae
265 3289 447 3332 autem
491 3285 728 3351 speciem
772 3283 1019 3334 moralem
1061 3292 1291 3347 mutant,
1336 3283 1466 3333 dum
1510 3283 1709 3333 actioni
1747 3297 1948 3331 novam

85 3371 324 3440 speciem
366 3372 628 3423 bonitatis
657 3372 746 3423 vel
775 3372 1018 3423 malitiae
1059 3371 1309 3422 tribuunt
1348 3380 1563 3440 praeter
1604 3387 1741 3431 eam,
1785 3386 1949 3437 quam

84 3477 153 3508 ex
194 3459 405 3509 obiecto
449 3459 631 3523 habet,
676 3468 735 3511 ut
774 3461 818 3510 si
862 3462 984 3529 quis
1023 3461 1236 3511 furetur
1275 3479 1390 3511 rem
1433 3477 1661 3512 sacram.
