2269 3898
641 296 708 338 De
741 295 902 338 mediis
936 297 993 338 ad
1026 297 1163 338 finem
1199 296 1428 339 ultimum.
1909 298 1966 340 <23

246 429 288 481 b.
349 428 496 481 Solet
549 430 784 498 Spiritus
845 438 1066 480 sanctus
1127 429 1408 481 hominem
1469 432 1673 481 iustum
1734 430 1963 482 illustra-

93 517 338 569 tionibus
380 527 432 568 et
472 518 930 587 inspirationibus
972 518 1485 585 supernaturalibus
1527 538 1636 571 non
1679 519 1853 570 solum
1896 520 1966 571 ad

92 607 401 659 ordinarias
442 608 590 658 vitae
633 607 965 658 christianae
1008 609 1239 658 Virtutes
1282 626 1519 669 movere,
1572 609 1665 660 sed
1722 609 1964 678 quando-

93 714 199 765 que
254 696 419 746 etiam
473 695 543 746 ad
597 713 762 764 opera
816 696 1144 764 perfectiora
1199 706 1251 746 et
1292 696 1614 748 sublimiora
1657 698 1846 748 divino
1890 700 1973 750 in*

93 786 299 835 stinctu
379 785 650 853 inspirare
729 792 893 854 atque
975 786 1235 836 excitare.
1332 786 1503 855 Atqui
1571 805 1668 856 per
1733 789 1966 838 virtutes

92 874 302 925 infusas
356 873 518 924 homo
574 876 748 925 iustus
790 875 1088 925 instructus
1138 883 1217 925 est
1258 875 1481 944 quidem
1524 875 1738 926 viribus
1782 893 1963 943 super-

94 962 458 1029 naturalibus,
503 962 704 1032 quibus
748 964 978 1014 Virtutes
1008 964 1314 1015 ordinarias
1342 965 1488 1015 Vitae
1517 965 1850 1016 christianae
1878 983 1964 1015 ex-

94 1071 277 1104 ercere
318 1054 504 1122 possit,
549 1061 604 1104 at
645 1071 742 1121 per
767 1071 858 1103 eas
885 1071 995 1104 non
1021 1053 1275 1104 redditur
1303 1062 1463 1122 aptus
1490 1054 1558 1105 ad
1588 1055 1772 1105 omnia
1799 1055 1964 1104 etiam

95 1142 534 1193 extraordinaria
576 1149 629 1192 et
670 1141 920 1194 difficilia
962 1160 1126 1211 opera
1169 1143 1522 1212 perficienda.
1602 1142 1734 1194 Ideo
1779 1160 1965 1193 conce-

95 1231 301 1282 duntur
328 1233 375 1282 ei
404 1231 549 1283 dona
575 1231 809 1300 Spiritus
840 1234 1034 1294 sancti,
1062 1251 1202 1302 quae
1229 1250 1326 1301 per
1348 1233 1574 1284 modum
1602 1232 1823 1284 habitus
1849 1233 1967 1282 eius

94 1322 353 1390 potentiis
395 1320 685 1372 inhaerent
726 1340 962 1391 eumque
1005 1329 1196 1391 aptum
1237 1322 1492 1389 reddunt,
1538 1325 1631 1392 qui
1667 1320 1965 1373 extraordi-

93 1412 262 1461 nariis
293 1411 628 1462 motionibus
657 1409 895 1480 Spiritus
919 1412 1093 1462 sancti
1119 1420 1369 1480 prompte
1394 1412 1634 1464 obediat.
1680 1412 1815 1463 Sunt
1838 1428 1964 1478 ergo

94 1500 240 1551 dona
267 1500 503 1569 Spiritus
545 1502 720 1551 sancti
757 1502 1083 1569 principiam
1110 1502 1516 1570 supernaturale
1545 1504 1824 1565 internam,
1869 1518 1966 1568 quo

93 1591 250 1640 etiam
304 1608 466 1659 opera
518 1588 829 1640 sublimiora
887 1598 934 1639 et
974 1590 1416 1641 eoetraorclinaria
1446 1592 1606 1641 mitae
1649 1591 1967 1641 christianae

91 1679 513 1730 connaturaliter
545 1679 695 1746 fiant.

243 1804 284 1835 e.
339 1783 544 1853 Septem
598 1792 960 1834 numerantur
1014 1785 1158 1835 dona
1212 1784 1446 1853 Spiritus
1501 1785 1701 1835 sancti:
1760 1782 1962 1833 donum

91 1874 408 1944 sapientiae,
450 1873 761 1940 intellectus,
805 1874 1031 1939 consilii,
1059 1874 1421 1941 fortitudinis,
1453 1874 1719 1938 scientiae,
1740 1871 1966 1941 pietatis

94 1972 147 2014 et
189 1964 391 2014 timoris
433 1963 674 2014 Domini:
731 1981 855 2013 cum
916 1964 1062 2014 enim
1119 1963 1255 2014 haec
1306 1963 1451 2014 dona
1502 1962 1855 2013 conferantur
1895 1958 1964 2010 ad

91 2054 310 2103 virtutes
371 2052 740 2121 perficiendas
797 2061 849 2103 et
904 2060 1111 2121 septem
1170 2053 1279 2103 sint
1336 2053 1668 2121 praecipuae
1716 2051 1965 2114 virtutes,

93 2143 362 2211 orportuit
383 2149 443 2192 ut
469 2143 635 2192 etiam
660 2149 866 2210 septem
895 2141 1038 2192 dona
1062 2141 1501 2194 infunderentur.
1543 2140 1705 2192 Unde
1730 2138 1966 2209 Spiritus

94 2239 333 2297 sanctus,
390 2232 477 2282 cui
531 2230 670 2282 haec
725 2231 869 2282 dona
922 2239 1204 2300 tamquam
1259 2232 1467 2282 auctori
1511 2250 1606 2300 per
1647 2229 1962 2299 appropria-

93 2322 299 2371 tionem
329 2320 663 2381 tribuuntur,
693 2318 761 2370 ab
790 2318 1022 2371 ecclesia
1050 2320 1374 2390 septiformis
1403 2339 1608 2371 munere
1636 2318 1959 2388 appellatur,

95 2409 353 2479 idemque
388 2417 626 2477 rogatur,
670 2417 730 2460 ut
769 2411 879 2461 suis
921 2409 1179 2461 fidelibus
1215 2409 1306 2460 det
1345 2428 1551 2460 sacram
1591 2409 1959 2478 septenarium.

242 2514 372 2556 Dona
404 2527 510 2568 ergo
544 2513 752 2556 omnibus
785 2513 1098 2556 infunduntur
1129 2513 1265 2556 iustis
1293 2519 1429 2567 atque
1453 2526 1506 2556 ex
1532 2526 1683 2556 eorum
1706 2510 1965 2555 nominibus

93 2592 285 2643 apparet
318 2592 513 2642 quatuor
560 2588 787 2642 pertinere
835 2589 892 2631 ad
941 2588 1196 2642 potentiam
1246 2587 1627 2642 cognoscitivam:
1679 2586 1966 2635 intelleelmn,

92 2662 345 2715 scientiam,
385 2662 673 2718 sapientiam,
716 2662 980 2716 consilimn,·
1021 2662 1111 2706 tria
1152 2675 1256 2705 vero
1289 2662 1345 2705 ad
1380 2662 1692 2705 voluntatem:
1742 2661 1965 2711 timorem,

82 2737 318 2793 pietatem,
343 2736 666 2793 fortitudinem
675 2770 683 2778 .

244 2915 339 2968 22.
399 2914 630 2968 Natura
689 2915 1002 2969 donorum.
1083 2915 1168 2966 De
1228 2922 1424 2965 natura
1481 2913 1819 2982 singulorum
1878 2912 1965 2963 do-

93 3023 289 3056 norum
345 3003 584 3072 theologi
638 3023 748 3056 non
803 3006 1168 3070 consentiunt,
1225 3003 1360 3054 haec
1412 3012 1597 3055 tamen
1651 3022 1720 3054 ex
1770 3002 1962 3071 proba-

94 3093 289 3146 biliore
332 3112 518 3144 eorum
563 3093 815 3145 doctrina
857 3092 1094 3144 dicenda
1136 3093 1412 3144 videntur.

245 3198 291 3248 1.
349 3198 559 3248 Donum
598 3196 892 3249 intellectus
945 3197 1224 3248 hominem
1284 3197 1527 3266 disponit
1579 3196 1650 3248 ad
1705 3198 1964 3248 veritates

92 3285 365 3337 revelatas
419 3287 537 3337 sive
589 3288 863 3354 practicas
915 3287 1034 3338 sive
1086 3285 1414 3337 theoreticas
1475 3305 1543 3337 ex
1603 3286 1964 3354 inspiratione

95 3375 288 3426 divina
330 3373 530 3426 clarius
572 3384 624 3426 et
662 3375 991 3445 profundius
1032 3375 1420 3444 percipiendas
1468 3383 1583 3426 tum
1626 3375 1808 3443 quoad
1849 3393 1962 3425 sen-

93 3483 215 3515 sum
257 3482 445 3515 earum
487 3474 602 3515 tum
636 3464 818 3534 quoad
855 3482 1040 3515 earum
1071 3482 1292 3516 nexum.
1352 3463 1489 3515 Cum
1519 3463 1623 3514 hac
1652 3464 1964 3531 cognitione

95 3554 333 3604 nectitur
374 3553 623 3622 aptitudo
678 3561 730 3604 et
769 3552 1006 3604 facilitas
1060 3551 1403 3620 intelligendi
1458 3570 1677 3603 sensum
1721 3571 1756 3604 s.
1799 3553 1961 3620 scrip-

93 3649 357 3694 turarum.
