2269 3898
738 935 1300 1029 Index-

817 1279 1220 1323 Introductio.

95 1399 308 1453 Quaestio
345 1402 380 1442 1.
445 1400 512 1443 De
542 1404 711 1443 natura
742 1399 1001 1454 theologiae
1033 1399 1217 1442 moralis
1279 1432 1804 1441 ........

96 1473 308 1528 Quaestio
342 1476 380 1516 2.
446 1475 512 1517 De
544 1473 749 1516 fontibus
782 1473 1040 1528 theologiae
1072 1472 1256 1515 moralis
1353 1506 1806 1515 .......

96 1548 309 1602 Quaestio
342 1549 380 1591 3.
447 1549 513 1591 De
545 1547 781 1603 principiis
814 1547 1072 1602 theologiae
1103 1546 1288 1589 moralis
1354 1580 1806 1590 .......

457 1689 605 1732 Liber
639 1689 849 1743 primus.
915 1687 986 1730 De
1020 1687 1116 1729 fine
1149 1686 1369 1730 hominis
1403 1687 1600 1731 ultimo.

97 1779 309 1832 Quaestio
344 1780 382 1821 1.
446 1780 512 1822 De
544 1779 642 1833 ipso
677 1779 765 1820 fine
798 1778 962 1820 ultimo
1058 1811 1806 1819 ...........

94 1853 306 1907 Quaestio
348 1855 387 1896 2.
451 1854 517 1896 De
550 1853 711 1896 mediis
745 1853 801 1895 ad
834 1853 971 1895 finem
1005 1852 1236 1894 ultimum.

214 1929 312 1971 Art.
348 1930 385 1970 1.
448 1928 515 1970 De
548 1926 800 1969 virtutibus
834 1925 1257 1981 supernaturalibus
1353 1959 1804 1968 .......

211 2002 310 2044 Art.
346 2002 384 2043 9.
448 2002 515 2044 De
549 2001 676 2044 donis
711 2001 908 2055 Spiritus
942 2000 1087 2043 sancti
1130 2034 1806 2044 ..........

95 2075 308 2129 Quaestio
343 2077 381 2117 3.
446 2076 511 2118 De
545 2075 823 2130 obligatione
856 2075 1073 2118 tendendi
1107 2074 1154 2117 in
1188 2076 1324 2118 finem
1359 2075 1576 2118 ultimum
1650 2109 1657 2116 .
1725 2109 1732 2116 .

383 2224 536 2268 Liber
570 2223 836 2267 secundus.
900 2223 971 2266 De
1006 2223 1206 2266 actibus
1239 2223 1302 2265 ad
1337 2223 1481 2265 finem
1519 2224 1670 2277 aptis.

97 2313 311 2366 Quaestio
347 2314 386 2356 1.
451 2314 516 2356 De
548 2313 725 2356 actibus
758 2312 984 2356 humanis.

213 2388 311 2431 Art.
350 2389 386 2430 1.
451 2388 517 2431 De
549 2392 717 2431 natura
748 2391 932 2430 actuum
967 2388 1266 2430 humanorum
1355 2421 1806 2429 .......

210 2462 309 2505 Art.
344 2462 383 2504 2.
448 2463 514 2506 De
542 2461 783 2517 ¹principiis
815 2468 999 2504 actuum
1034 2462 1332 2504 humanorum
1430 2494 1807 2503 ......

283 2536 311 2591 ἓ
345 2538 383 2578 1.
447 2537 514 2580 De
546 2536 807 2591 cognitione
838 2536 1059 2590 requisita
1134 2569 1809 2578 ..........

284 2609 312 2665 ξ
344 2611 386 2655 2.
450 2611 516 2654 De
549 2611 808 2654 voluntario
843 2616 887 2654 et
919 2609 1229 2653 involuntario
1279 2642 1805 2651 ........

288 2682 316 2737 ξ
348 2685 389 2727 3.
454 2685 519 2728 De
551 2685 810 2728 voluntario
842 2685 890 2728 in
923 2698 1057 2728 causa
1131 2715 1807 2726 ..........

215 2759 314 2801 Art.
349 2757 389 2801 3.
453 2759 518 2802 De
549 2759 892 2814 impedimentis
923 2765 1107 2802 actuum
1143 2759 1441 2801 humanorum
1507 2794 1513 2799 .
1582 2792 1589 2799 .
1655 2794 1676 2803 .«
1731 2792 1736 2799 .
1803 2793 1811 2800 .

285 2831 312 2886 ξ
347 2834 384 2874 1.
449 2833 515 2876 De
546 2833 810 2889 ignorantia
837 2865 1812 2875 ..............

285 2905 313 2961 ξ
346 2907 384 2948 2.
450 2908 517 2951 De
548 2907 911 2962 concupiscentia
985 2939 1813 2949 ............

287 2979 315 3035 ξ
348 2981 387 3023 3.
452 2981 520 3025 De
551 2986 677 3024 metu
765 3014 1813 3024 ...............

285 3053 314 3109 ξ
346 3055 386 3096 4.
451 3055 517 3097 De
549 3055 769 3098 violentia
833 3090 839 3097 .
981 3087 1811 3096 ............

104 3128 318 3181 Quaestio
350 3129 391 3171 2.
454 3130 522 3172 De
554 3129 731 3173 actibus
764 3129 1024 3173 moralibus.

217 3203 316 3247 Art.
351 3204 391 3245 1.
452 3203 520 3246 De
552 3202 748 3245 essentia
780 3203 1058 3246 moralitatis
1133 3236 1812 3247 ..........

218 3277 315 3320 Art.
351 3277 391 3319 2.
455 3277 521 3320 De
553 3276 758 3320 fontibus
790 3277 1069 3321 moralitatis
1135 3311 1514 3321 ......
1657 3312 1662 3317 .
1732 3313 1737 3318 .
1806 3311 1813 3318 .

287 3349 316 3405 ἓ
349 3351 387 3392 1.
451 3350 519 3393 De
550 3350 723 3394 obiecto
758 3384 1813 3393 ...............

289 3423 316 3478 ξ
350 3424 387 3465 2.
455 3424 522 3466 De
555 3424 912 3467 circumstantiis
991 3458 1590 3466 .........
1808 3459 1814 3464 .

290 3497 317 3552 ξ
350 3498 390 3540 3.
454 3499 521 3541 De
553 3499 644 3541 fine
689 3531 1739 3543 ...............
1755 3540 1759 3545 ,
1807 3533 1812 3537 .

193 3588 391 3625 Nomia,
415 3589 471 3618 De
496 3589 705 3627 principiis.
1733 3571 1788 3613 23
