2269 3898
635 270 701 312 De
734 268 894 312 mediis
927 269 983 311 ad
1017 269 1152 312 finem
1185 268 1414 310 ultimum.
1894 266 1948 309 19

243 425 289 456 a.
332 404 455 455 Non
499 411 674 471 potest
715 402 977 452 affirmari
1023 403 1253 452 virtutes
1280 401 1488 452 infusas
1518 401 1587 451 ad
1619 418 1949 469 consequen-

93 493 225 543 dum
267 493 430 543 finem
474 489 943 560 supernaturalem
983 508 1095 540 esse
1123 493 1484 540 necessarias:
1528 509 1655 540 nam
1700 498 1757 539 ut
1797 497 1951 539 aetus

94 583 360 631 virtutum
403 581 499 631 fini
541 579 733 630 ultimo
765 578 1149 646 consequendo
1179 579 1287 628 sint
1315 579 1729 646 proporffionati,
1767 596 1949 646 super-

91 669 368 721 naturales
411 688 525 720 esse
569 668 796 732 debent3
850 667 943 717 sed
985 675 1043 716 ut
1084 666 1522 734 supernaturales
1564 667 1685 731 sint,
1729 665 1949 729 sufficit,

91 769 152 810 ut
192 778 288 828 per
326 761 559 827 gratiam
601 757 750 808 fiant.
821 757 1082 806 Attamen
1125 772 1335 806 summe
1378 756 1712 805 conveniens
1756 763 1850 820 est,
1894 765 1954 804 ut

90 848 254 900 homo
281 849 351 899 ad
379 847 544 898 finem
573 845 1045 914 supernaturalem
1073 844 1374 895 destinatus
1410 850 1629 894 ornetur
1670 842 1952 893 habitibus

93 939 357 987 virtutum
401 933 930 1003 supernaturalium:
973 951 1100 983 nam
1143 934 1477 983 conveniens
1519 940 1613 991 est,
1658 940 1717 980 ut
1757 939 1952 981 natura

89 1026 160 1077 ad
203 1033 403 1075 statum
447 1022 916 1092 supernaturalem
960 1021 1172 1072 elevata
1212 1028 1381 1085 aetus,
1441 1020 1639 1089 quibus
1688 1021 1744 1069 in
1788 1020 1951 1070 finem

94 1112 563 1183 supernaturalem
605 1112 796 1178 tendit,
843 1110 1258 1162 connaturaliter
1299 1109 1514 1160 efficere
1556 1109 1751 1177 possit;
1801 1109 1951 1175 atqui

92 1204 163 1255 ad
206 1203 311 1254 hoe
350 1204 661 1272 requiritur,
712 1210 771 1251 ut
820 1219 929 1252 non
979 1200 1150 1251 solum
1194 1200 1528 1269 principium
1571 1206 1859 1248 externum
1901 1204 1953 1247 et

89 1294 362 1344 transiens
402 1292 601 1359 (gratia
641 1290 910 1355 actualis),
954 1290 1048 1341 sed
1090 1291 1254 1339 etiam
1298 1289 1630 1357 principium
1674 1289 1950 1336 internum

78 1390 144 1443 *et
183 1399 511 1450 permanens
554 1382 623 1430 sit
665 1377 1095 1447 supernaturale,
1151 1378 1206 1427 id
1261 1377 1406 1446 quod
1460 1375 1815 1444 suppeditant
1865 1373 1953 1424 ha-

92 1469 240 1520 bitus
283 1470 463 1522 infusi.

240 1557 366 1611 Quod
400 1571 505 1612 ergo
537 1557 584 1599 in
619 1556 773 1599 ordine
805 1560 997 1598 naturae
1030 1560 1139 1597 sunt
1171 1555 1350 1597 animae
1398 1553 1645 1608 potentiae,
1692 1552 1954 1595 intellectus

90 1636 137 1675 et
169 1632 398 1685 voluntas,
445 1631 492 1672 id
525 1631 572 1672 in
622 1630 777 1673 ordine
822 1629 1156 1684 supernaturali
1207 1635 1315 1671 sunt
1362 1628 1546 1671 habitus
1592 1627 1749 1681 infusi,
1795 1639 1955 1680 nempe

81 1707 358 1763 principium
383 1706 646 1761 proximum
680 1705 804 1748 vitae
838 1704 1212 1759 supernaturalis,
1245 1703 1363 1746 sicut
1395 1702 1548 1757 gratia
1566 1701 1869 1754 sanctificans,
1901 1712 1956 1742 ex

91 1795 180 1836 qua
226 1780 410 1823 habitus
452 1780 595 1822 infusi
628 1784 916 1834 promanant,
965 1779 1154 1821 dicenda
1187 1782 1254 1821 est
1286 1777 1411 1820 vitae
1445 1775 1802 1831 supernaturalis
1824 1774 1953 1829 prin-

89 1855 249 1911 czpinm
281 1857 513 1897 remotum.

240 1944 283 1996 b.
327 1943 380 1995 Si
425 1943 598 1994 solum
642 1946 697 1993 in
737 1960 937 2010 genere
981 1943 1276 2011 quaeritur,
1318 1960 1441 1991 num
1481 1942 1586 1991 sint
1628 1941 1840 1990 rii-tates
1879 1940 1954 1988 in-

81 2031 264 2101 fusae,
306 2031 623 2100 responderi
667 2031 827 2082 debet
855 2049 923 2082 ex
951 2030 1286 2081 revelatione
1316 2038 1523 2080 eertum
1562 2047 1694 2094 esse,
1737 2029 1956 2078 animae

92 2120 310 2172 infundi
339 2123 569 2171 virtutes
597 2119 1069 2189 supernaturales:
1113 2138 1181 2170 ex
1218 2118 1449 2169 coneilio
1478 2120 1623 2169 enim
1654 2117 1952 2168 tridentino

92 2212 346 2261 novimus
385 2211 639 2261 hominem
679 2212 735 2261 in
778 2212 896 2279 ipsa
938 2209 1307 2276 iustificatione
1350 2228 1460 2259 cum
1499 2209 1801 2258 remissione
1832 2225 1954 2276 pec—

91 2308 324 2349 catorum
351 2299 473 2349 haec
509 2298 696 2366 (dona)
741 2300 917 2349 omnia
957 2298 1112 2349 simul
1150 2298 1335 2368 infusa
1376 2299 1611 2367 accipere
1644 2316 1745 2366 per
1786 2296 1954 2345 Iesum

97 2386 373 2454 Christum,
416 2389 499 2438 cui
538 2389 804 2453 inseritur,
833 2388 1012 2455 fldem,
1057 2406 1196 2456 spem
1236 2396 1283 2437 et
1323 2387 1659 2452 caritateirffl).
1708 2383 1954 2435 Virtutes

91 2476 306 2528 infusae
335 2477 474 2528 aliae
503 2485 628 2528 sunt
658 2479 887 2527 virtutes
917 2477 1246 2544 tlzeoloqz'cae,
1285 2475 1424 2527 aliae
1454 2478 1684 2526 virtutes
1711 2473 1950 2524 morales.

239 2655 328 2708 18.
383 2655 467 2708 De
524 2655 857 2708 virtutibus
909 2654 1294 2721 theologicis.
1379 2655 1422 2705 1.
1468 2653 1712 2703 Virtutes
1753 2649 1953 2702 theolo-

88 2746 244 2813 gicae
285 2743 409 2794 illae
452 2744 726 2809 dicuntur,
779 2762 1009 2813 quarum
1054 2746 1320 2794 motivum
1364 2742 1663 2808 (obiectum
1705 2738 1950 2803 Formale)

90 2844 170 2883 est
215 2833 363 2883 Deus
405 2851 499 2882 seu
540 2833 723 2901 aliqua
765 2833 1026 2901 perfectio
1070 2833 1276 2883 divina.

243 2936 527 2992 Tleeoloffl'cae
555 2936 772 2990 (divinae)
807 2938 891 2980 hae
922 2937 1120 2980 virtutes
1170 2936 1383 2978 dicuntur
1429 2934 1605 2977 ratione
1653 2933 1844 2989 oriffl‘nis
1893 2932 1952 2974 (li—

86 3008 234 3063 vinae,
267 3009 372 3064 quia
403 3023 492 3052 non
524 3015 856 3065 cognoscuntur
886 3011 975 3054 nisi
1007 3010 1283 3054 revelatione
1317 3009 1488 3060 divina,
1534 3022 1614 3051 nee
1656 3007 1951 3061 acquiruntur

86 3083 175 3125 nisi
209 3097 235 3126 a
267 3084 360 3127 Deo
390 3083 519 3127 nobis
551 3085 874 3136 infundantur;
910 3085 1087 3128 ratione
1119 3085 1357 3134 essentiae,
1394 3083 1499 3137 quia
1530 3082 1578 3124 in
1611 3095 1656 3124 se
1689 3085 1950 3135 supernatu-

88 3157 204 3199 rales
238 3162 368 3202 sunt:
402 3159 690 3212 potissimum
726 3173 830 3202 vero
863 3159 1039 3202 ratione
1072 3158 1230 3201 obiecti
1252 3157 1486 3214 formalis,
1535 3155 1651 3209 quod
1698 3160 1766 3197 est
1798 3155 1951 3207 aliqua

87 3231 304 3285 perfectio
339 3232 515 3285 divina;
551 3238 733 3276 econtra
765 3233 957 3276 aliarum
991 3233 1218 3275 virtutum
1252 3231 1475 3274 obiectum
1520 3230 1708 3272 formale
1756 3237 1825 3271 est
1874 3227 1950 3270 ali-

86 3305 204 3358 quod
237 3305 402 3348 bonum
436 3311 649 3349 creatum.
713 3307 949 3349 Virtutum
984 3306 1341 3361 theologicarum
1377 3310 1529 3347 tamen
1563 3304 1700 3346 etiam
1735 3303 1946 3344 obiectum

85 3379 326 3422 materiale
349 3378 541 3435 (verum,
565 3382 680 3434 quod
705 3381 942 3435 eredimUS,
966 3386 1010 3424 et
1029 3381 1209 3434 bonum,
1228 3380 1344 3433 quod
1369 3390 1599 3433 speramus
1619 3381 1662 3419 et
1682 3374 1948 3429 diligimus),

91 3452 253 3496 saltem
278 3453 537 3508 >principale
569 3459 615 3497 et
646 3455 929 3509 primarium,
963 3462 1030 3497 est
1063 3454 1160 3508 ipse
1194 3455 1327 3496 Deus.

238 3616 270 3672 ¹)
305 3616 416 3660 Sess.
451 3617 490 3659 6.
526 3631 560 3659 e.
597 3619 634 3659 7.
