2269 3898
698 235 764 277 De
797 234 974 278 actibus
1007 235 1444 289 supernaturalibus.
1953 238 2009 279 93

141 370 306 419 etiam
327 367 602 419 obiectum
623 386 718 418 seu
737 369 1008 419 motivum
1027 369 1443 436 supernaturale
1463 371 1720 439 exigunt:
1748 370 2008 440 6116111031),

142 456 435 522 Lacroiae2)‚
482 456 532 510 S.
572 455 943 525 Alphonsusss)‚
987 456 1318 522 Mazzellcff),
1364 458 1708 522 Lelzmkzdzffi).

290 561 389 602 Duo
423 573 590 615 genera
623 564 998 615 argumentorum
1031 560 1078 602 hi
1112 565 1318 604 auctores
1352 564 1612 615 proferunt:

289 648 328 677 a.
364 635 442 677 Ea·
472 637 641 677 natura
675 635 771 677 rei:
805 639 934 677 actus
958 634 1281 689 specificantur
1303 635 1358 677 ab
1383 635 1556 679 obiecto
1588 635 1833 692 (formali);
1883 640 2010 678 actus

140 713 293 751 autem
327 708 552 752 naturalis
585 723 611 752 a
644 709 983 764 supernaturali
1017 709 1163 764 specie
1198 709 1376 760 differt;
1423 723 1529 764 ergo
1575 710 1720 764 specie
1763 724 1838 753 seu
1872 723 2012 753 essen-

140 782 318 826 tialiter
352 783 579 826 diversum
614 797 708 827 esse
742 782 874 826 debet
905 783 1145 838 utriusque
1177 787 1306 827 actus
1330 783 1556 827 obiectum
1592 785 1836 838 <formale):
1872 797 2012 827 essen-

138 856 264 899 tialis
313 862 466 900 autem
512 858 751 913 utriusque
800 858 963 901 obiecti
995 858 1235 913 (formalis)
1283 858 1527 902 diversitas
1575 859 1623 901 in
1666 871 1715 901 eo
1762 863 1844 912 est,
1894 859 2012 913 quod

136 932 331 974 alterum
365 944 444 986 per
476 932 714 987 rationem,
748 933 943 976 alterum
977 946 1081 977 vero
1114 946 1194 988 per
1224 933 1362 976 fidem
1397 934 1782 988 apprehendatur.

286 1006 322 1048 b.
357 1006 436 1048 Ex
458 1007 668 1062 fontibus
700 1007 1005 1050 revelationis.
1069 1007 1370 1050 Patronorum
1405 1007 1541 1050 huius
1575 1006 1834 1050 sententiae
1869 1006 2010 1061 aliqui

139 1081 406 1135 concedunt,
441 1094 495 1124 ex
526 1085 693 1124 natura
726 1081 790 1124 rei
824 1095 915 1124 non
948 1081 1103 1124 haberi
1137 1082 1303 1124 efficax
1336 1086 1679 1136 argumentum,
1715 1094 1800 1135 quo
1836 1081 2010 1123 demon-

136 1159 308 1199 stretur
350 1160 503 1198 aetum
545 1156 802 1199 naturalem
847 1161 893 1199 et
933 1157 1328 1210 supernaturalem
1377 1170 1467 1199 non
1512 1169 1641 1211 posse
1677 1155 1850 1198 versari
1895 1155 2011 1197 circa

135 1230 256 1273 idem
281 1230 529 1279 obiectum;
563 1231 801 1274 affirmant
835 1236 989 1274 autem
1025 1243 1079 1273 ex
1108 1230 1308 1285 positiva
1332 1232 1574 1274 voluntate
1597 1229 1682 1273 Dei
1709 1243 1861 1273 omnes
1885 1237 2013 1273 actus

137 1305 507 1358 supernaturales
555 1318 609 1348 ex
650 1305 741 1347 fide
784 1305 1022 1360 procedere
1071 1318 1148 1349 seu
1182 1305 1406 1348 motivum
1453 1305 1802 1360 supernaturale
1850 1304 2012 1348 habere

137 1378 318 1429 debere;
375 1378 598 1433 siquidem
647 1385 746 1422 tum
790 1393 823 1421 s.
858 1379 1086 1434 scriptura
1126 1384 1225 1422 tum
1272 1379 1464 1422 traditio
1507 1380 1697 1423 doceant
1741 1380 1879 1422 fidem
1919 1392 2014 1422 esse

136 1453 348 1508 radicem,
397 1467 451 1497 ex
495 1468 582 1508 qua
624 1455 725 1497 vita
769 1454 1130 1509 supernaturalis
1180 1454 1513 1508 progerminet;
1562 1467 1668 1508 ergo
1704 1453 1800 1496 sine
1833 1454 2013 1496 influxu

134 1528 243 1572 fidei
275 1542 355 1584 per
387 1529 610 1571 motivum
652 1542 707 1571 ex
749 1529 840 1571 fide
884 1529 1119 1584 cognitum
1159 1542 1249 1571 non
1293 1541 1422 1583 posse
1463 1528 1658 1571 exerceri
1702 1532 1831 1571 actus
1866 1541 2013 1582 super-

135 1602 375 1646 naturalis.
439 1603 499 1645 Et
533 1616 661 1646 sane:

282 1691 322 1717 α.
358 1677 480 1720 Haec
502 1677 789 1722 testimonia:
825 1677 935 1720 Sine
954 1677 1046 1733 fide
1069 1677 1344 1732 impossibile
1368 1679 1437 1719 est
1449 1676 1642 1732 placere
1670 1676 1769 1718 Deo
1780 1689 1800 1729 ,·
1823 1676 2012 1719 credere

135 1751 252 1794 enim
286 1754 461 1807 oportet
491 1751 772 1795 accedentem
807 1751 867 1793 ad
898 1750 1119 1805 Denmffi·
1152 1751 1309 1793 Iustus
1342 1764 1400 1793 ex
1423 1750 1520 1806 fide
1553 1749 1714 1804 vivifi),
1748 1763 1838 1792 non
1869 1750 2012 1792 solum

135 1826 188 1868 de
221 1826 370 1881 prima
400 1826 745 1881 iustificatione,
795 1827 852 1869 ad
893 1839 1028 1881 quam
1062 1839 1141 1880 per
1173 1830 1326 1869 actum
1370 1824 1477 1868 fidei
1524 1825 1657 1867 homo
1696 1837 1742 1867 se
1777 1823 2012 1878 disponere

135 1899 310 1954 debeat,
346 1901 423 1943 sed
459 1901 511 1943 de
546 1901 753 1944 omnibus
788 1901 969 1944 omnino
1013 1900 1192 1943 actibus
1238 1898 1664 1954 supernaturalibus
1708 1898 2014 1953 intelligenda

137 1988 245 2028 esse,
280 1974 357 2029 qui
391 1975 760 2029 supernaturales
794 1988 890 2018 esse
922 1979 1164 2029 nequeant,
1207 1974 1297 2016 nisi
1333 1974 1446 2016 fides
1486 1987 1563 2028 per
1597 1986 1750 2016 eorum
1785 1972 2011 2016 motivum

139 2050 486 2104 supernaturale
517 2049 566 2092 in
598 2063 671 2093 eos
703 2050 884 2093 influat.

290 2126 334 2177 β)
368 2124 619 2168 Concilium
652 2125 958 2168 tridentinum
984 2124 1210 2167 declarare
1232 2124 1387 2166 volens
1421 2122 1674 2166 doctrinam
1709 2135 1744 2165 s.
1769 2120 1913 2164 Pauli
1942 2120 2013 2163 his

138 2198 416 2242 testimoniis
440 2212 695 2254 expressam
720 2200 906 2242 addere:
946 2211 1050 2253 „per
1082 2199 1218 2241 fidem
1253 2197 1353 2240 ideo
1386 2195 1631 2240 iustificari
1667 2195 1873 2250 dicimur,
1908 2195 2014 2249 quia

139 2273 253 2316 fides
287 2277 355 2316 est
389 2273 614 2316 humanae
648 2273 812 2316 salutis
844 2272 1046 2326 initium,
1080 2272 1428 2315 fundamentum
1465 2276 1511 2313 et
1543 2270 1676 2313 radix
1709 2269 1854 2312 omnis
1887 2268 2013 2312 iusti-

139 2347 457 2402 ficationis“:⁸)
490 2361 543 2390 ex
573 2361 658 2402 quo
682 2348 941 2400 habeamus,
974 2361 1064 2390 non
1098 2347 1242 2390 solum
1276 2346 1470 2401 primam
1508 2344 1903 2396 iustificatione-m,
1936 2343 2013 2386 sed

137 2422 275 2465 etiam
326 2426 626 2477 augmentum
675 2422 853 2477 gratiae
898 2421 1231 2465 sanctificantis
1272 2434 1352 2475 per
1384 2425 1513 2463 actus
1557 2419 1925 2474 supernaturales
1968 2422 2014 2460 et

138 2497 392 2540 meritorios
417 2511 471 2540 ex
487 2497 638 2540 radice
656 2497 764 2540 fidei
783 2497 1019 2551 procedere
1046 2496 1225 2547 debere;
1251 2495 1381 2549 atqui
1397 2494 1562 2549 (aiunt)
1587 2507 1640 2537 ex
1663 2493 1813 2537 radice
1832 2492 1939 2535 fidei
1963 2505 2012 2535 eo

141 2573 284 2615 solum
319 2573 583 2627 procedunt,
617 2572 735 2626 quod
769 2572 883 2615 fides
916 2585 994 2626 per
1027 2571 1253 2614 obiectum
1288 2569 1634 2624 supernaturale
1666 2568 1714 2611 in
1749 2581 1822 2611 eos
1854 2566 2011 2610 influit

138 2652 276 2701 atque
308 2648 364 2690 ad
399 2660 550 2690 eorum
585 2646 928 2702 productionem
963 2645 1202 2689 concurrit.

289 2736 335 2787 2.
391 2735 768 2787 Nihilominus
821 2736 1086 2787 affirmari
1140 2742 1346 2804 potest:
1408 2742 1467 2784 ut
1521 2741 1677 2784 actus
1735 2731 2013 2782 humanus

139 2827 208 2876 sit
250 2825 702 2894 supernaturaliS‚
744 2824 854 2877 alia
895 2825 1149 2876 condicio
1191 2842 1302 2875 non
1344 2823 1659 2892 requiritur,
1702 2822 1809 2872 nisi
1852 2829 1908 2872 ut
1948 2821 2015 2871 sit

138 2915 294 2966 ethice
337 2915 498 2965 bonus
525 2923 573 2965 et
599 2933 663 2965 ew
689 2915 868 2984 qratia
908 2934 998 2966 seu
1038 2933 1101 2965 eoe
1133 2914 1407 2984 principio
1453 2909 1857 2982 supernaturali
1884 2928 2011 2980 pro·

292 3079 324 3129 1)
357 3079 424 3121 De
456 3078 610 3133 gratia
641 3079 670 3120 l.
704 3078 744 3120 Ξ.
780 3092 814 3121 0.
848 3079 889 3123 4.
923 3078 989 3129 5.;
1024 3078 1054 3120 1.
1090 3077 1158 3119 12.
1193 3090 1227 3119 c.
1265 3076 1303 3118 7.
1338 3075 1408 3118 33.
1442 3089 1486 3118 n.
1524 3075 1591 3117 10.

292 3150 324 3204 ²]
356 3152 606 3207 Theologia
638 3152 823 3196 moralis
855 3153 885 3197 l.
920 3153 959 3195 ⁶2.
993 3167 1038 3196 n.
1073 3153 1127 3193 21
1163 3165 1220 3194 ss.

292 3228 324 3281 ³)
356 3226 606 3281 Theologia
638 3226 822 3270 moralis
854 3227 882 3270 1.
919 3227 958 3269 6.
997 3240 1040 3268 11.
1075 3225 1176 3269 439.

291 3302 325 3355 4>
355 3302 422 3344 De
456 3300 609 3356 gratia
640 3300 811 3344 Christi
844 3315 886 3343 n.
922 3300 980 3343 54
1012 3313 1068 3343 ss.

292 3375 325 3430 ⁵)
357 3374 607 3430 Theologia
628 3388 737 3418 mor.
758 3375 792 3417 I.
816 3389 860 3418 n.
884 3375 983 3418 258.
1017 3375 1240 3417 Passauer
1261 3371 1613 3416 Monatsschrift
1634 3368 1767 3423 <1895
1791 3368 1831 3411 S.
1854 3368 1909 3410 14
1931 3370 2010 3418 ff).

291 3451 326 3505 6)
358 3450 494 3493 Hebr.
530 3451 600 3503 11,
633 3449 674 3492 6.

292 3526 325 3580 ⁷)
354 3525 491 3568 Hebr.
527 3526 597 3578 10,
631 3523 700 3567 38.
734 3524 864 3567 Rom.
899 3525 939 3577 1,
973 3523 1041 3567 17.
1077 3522 1176 3566 Gal.
1210 3522 1251 3575 3,
1289 3522 1355 3563 11.

290 3600 323 3652 ⁸)
354 3599 466 3642 Sess.
501 3598 542 3641 6.
575 3611 609 3640 c.
644 3598 682 3639 8.
