<?xml version="1.0" encoding="UTF-8"?>
<!DOCTYPE html PUBLIC "-//W3C//DTD XHTML 1.0 Transitional//EN"
    "http://www.w3.org/TR/xhtml1/DTD/xhtml1-transitional.dtd">
<html xmlns="http://www.w3.org/1999/xhtml" xml:lang="en" lang="en">
 <head>
  <title>
</title>
<meta http-equiv="Content-Type" content="text/html;charset=utf-8" />
  <meta name='ocr-system' content='tesseract 3.04.00' />
  <meta name='ocr-capabilities' content='ocr_page ocr_carea ocr_par ocr_line ocrx_word'/>
</head>
<body>
  <div class='ocr_page' id='page_1' title='image "./summatheologiaem00nold_0320.png"; bbox 0 0 2269 3898; ppageno 0'>
   <div class='ocr_carea' id='block_1_1' title="bbox 0 1957 55 2058">
    <p class='ocr_par' dir='ltr' id='par_1_1' title="bbox 0 1957 55 2058">
     <span class='ocr_line' id='line_1_1' title="bbox 0 1957 55 2058; textangle 90"><span class='ocrx_word' id='word_1_1' title='bbox 8 2055 22 2058; x_wconf 75' lang='lat'>1</span> <span class='ocrx_word' id='word_1_2' title='bbox 0 1957 55 2011; x_wconf 35' lang='grc' dir='ltr'>ἐξ.)</span> 
     </span>
    </p>
   </div>
   <div class='ocr_carea' id='block_1_2' title="bbox 256 126 1449 181">
    <p class='ocr_par' dir='ltr' id='par_1_2' title="bbox 256 126 1449 181">
     <span class='ocr_line' id='line_1_2' title="bbox 256 126 1449 181; baseline -0.002 -11"><span class='ocrx_word' id='word_1_3' title='bbox 256 128 348 170; x_wconf 87' lang='grc'>310</span> <span class='ocrx_word' id='word_1_4' title='bbox 989 126 1060 168; x_wconf 94' lang='lat' dir='ltr'>VI.</span> <span class='ocrx_word' id='word_1_5' title='bbox 1094 126 1161 169; x_wconf 90' lang='lat' dir='ltr'>De</span> <span class='ocrx_word' id='word_1_6' title='bbox 1194 126 1405 181; x_wconf 87' lang='lat' dir='ltr'>peccatis.</span> <span class='ocrx_word' id='word_1_7' title='bbox 1446 126 1449 129; x_wconf 75' lang='grc'><em>’</em></span> 
     </span>
    </p>
   </div>
   <div class='ocr_carea' id='block_1_3' title="bbox 264 255 2151 420">
    <p class='ocr_par' dir='ltr' id='par_1_3' title="bbox 264 255 2151 420">
     <span class='ocr_line' id='line_1_3' title="bbox 264 255 2151 331; baseline 0.001 -20"><span class='ocrx_word' id='word_1_8' title='bbox 264 260 587 312; x_wconf 85' lang='lat' dir='ltr'>henduntur</span> <span class='ocrx_word' id='word_1_9' title='bbox 642 269 694 311; x_wconf 90' lang='lat' dir='ltr'>et</span> <span class='ocrx_word' id='word_1_10' title='bbox 749 279 781 310; x_wconf 89' lang='lat' dir='ltr'>a</span> <span class='ocrx_word' id='word_1_11' title='bbox 835 259 1119 311; x_wconf 86' lang='lat' dir='ltr'>voluntate</span> <span class='ocrx_word' id='word_1_12' title='bbox 1174 260 1539 328; x_wconf 86' lang='lat' dir='ltr'>attinguntur.</span> <span class='ocrx_word' id='word_1_13' title='bbox 1622 259 1679 311; x_wconf 82' lang='lat' dir='ltr'>Si</span> <span class='ocrx_word' id='word_1_14' title='bbox 1719 255 1924 313; x_wconf 28' lang='lat' dir='ltr'>*autem</span> <span class='ocrx_word' id='word_1_15' title='bbox 1983 261 2151 331; x_wconf 80' lang='lat' dir='ltr'>plura</span> 
     </span>
     <span class='ocr_line' id='line_1_4' title="bbox 268 348 2146 420; baseline 0.001 -20"><span class='ocrx_word' id='word_1_16' title='bbox 268 349 488 402; x_wconf 87' lang='lat' dir='ltr'>obiecta</span> <span class='ocrx_word' id='word_1_17' title='bbox 530 348 850 416; x_wconf 83' lang='lat' dir='ltr'>singillatim</span> <span class='ocrx_word' id='word_1_18' title='bbox 894 348 1409 417; x_wconf 84' lang='lat' dir='ltr'>apprehenduntur,</span> <span class='ocrx_word' id='word_1_19' title='bbox 1450 348 1609 418; x_wconf 90' lang='lat' dir='ltr'>plura</span> <span class='ocrx_word' id='word_1_20' title='bbox 1650 350 1814 401; x_wconf 89' lang='lat' dir='ltr'>etiam</span> <span class='ocrx_word' id='word_1_21' title='bbox 1857 360 1985 402; x_wconf 90' lang='lat' dir='ltr'>sunt</span> <span class='ocrx_word' id='word_1_22' title='bbox 2023 370 2146 420; x_wconf 84' lang='lat' dir='ltr'>pec-</span> 
     </span>
    </p>
   </div>
   <div class='ocr_carea' id='block_1_4' title="bbox 273 437 2151 508">
    <p class='ocr_par' dir='ltr' id='par_1_4' title="bbox 273 437 2151 508">
     <span class='ocr_line' id='line_1_5' title="bbox 273 437 2151 508; baseline 0.002 -19"><span class='ocrx_word' id='word_1_23' title='bbox 273 447 411 505; x_wconf 81' lang='lat' dir='ltr'>cata,</span> <span class='ocrx_word' id='word_1_24' title='bbox 458 440 587 508; x_wconf 89' lang='lat' dir='ltr'>quia</span> <span class='ocrx_word' id='word_1_25' title='bbox 629 437 848 506; x_wconf 88' lang='lat' dir='ltr'>singula</span> <span class='ocrx_word' id='word_1_26' title='bbox 889 440 1055 489; x_wconf 87' lang='lat' dir='ltr'>etiam</span> <span class='ocrx_word' id='word_1_27' title='bbox 1099 438 1376 490; x_wconf 86' lang='lat' dir='ltr'>distinctis</span> <span class='ocrx_word' id='word_1_28' title='bbox 1416 438 1632 490; x_wconf 86' lang='lat' dir='ltr'>actibus</span> <span class='ocrx_word' id='word_1_29' title='bbox 1661 438 1962 492; x_wconf 85' lang='lat' dir='ltr'>voluntatis</span> <span class='ocrx_word' id='word_1_30' title='bbox 1989 443 2151 492; x_wconf 90' lang='lat' dir='ltr'>attin-</span> 
     </span>
    </p>
   </div>
   <div class='ocr_carea' id='block_1_5' title="bbox 268 536 487 596">
    <p class='ocr_par' dir='ltr' id='par_1_5' title="bbox 268 536 487 596">
     <span class='ocr_line' id='line_1_6' title="bbox 268 536 487 596; baseline 0 -18"><span class='ocrx_word' id='word_1_31' title='bbox 268 536 487 596; x_wconf 82' lang='lat' dir='ltr'>guntur.</span> 
     </span>
    </p>
   </div>
   <div class='ocr_carea' id='block_1_6' title="bbox 264 616 2160 1793">
    <p class='ocr_par' dir='ltr' id='par_1_6' title="bbox 264 616 2159 970">
     <span class='ocr_line' id='line_1_7' title="bbox 417 616 2148 673; baseline 0.002 -15"><span class='ocrx_word' id='word_1_32' title='bbox 417 631 458 661; x_wconf 94' lang='lat' dir='ltr'>a.</span> <span class='ocrx_word' id='word_1_33' title='bbox 494 616 579 670; x_wconf 78' lang='lat' dir='ltr'>Qui</span> <span class='ocrx_word' id='word_1_34' title='bbox 612 616 747 660; x_wconf 90' lang='lat' dir='ltr'>unica</span> <span class='ocrx_word' id='word_1_35' title='bbox 780 617 1039 672; x_wconf 85' lang='lat' dir='ltr'>explosione</span> <span class='ocrx_word' id='word_1_36' title='bbox 1061 617 1276 660; x_wconf 82' lang='lat' dir='ltr'>vulnerat</span> <span class='ocrx_word' id='word_1_37' title='bbox 1298 618 1370 660; x_wconf 85' lang='lat' dir='ltr'>vel</span> <span class='ocrx_word' id='word_1_38' title='bbox 1394 617 1560 660; x_wconf 90' lang='lat' dir='ltr'>occidit</span> <span class='ocrx_word' id='word_1_39' title='bbox 1583 618 1734 661; x_wconf 89' lang='lat' dir='ltr'>decem</span> <span class='ocrx_word' id='word_1_40' title='bbox 1753 618 1973 673; x_wconf 85' lang='lat' dir='ltr'>homines,</span> <span class='ocrx_word' id='word_1_41' title='bbox 2005 631 2148 662; x_wconf 90' lang='lat' dir='ltr'>unum</span> 
     </span>
     <span class='ocr_line' id='line_1_8' title="bbox 267 690 2159 746; baseline 0.002 -13"><span class='ocrx_word' id='word_1_42' title='bbox 267 690 520 734; x_wconf 77' lang='lat' dir='ltr'>committit</span> <span class='ocrx_word' id='word_1_43' title='bbox 553 695 804 746; x_wconf 86' lang='lat' dir='ltr'>peccatum,</span> <span class='ocrx_word' id='word_1_44' title='bbox 837 696 884 735; x_wconf 91' lang='lat' dir='ltr'>et</span> <span class='ocrx_word' id='word_1_45' title='bbox 917 691 1029 735; x_wconf 87' lang='lat' dir='ltr'>satis</span> <span class='ocrx_word' id='word_1_46' title='bbox 1064 695 1147 745; x_wconf 85' lang='lat' dir='ltr'>est,</span> <span class='ocrx_word' id='word_1_47' title='bbox 1181 691 1218 734; x_wconf 91' lang='lat' dir='ltr'>si</span> <span class='ocrx_word' id='word_1_48' title='bbox 1253 691 1302 734; x_wconf 91' lang='lat' dir='ltr'>in</span> <span class='ocrx_word' id='word_1_49' title='bbox 1335 691 1614 735; x_wconf 76' lang='lat' dir='ltr'>confessione</span> <span class='ocrx_word' id='word_1_50' title='bbox 1648 692 1791 735; x_wconf 87' lang='lat' dir='ltr'>dicat:</span> <span class='ocrx_word' id='word_1_51' title='bbox 1829 693 2064 736; x_wconf 70' lang='lat' dir='ltr'><em>vulneravi</em></span> <span class='ocrx_word' id='word_1_52' title='bbox 2084 693 2159 736; x_wconf 64' lang='lat' dir='ltr'>zrel&#39;</span> 
     </span>
     <span class='ocr_line' id='line_1_9' title="bbox 269 765 2154 822; baseline 0.001 -14"><span class='ocrx_word' id='word_1_53' title='bbox 269 765 411 809; x_wconf 81' lang='lat' dir='ltr'>occidi</span> <span class='ocrx_word' id='word_1_54' title='bbox 428 766 611 821; x_wconf 72' lang='lat' dir='ltr'>plures,</span> <span class='ocrx_word' id='word_1_55' title='bbox 644 766 681 809; x_wconf 91' lang='lat' dir='ltr'>si</span> <span class='ocrx_word' id='word_1_56' title='bbox 716 768 904 809; x_wconf 75' lang='lat' dir='ltr'>confusa</span> <span class='ocrx_word' id='word_1_57' title='bbox 937 765 1294 822; x_wconf 75' lang='lat' dir='ltr'>apprehensione</span> <span class='ocrx_word' id='word_1_58' title='bbox 1326 768 1372 808; x_wconf 87' lang='lat' dir='ltr'>et</span> <span class='ocrx_word' id='word_1_59' title='bbox 1403 765 1661 809; x_wconf 89' lang='lat' dir='ltr'>intentione</span> <span class='ocrx_word' id='word_1_60' title='bbox 1693 780 1773 822; x_wconf 87' lang='lat' dir='ltr'>per</span> <span class='ocrx_word' id='word_1_61' title='bbox 1805 767 1989 810; x_wconf 89' lang='lat' dir='ltr'>modum</span> <span class='ocrx_word' id='word_1_62' title='bbox 2012 767 2154 810; x_wconf 87' lang='lat' dir='ltr'>unius</span> 
     </span>
     <span class='ocr_line' id='line_1_10' title="bbox 265 840 2150 896; baseline 0.002 -14"><span class='ocrx_word' id='word_1_63' title='bbox 265 853 419 883; x_wconf 89' lang='lat' dir='ltr'>omnes</span> <span class='ocrx_word' id='word_1_64' title='bbox 452 840 640 895; x_wconf 81' lang='lat' dir='ltr'>attigit;</span> <span class='ocrx_word' id='word_1_65' title='bbox 675 841 807 896; x_wconf 89' lang='lat' dir='ltr'>plura</span> <span class='ocrx_word' id='word_1_66' title='bbox 840 844 994 883; x_wconf 89' lang='lat' dir='ltr'>autem</span> <span class='ocrx_word' id='word_1_67' title='bbox 1028 845 1214 895; x_wconf 87' lang='lat' dir='ltr'>peccata</span> <span class='ocrx_word' id='word_1_68' title='bbox 1246 840 1514 895; x_wconf 79' lang='lat' dir='ltr'>committit,</span> <span class='ocrx_word' id='word_1_69' title='bbox 1544 840 1581 883; x_wconf 91' lang='lat' dir='ltr'>si</span> <span class='ocrx_word' id='word_1_70' title='bbox 1605 840 1811 895; x_wconf 83' lang='lat' dir='ltr'>singulos</span> <span class='ocrx_word' id='word_1_71' title='bbox 1836 841 2054 885; x_wconf 86' lang='lat' dir='ltr'>distincte</span> <span class='ocrx_word' id='word_1_72' title='bbox 2076 855 2150 896; x_wconf 84' lang='lat' dir='ltr'>ap-</span> 
     </span>
     <span class='ocr_line' id='line_1_11' title="bbox 264 914 1160 970; baseline -0.001 -12"><span class='ocrx_word' id='word_1_73' title='bbox 264 915 508 970; x_wconf 83' lang='lat' dir='ltr'>prehendit</span> <span class='ocrx_word' id='word_1_74' title='bbox 541 918 678 969; x_wconf 87' lang='lat' dir='ltr'>atque</span> <span class='ocrx_word' id='word_1_75' title='bbox 711 915 910 958; x_wconf 88' lang='lat' dir='ltr'>occidere</span> <span class='ocrx_word' id='word_1_76' title='bbox 941 914 1160 958; x_wconf 85' lang='lat' dir='ltr'>intendit.</span> 
     </span>
    </p>

    <p class='ocr_par' dir='ltr' id='par_1_7' title="bbox 264 988 2160 1494">
     <span class='ocr_line' id='line_1_12' title="bbox 420 988 2159 1045; baseline 0.001 -13"><span class='ocrx_word' id='word_1_77' title='bbox 420 990 457 1032; x_wconf 83' lang='lat' dir='ltr'>b.</span> <span class='ocrx_word' id='word_1_78' title='bbox 493 989 539 1032; x_wconf 86' lang='lat' dir='ltr'>Si</span> <span class='ocrx_word' id='word_1_79' title='bbox 573 989 673 1044; x_wconf 89' lang='lat' dir='ltr'>quis</span> <span class='ocrx_word' id='word_1_80' title='bbox 705 1003 794 1032; x_wconf 91' lang='lat' dir='ltr'>uno</span> <span class='ocrx_word' id='word_1_81' title='bbox 829 1002 1032 1032; x_wconf 88' lang='lat' dir='ltr'>sermone</span> <span class='ocrx_word' id='word_1_82' title='bbox 1067 988 1272 1032; x_wconf 81' lang='lat' dir='ltr'>detrahit</span> <span class='ocrx_word' id='word_1_83' title='bbox 1303 988 1524 1044; x_wconf 81' lang='lat' dir='ltr'>familiae,</span> <span class='ocrx_word' id='word_1_84' title='bbox 1569 989 1738 1043; x_wconf 88' lang='lat' dir='ltr'>domui,</span> <span class='ocrx_word' id='word_1_85' title='bbox 1785 989 2012 1045; x_wconf 81' lang='lat' dir='ltr'>religioni,</span> <span class='ocrx_word' id='word_1_86' title='bbox 2056 990 2159 1033; x_wconf 82' lang='lat' dir='ltr'>sive</span> 
     </span>
     <span class='ocr_line' id='line_1_13' title="bbox 271 1063 2150 1119; baseline 0 -12"><span class='ocrx_word' id='word_1_87' title='bbox 271 1077 514 1108; x_wconf 87' lang='lat' dir='ltr'>numerosa</span> <span class='ocrx_word' id='word_1_88' title='bbox 548 1068 616 1107; x_wconf 87' lang='lat' dir='ltr'>est</span> <span class='ocrx_word' id='word_1_89' title='bbox 650 1064 746 1108; x_wconf 83' lang='lat' dir='ltr'>sive</span> <span class='ocrx_word' id='word_1_90' title='bbox 779 1064 970 1119; x_wconf 89' lang='lat' dir='ltr'>modica,</span> <span class='ocrx_word' id='word_1_91' title='bbox 1003 1077 1145 1106; x_wconf 91' lang='lat' dir='ltr'>unum</span> <span class='ocrx_word' id='word_1_92' title='bbox 1179 1067 1415 1118; x_wconf 85' lang='lat' dir='ltr'>peccatum</span> <span class='ocrx_word' id='word_1_93' title='bbox 1449 1064 1601 1118; x_wconf 86' lang='lat' dir='ltr'>habet,</span> <span class='ocrx_word' id='word_1_94' title='bbox 1635 1068 1682 1107; x_wconf 90' lang='lat' dir='ltr'>et</span> <span class='ocrx_word' id='word_1_95' title='bbox 1704 1063 1818 1107; x_wconf 87' lang='lat' dir='ltr'>satis</span> <span class='ocrx_word' id='word_1_96' title='bbox 1841 1069 1925 1119; x_wconf 89' lang='lat' dir='ltr'>est,</span> <span class='ocrx_word' id='word_1_97' title='bbox 1944 1065 1981 1107; x_wconf 91' lang='lat' dir='ltr'>si</span> <span class='ocrx_word' id='word_1_98' title='bbox 2007 1065 2150 1108; x_wconf 88' lang='lat' dir='ltr'>dicat:</span> 
     </span>
     <span class='ocr_line' id='line_1_14' title="bbox 272 1138 2154 1195; baseline 0.001 -14"><span class='ocrx_word' id='word_1_99' title='bbox 272 1139 462 1182; x_wconf 73' lang='lat' dir='ltr'>detraxi</span> <span class='ocrx_word' id='word_1_100' title='bbox 500 1139 717 1195; x_wconf 83' lang='lat' dir='ltr'>familiae</span> <span class='ocrx_word' id='word_1_101' title='bbox 765 1139 834 1182; x_wconf 75' lang='lat' dir='ltr'>cel</span> <span class='ocrx_word' id='word_1_102' title='bbox 879 1138 1190 1182; x_wconf 75' lang='lat' dir='ltr'>communitati</span> <span class='ocrx_word' id='word_1_103' title='bbox 1226 1139 1297 1181; x_wconf 86' lang='lat' dir='ltr'>vel</span> <span class='ocrx_word' id='word_1_104' title='bbox 1347 1139 1493 1181; x_wconf 90' lang='lat' dir='ltr'>solum</span> <span class='ocrx_word' id='word_1_105' title='bbox 1542 1138 1731 1180; x_wconf 69' lang='lat' dir='ltr'>detraxi</span> <span class='ocrx_word' id='word_1_106' title='bbox 1772 1139 1996 1194; x_wconf 65' lang='lat' dir='ltr'>fflwciter,</span> <span class='ocrx_word' id='word_1_107' title='bbox 2044 1139 2154 1194; x_wconf 90' lang='lat' dir='ltr'>quin</span> 
     </span>
     <span class='ocr_line' id='line_1_15' title="bbox 264 1212 2156 1269; baseline 0.001 -14"><span class='ocrx_word' id='word_1_108' title='bbox 264 1212 409 1256; x_wconf 88' lang='lat' dir='ltr'>etiam</span> <span class='ocrx_word' id='word_1_109' title='bbox 443 1213 522 1257; x_wconf 90' lang='lat' dir='ltr'>ille</span> <span class='ocrx_word' id='word_1_110' title='bbox 561 1227 701 1257; x_wconf 91' lang='lat' dir='ltr'>unum</span> <span class='ocrx_word' id='word_1_111' title='bbox 737 1218 971 1268; x_wconf 90' lang='lat' dir='ltr'>peccatum</span> <span class='ocrx_word' id='word_1_112' title='bbox 1007 1212 1274 1267; x_wconf 81' lang='lat' dir='ltr'>committit,</span> <span class='ocrx_word' id='word_1_113' title='bbox 1308 1212 1385 1267; x_wconf 87' lang='lat' dir='ltr'>qui</span> <span class='ocrx_word' id='word_1_114' title='bbox 1418 1226 1507 1256; x_wconf 92' lang='lat' dir='ltr'>uno</span> <span class='ocrx_word' id='word_1_115' title='bbox 1541 1225 1744 1256; x_wconf 84' lang='lat' dir='ltr'>sermone</span> <span class='ocrx_word' id='word_1_116' title='bbox 1776 1213 1983 1269; x_wconf 90' lang='lat' dir='ltr'>pluribus</span> <span class='ocrx_word' id='word_1_117' title='bbox 2026 1227 2061 1257; x_wconf 90' lang='lat' dir='ltr'>e.</span> <span class='ocrx_word' id='word_1_118' title='bbox 2107 1227 2156 1268; x_wconf 73' lang='lat' dir='ltr'>g.</span> 
     </span>
     <span class='ocr_line' id='line_1_16' title="bbox 268 1287 2150 1343; baseline 0.001 -13"><span class='ocrx_word' id='word_1_119' title='bbox 268 1287 469 1331; x_wconf 90' lang='lat' dir='ltr'>inimicis</span> <span class='ocrx_word' id='word_1_120' title='bbox 503 1289 597 1332; x_wconf 93' lang='lat' dir='ltr'>suis</span> <span class='ocrx_word' id='word_1_121' title='bbox 632 1288 851 1343; x_wconf 86' lang='lat' dir='ltr'>detrahit,</span> <span class='ocrx_word' id='word_1_122' title='bbox 885 1302 995 1343; x_wconf 83' lang='lat' dir='ltr'>quos</span> <span class='ocrx_word' id='word_1_123' title='bbox 1029 1301 1108 1343; x_wconf 88' lang='lat' dir='ltr'>per</span> <span class='ocrx_word' id='word_1_124' title='bbox 1141 1288 1324 1330; x_wconf 89' lang='lat' dir='ltr'>modum</span> <span class='ocrx_word' id='word_1_125' title='bbox 1360 1287 1496 1331; x_wconf 91' lang='lat' dir='ltr'>unius</span> <span class='ocrx_word' id='word_1_126' title='bbox 1519 1287 1822 1343; x_wconf 87' lang='lat' dir='ltr'>apprehendit</span> <span class='ocrx_word' id='word_1_127' title='bbox 1851 1293 1897 1331; x_wconf 89' lang='lat' dir='ltr'>et</span> <span class='ocrx_word' id='word_1_128' title='bbox 1925 1288 2150 1339; x_wconf 85' lang='lat' dir='ltr'>intendit;</span> 
     </span>
     <span class='ocr_line' id='line_1_17' title="bbox 268 1362 2160 1418; baseline 0.001 -13"><span class='ocrx_word' id='word_1_129' title='bbox 268 1362 306 1405; x_wconf 90' lang='lat' dir='ltr'>si</span> <span class='ocrx_word' id='word_1_130' title='bbox 341 1368 497 1406; x_wconf 89' lang='lat' dir='ltr'>tamen</span> <span class='ocrx_word' id='word_1_131' title='bbox 531 1363 738 1418; x_wconf 81' lang='lat' dir='ltr'>singulos</span> <span class='ocrx_word' id='word_1_132' title='bbox 772 1363 991 1406; x_wconf 86' lang='lat' dir='ltr'>distincte</span> <span class='ocrx_word' id='word_1_133' title='bbox 1024 1363 1327 1418; x_wconf 84' lang='lat' dir='ltr'>apprehendit</span> <span class='ocrx_word' id='word_1_134' title='bbox 1361 1367 1408 1406; x_wconf 93' lang='lat' dir='ltr'>et</span> <span class='ocrx_word' id='word_1_135' title='bbox 1440 1362 1725 1417; x_wconf 80' lang='lat' dir='ltr'>singulorum</span> <span class='ocrx_word' id='word_1_136' title='bbox 1757 1364 1931 1406; x_wconf 85' lang='lat' dir='ltr'>famam</span> <span class='ocrx_word' id='word_1_137' title='bbox 1974 1364 2160 1407; x_wconf 86' lang='lat' dir='ltr'>laedere</span> 
     </span>
     <span class='ocr_line' id='line_1_18' title="bbox 272 1437 1180 1494; baseline 0.001 -14"><span class='ocrx_word' id='word_1_138' title='bbox 272 1437 492 1492; x_wconf 84' lang='lat' dir='ltr'>intendit,</span> <span class='ocrx_word' id='word_1_139' title='bbox 527 1439 661 1493; x_wconf 84' lang='lat' dir='ltr'>plura</span> <span class='ocrx_word' id='word_1_140' title='bbox 694 1443 881 1494; x_wconf 87' lang='lat' dir='ltr'>peccata</span> <span class='ocrx_word' id='word_1_141' title='bbox 913 1438 1180 1481; x_wconf 86' lang='lat' dir='ltr'>committit.</span> 
     </span>
    </p>

    <p class='ocr_par' dir='ltr' id='par_1_8' title="bbox 270 1511 2159 1793">
     <span class='ocr_line' id='line_1_19' title="bbox 421 1511 2153 1568; baseline -0.001 -12"><span class='ocrx_word' id='word_1_142' title='bbox 421 1527 453 1556; x_wconf 79' lang='lat' dir='ltr'>e.</span> <span class='ocrx_word' id='word_1_143' title='bbox 487 1513 588 1556; x_wconf 90' lang='lat' dir='ltr'>Non</span> <span class='ocrx_word' id='word_1_144' title='bbox 622 1514 764 1557; x_wconf 89' lang='lat' dir='ltr'>solum</span> <span class='ocrx_word' id='word_1_145' title='bbox 796 1513 851 1568; x_wconf 92' lang='lat' dir='ltr'>is,</span> <span class='ocrx_word' id='word_1_146' title='bbox 885 1513 961 1568; x_wconf 89' lang='lat' dir='ltr'>qui</span> <span class='ocrx_word' id='word_1_147' title='bbox 994 1513 1140 1556; x_wconf 88' lang='lat' dir='ltr'>laedit</span> <span class='ocrx_word' id='word_1_148' title='bbox 1173 1513 1303 1567; x_wconf 89' lang='lat' dir='ltr'>bona,</span> <span class='ocrx_word' id='word_1_149' title='bbox 1337 1525 1451 1567; x_wconf 89' lang='lat' dir='ltr'>quae</span> <span class='ocrx_word' id='word_1_150' title='bbox 1483 1512 1717 1567; x_wconf 88' lang='lat' dir='ltr'>pertinent</span> <span class='ocrx_word' id='word_1_151' title='bbox 1740 1512 1797 1555; x_wconf 89' lang='lat' dir='ltr'>ad</span> <span class='ocrx_word' id='word_1_152' title='bbox 1823 1511 2153 1555; x_wconf 87' lang='lat' dir='ltr'>monasterium</span> 
     </span>
     <span class='ocr_line' id='line_1_20' title="bbox 270 1586 2154 1643; baseline 0 -13"><span class='ocrx_word' id='word_1_153' title='bbox 270 1588 344 1631; x_wconf 68' lang='lat' dir='ltr'>vel</span> <span class='ocrx_word' id='word_1_154' title='bbox 367 1588 425 1631; x_wconf 90' lang='lat' dir='ltr'>ad</span> <span class='ocrx_word' id='word_1_155' title='bbox 450 1588 721 1643; x_wconf 88' lang='lat' dir='ltr'>capitulum,</span> <span class='ocrx_word' id='word_1_156' title='bbox 744 1589 821 1631; x_wconf 91' lang='lat' dir='ltr'>sed</span> <span class='ocrx_word' id='word_1_157' title='bbox 845 1588 986 1631; x_wconf 88' lang='lat' dir='ltr'>etiam</span> <span class='ocrx_word' id='word_1_158' title='bbox 1010 1588 1064 1642; x_wconf 89' lang='lat' dir='ltr'>is,</span> <span class='ocrx_word' id='word_1_159' title='bbox 1087 1587 1163 1642; x_wconf 91' lang='lat' dir='ltr'>qui</span> <span class='ocrx_word' id='word_1_160' title='bbox 1188 1588 1341 1630; x_wconf 83' lang='lat' dir='ltr'>aufert</span> <span class='ocrx_word' id='word_1_161' title='bbox 1365 1587 1622 1642; x_wconf 90' lang='lat' dir='ltr'>depositum</span> <span class='ocrx_word' id='word_1_162' title='bbox 1656 1586 1890 1641; x_wconf 90' lang='lat' dir='ltr'>pertinens</span> <span class='ocrx_word' id='word_1_163' title='bbox 1919 1587 1976 1629; x_wconf 87' lang='lat' dir='ltr'>ad</span> <span class='ocrx_word' id='word_1_164' title='bbox 2002 1587 2154 1630; x_wconf 90' lang='lat' dir='ltr'>decem</span> 
     </span>
     <span class='ocr_line' id='line_1_21' title="bbox 275 1660 2159 1718; baseline 0 -14"><span class='ocrx_word' id='word_1_165' title='bbox 275 1662 479 1706; x_wconf 85' lang='lat' dir='ltr'>diversas</span> <span class='ocrx_word' id='word_1_166' title='bbox 513 1676 744 1718; x_wconf 83' lang='lat' dir='ltr'>personas,</span> <span class='ocrx_word' id='word_1_167' title='bbox 779 1677 920 1706; x_wconf 92' lang='lat' dir='ltr'>unum</span> <span class='ocrx_word' id='word_1_168' title='bbox 954 1666 1191 1718; x_wconf 88' lang='lat' dir='ltr'>peccatum</span> <span class='ocrx_word' id='word_1_169' title='bbox 1226 1660 1497 1714; x_wconf 80' lang='lat' dir='ltr'>committit,</span> <span class='ocrx_word' id='word_1_170' title='bbox 1529 1661 1567 1704; x_wconf 88' lang='lat' dir='ltr'>si</span> <span class='ocrx_word' id='word_1_171' title='bbox 1609 1661 1760 1704; x_wconf 90' lang='lat' dir='ltr'>decem</span> <span class='ocrx_word' id='word_1_172' title='bbox 1804 1661 2009 1705; x_wconf 90' lang='lat' dir='ltr'>dominos</span> <span class='ocrx_word' id='word_1_173' title='bbox 2053 1675 2159 1705; x_wconf 89' lang='lat' dir='ltr'>con—</span> 
     </span>
     <span class='ocr_line' id='line_1_22' title="bbox 273 1736 1385 1793; baseline -0.001 -13"><span class='ocrx_word' id='word_1_174' title='bbox 273 1738 379 1781; x_wconf 77' lang='lat' dir='ltr'>fusa</span> <span class='ocrx_word' id='word_1_175' title='bbox 413 1738 771 1793; x_wconf 83' lang='lat' dir='ltr'>apprehensione</span> <span class='ocrx_word' id='word_1_176' title='bbox 803 1742 850 1787; x_wconf 87' lang='lat' dir='ltr'>et</span> <span class='ocrx_word' id='word_1_177' title='bbox 882 1737 1141 1781; x_wconf 83' lang='lat' dir='ltr'>intentione</span> <span class='ocrx_word' id='word_1_178' title='bbox 1173 1736 1385 1792; x_wconf 83' lang='lat' dir='ltr'>attingit.</span> 
     </span>
    </p>
   </div>
   <div class='ocr_carea' id='block_1_7' title="bbox 423 1869 2161 1926">
    <p class='ocr_par' dir='ltr' id='par_1_9' title="bbox 423 1869 2161 1926">
     <span class='ocr_line' id='line_1_23' title="bbox 423 1869 2161 1926; baseline -0.001 -12"><span class='ocrx_word' id='word_1_179' title='bbox 423 1872 557 1916; x_wconf 76' lang='lat' dir='ltr'>Nota</span> <span class='ocrx_word' id='word_1_180' title='bbox 590 1872 633 1914; x_wconf 89' lang='lat'>1.</span> <span class='ocrx_word' id='word_1_181' title='bbox 699 1871 802 1915; x_wconf 87' lang='lat' dir='ltr'>Etsi</span> <span class='ocrx_word' id='word_1_182' title='bbox 834 1871 889 1926; x_wconf 91' lang='lat' dir='ltr'>is,</span> <span class='ocrx_word' id='word_1_183' title='bbox 923 1871 999 1926; x_wconf 90' lang='lat' dir='ltr'>qui</span> <span class='ocrx_word' id='word_1_184' title='bbox 1032 1870 1165 1914; x_wconf 87' lang='lat' dir='ltr'>unico</span> <span class='ocrx_word' id='word_1_185' title='bbox 1199 1875 1306 1914; x_wconf 86' lang='lat' dir='ltr'>actu</span> <span class='ocrx_word' id='word_1_186' title='bbox 1339 1875 1433 1914; x_wconf 90' lang='lat' dir='ltr'>tres</span> <span class='ocrx_word' id='word_1_187' title='bbox 1467 1870 1632 1914; x_wconf 88' lang='lat' dir='ltr'>occidit</span> <span class='ocrx_word' id='word_1_188' title='bbox 1665 1871 1737 1914; x_wconf 86' lang='lat' dir='ltr'>vel</span> <span class='ocrx_word' id='word_1_189' title='bbox 1759 1870 1892 1913; x_wconf 89' lang='lat' dir='ltr'>unico</span> <span class='ocrx_word' id='word_1_190' title='bbox 1916 1872 2024 1913; x_wconf 90' lang='lat' dir='ltr'>actu</span> <span class='ocrx_word' id='word_1_191' title='bbox 2047 1869 2161 1912; x_wconf 88' lang='lat' dir='ltr'>desi-</span> 
     </span>
    </p>
   </div>
   <div class='ocr_carea' id='block_1_8' title="bbox 85 1944 2165 2228">
    <p class='ocr_par' dir='ltr' id='par_1_10' title="bbox 85 1944 2165 2228">
     <span class='ocr_line' id='line_1_24' title="bbox 204 1944 2165 2001; baseline -0.002 -11"><span class='ocrx_word' id='word_1_192' title='bbox 204 1946 452 2001; x_wconf 33' lang='lat' dir='ltr'>„deravit</span> <span class='ocrx_word' id='word_1_193' title='bbox 493 1947 551 1990; x_wconf 92' lang='lat' dir='ltr'>ad</span> <span class='ocrx_word' id='word_1_194' title='bbox 584 1951 676 1990; x_wconf 87' lang='lat' dir='ltr'>tres</span> <span class='ocrx_word' id='word_1_195' title='bbox 710 1946 907 1989; x_wconf 77' lang='lat' dir='ltr'>feminas</span> <span class='ocrx_word' id='word_1_196' title='bbox 941 1946 1163 2000; x_wconf 82' lang='lat' dir='ltr'>accedere,</span> <span class='ocrx_word' id='word_1_197' title='bbox 1198 1945 1471 2000; x_wconf 81' lang='lat' dir='ltr'>obligationi</span> <span class='ocrx_word' id='word_1_198' title='bbox 1513 1944 1694 2000; x_wconf 85' lang='lat' dir='ltr'>integre</span> <span class='ocrx_word' id='word_1_199' title='bbox 1738 1944 1987 1988; x_wconf 88' lang='lat' dir='ltr'>confitendi</span> <span class='ocrx_word' id='word_1_200' title='bbox 2031 1944 2165 1988; x_wconf 84' lang='lat' dir='ltr'>satis·</span> 
     </span>
     <span class='ocr_line' id='line_1_25' title="bbox 154 2019 2160 2079; baseline -0.001 -13"><span class='ocrx_word' id='word_1_201' title='bbox 154 2075 157 2079; x_wconf 18' lang='grc' dir='ltr'><strong><em>Ι</em></strong></span> <span class='ocrx_word' id='word_1_202' title='bbox 247 2022 420 2077; x_wconf 55' lang='lat' dir='ltr'>⁴&#39;iaciat</span> <span class='ocrx_word' id='word_1_203' title='bbox 452 2022 627 2066; x_wconf 87' lang='lat' dir='ltr'>dicens:</span> <span class='ocrx_word' id='word_1_204' title='bbox 654 2022 755 2079; x_wconf 81' lang='lat' dir='ltr'>feci</span> <span class='ocrx_word' id='word_1_205' title='bbox 784 2021 1073 2065; x_wconf 73' lang='lat' dir='ltr'>homicidium</span> <span class='ocrx_word' id='word_1_206' title='bbox 1106 2022 1179 2065; x_wconf 82' lang='lat' dir='ltr'>vel</span> <span class='ocrx_word' id='word_1_207' title='bbox 1211 2020 1353 2063; x_wconf 78' lang='lat' dir='ltr'>habui</span> <span class='ocrx_word' id='word_1_208' title='bbox 1373 2019 1971 2076; x_wconf 69' lang='lat' dir='ltr'>desideriamfornicandi,·</span> <span class='ocrx_word' id='word_1_209' title='bbox 2003 2022 2160 2063; x_wconf 82' lang='lat' dir='ltr'>tamen</span> 
     </span>
     <span class='ocr_line' id='line_1_26' title="bbox 85 2087 2160 2152; baseline -0.001 -11"><span class='ocrx_word' id='word_1_210' title='bbox 85 2089 161 2131; x_wconf 46' lang='grc' dir='ltr'>’ν’</span> <span class='ocrx_word' id='word_1_211' title='bbox 180 2087 239 2151; x_wconf 55' lang='lat' dir='ltr'>fg</span> <span class='ocrx_word' id='word_1_212' title='bbox 274 2098 485 2141; x_wconf 85' lang='lat' dir='ltr'>confiteri</span> <span class='ocrx_word' id='word_1_213' title='bbox 521 2097 655 2141; x_wconf 90' lang='lat' dir='ltr'>debet</span> <span class='ocrx_word' id='word_1_214' title='bbox 687 2097 899 2152; x_wconf 90' lang='lat' dir='ltr'>termino,</span> <span class='ocrx_word' id='word_1_215' title='bbox 934 2110 1020 2151; x_wconf 88' lang='lat' dir='ltr'>quo</span> <span class='ocrx_word' id='word_1_216' title='bbox 1055 2096 1218 2139; x_wconf 87' lang='lat' dir='ltr'>saltem</span> <span class='ocrx_word' id='word_1_217' title='bbox 1253 2096 1439 2139; x_wconf 77' lang='lat' dir='ltr'>confuse</span> <span class='ocrx_word' id='word_1_218' title='bbox 1471 2095 1624 2149; x_wconf 88' lang='lat' dir='ltr'>plures</span> <span class='ocrx_word' id='word_1_219' title='bbox 1656 2108 1874 2150; x_wconf 86' lang='lat' dir='ltr'>personae</span> <span class='ocrx_word' id='word_1_220' title='bbox 1898 2094 2160 2150; x_wconf 82' lang='lat' dir='ltr'>significan-</span> 
     </span>
     <span class='ocr_line' id='line_1_27' title="bbox 270 2169 2157 2228; baseline -0.002 -12.301"><span class='ocrx_word' id='word_1_221' title='bbox 270 2176 371 2224; x_wconf 91' lang='lat' dir='ltr'>tur;</span> <span class='ocrx_word' id='word_1_222' title='bbox 409 2186 495 2216; x_wconf 80' lang='lat' dir='ltr'>nno</span> <span class='ocrx_word' id='word_1_223' title='bbox 530 2176 631 2217; x_wconf 76' lang='lat' dir='ltr'>aeta</span> <span class='ocrx_word' id='word_1_224' title='bbox 666 2172 808 2216; x_wconf 81' lang='lat' dir='ltr'>occidi</span> <span class='ocrx_word' id='word_1_225' title='bbox 827 2173 994 2228; x_wconf 70' lang='lat' dir='ltr'>plures</span> <span class='ocrx_word' id='word_1_226' title='bbox 1025 2175 1109 2214; x_wconf 91' lang='lat' dir='ltr'>aut</span> <span class='ocrx_word' id='word_1_227' title='bbox 1153 2171 1272 2214; x_wconf 73' lang='lat' dir='ltr'>volui</span> <span class='ocrx_word' id='word_1_228' title='bbox 1306 2170 1493 2226; x_wconf 75' lang='lat' dir='ltr'>pluries</span> <span class='ocrx_word' id='word_1_229' title='bbox 1544 2169 1760 2213; x_wconf 76' lang='lat' dir='ltr'>accedere</span> <span class='ocrx_word' id='word_1_230' title='bbox 1807 2169 1869 2212; x_wconf 89' lang='lat' dir='ltr'>ad</span> <span class='ocrx_word' id='word_1_231' title='bbox 1906 2182 2157 2225; x_wconf 76' lang='lat' dir='ltr'>personam</span> 
     </span>
    </p>
   </div>
   <div class='ocr_carea' id='block_1_9' title="bbox 268 2243 2166 2828">
    <p class='ocr_par' dir='ltr' id='par_1_11' title="bbox 268 2243 2166 2828">
     <span class='ocr_line' id='line_1_28' title="bbox 268 2243 2162 2303; baseline -0.003 -12"><span class='ocrx_word' id='word_1_232' title='bbox 268 2248 480 2301; x_wconf 75' lang='lat' dir='ltr'>solutam,</span> <span class='ocrx_word' id='word_1_233' title='bbox 513 2261 569 2291; x_wconf 89' lang='lat' dir='ltr'>ne</span> <span class='ocrx_word' id='word_1_234' title='bbox 603 2248 778 2291; x_wconf 89' lang='lat' dir='ltr'>scilicet</span> <span class='ocrx_word' id='word_1_235' title='bbox 811 2247 859 2290; x_wconf 92' lang='lat' dir='ltr'>in</span> <span class='ocrx_word' id='word_1_236' title='bbox 894 2260 1087 2291; x_wconf 90' lang='lat' dir='ltr'>errorem</span> <span class='ocrx_word' id='word_1_237' title='bbox 1111 2246 1302 2290; x_wconf 90' lang='lat' dir='ltr'>inducat</span> <span class='ocrx_word' id='word_1_238' title='bbox 1324 2244 1666 2288; x_wconf 79' lang='lat' dir='ltr'>confessarium.</span> <span class='ocrx_word' id='word_1_239' title='bbox 1729 2245 1844 2288; x_wconf 82' lang='lat' dir='ltr'>Nam</span> <span class='ocrx_word' id='word_1_240' title='bbox 1868 2245 1978 2287; x_wconf 86' lang='lat' dir='ltr'>haec</span> <span class='ocrx_word' id='word_1_241' title='bbox 2000 2243 2131 2287; x_wconf 77' lang='lat' dir='ltr'>verba</span> <span class='ocrx_word' id='word_1_242' title='bbox 2146 2268 2162 2303; x_wconf 21' lang='lat'>*2</span> 
     </span>
     <span class='ocr_line' id='line_1_29' title="bbox 274 2308 2157 2378; baseline -0.003 -12"><span class='ocrx_word' id='word_1_243' title='bbox 274 2323 387 2378; x_wconf 78' lang='lat' dir='ltr'>„feci</span> <span class='ocrx_word' id='word_1_244' title='bbox 422 2322 745 2366; x_wconf 77' lang='lat' dir='ltr'>homicidium‘⁴</span> <span class='ocrx_word' id='word_1_245' title='bbox 783 2322 1053 2377; x_wconf 84' lang='lat' dir='ltr'>significant</span> <span class='ocrx_word' id='word_1_246' title='bbox 1086 2308 1258 2376; x_wconf 87' lang='lat' dir='ltr'>„occidi</span> <span class='ocrx_word' id='word_1_247' title='bbox 1291 2334 1433 2363; x_wconf 92' lang='lat' dir='ltr'>unum</span> <span class='ocrx_word' id='word_1_248' title='bbox 1457 2319 1733 2373; x_wconf 86' lang='lat' dir='ltr'>hominem“,</span> <span class='ocrx_word' id='word_1_249' title='bbox 1766 2323 1812 2362; x_wconf 88' lang='lat' dir='ltr'>et</span> <span class='ocrx_word' id='word_1_250' title='bbox 1835 2332 1862 2361; x_wconf 91' lang='lat' dir='ltr'>a</span> <span class='ocrx_word' id='word_1_251' title='bbox 1883 2318 2157 2361; x_wconf 75' lang='lat' dir='ltr'>confessario</span> 
     </span>
     <span class='ocr_line' id='line_1_30' title="bbox 272 2393 2160 2454; baseline -0.004 -12"><span class='ocrx_word' id='word_1_252' title='bbox 272 2398 354 2442; x_wconf 88' lang='lat' dir='ltr'>hoc</span> <span class='ocrx_word' id='word_1_253' title='bbox 388 2411 524 2442; x_wconf 90' lang='lat' dir='ltr'>sensu</span> <span class='ocrx_word' id='word_1_254' title='bbox 558 2397 869 2454; x_wconf 81' lang='lat' dir='ltr'>accipiuntur:</span> <span class='ocrx_word' id='word_1_255' title='bbox 921 2410 1057 2452; x_wconf 88' lang='lat' dir='ltr'>quare</span> <span class='ocrx_word' id='word_1_256' title='bbox 1089 2396 1318 2451; x_wconf 88' lang='lat' dir='ltr'>implicite</span> <span class='ocrx_word' id='word_1_257' title='bbox 1349 2398 1598 2450; x_wconf 82' lang='lat' dir='ltr'>negaretur</span> <span class='ocrx_word' id='word_1_258' title='bbox 1646 2393 1809 2437; x_wconf 88' lang='lat' dir='ltr'>occisio</span> <span class='ocrx_word' id='word_1_259' title='bbox 1855 2393 2060 2447; x_wconf 88' lang='lat' dir='ltr'>plurium</span> <span class='ocrx_word' id='word_1_260' title='bbox 2113 2397 2160 2435; x_wconf 91' lang='lat' dir='ltr'>et</span> 
     </span>
     <span class='ocr_line' id='line_1_31' title="bbox 282 2466 2163 2527; baseline -0.003 -12"><span class='ocrx_word' id='word_1_261' title='bbox 282 2472 586 2516; x_wconf 79' lang='lat' dir='ltr'>confessarius</span> <span class='ocrx_word' id='word_1_262' title='bbox 612 2472 911 2527; x_wconf 76' lang='lat' dir='ltr'>deciperetur,</span> <span class='ocrx_word' id='word_1_263' title='bbox 945 2472 1064 2527; x_wconf 91' lang='lat' dir='ltr'>quod</span> <span class='ocrx_word' id='word_1_264' title='bbox 1088 2475 1208 2515; x_wconf 88' lang='lat' dir='ltr'>esset</span> <span class='ocrx_word' id='word_1_265' title='bbox 1240 2469 1526 2513; x_wconf 85' lang='lat' dir='ltr'>mendacium</span> <span class='ocrx_word' id='word_1_266' title='bbox 1559 2468 1608 2511; x_wconf 90' lang='lat' dir='ltr'>in</span> <span class='ocrx_word' id='word_1_267' title='bbox 1642 2467 1921 2511; x_wconf 73' lang='lat' dir='ltr'>confessione</span> <span class='ocrx_word' id='word_1_268' title='bbox 1960 2466 2163 2510; x_wconf 91' lang='lat' dir='ltr'>commis-</span> 
     </span>
     <span class='ocr_line' id='line_1_32' title="bbox 274 2541 2163 2602; baseline -0.003 -12"><span class='ocrx_word' id='word_1_269' title='bbox 274 2560 390 2590; x_wconf 88' lang='lat' dir='ltr'>sum.</span> <span class='ocrx_word' id='word_1_270' title='bbox 455 2547 544 2589; x_wconf 81' lang='lat' dir='ltr'>Ubi</span> <span class='ocrx_word' id='word_1_271' title='bbox 578 2560 685 2602; x_wconf 82' lang='lat' dir='ltr'>ergo</span> <span class='ocrx_word' id='word_1_272' title='bbox 721 2547 926 2602; x_wconf 86' lang='lat' dir='ltr'>deceptio</span> <span class='ocrx_word' id='word_1_273' title='bbox 960 2545 1224 2590; x_wconf 86' lang='lat' dir='ltr'>confessarii</span> <span class='ocrx_word' id='word_1_274' title='bbox 1258 2550 1305 2588; x_wconf 88' lang='lat' dir='ltr'>et</span> <span class='ocrx_word' id='word_1_275' title='bbox 1326 2543 1604 2599; x_wconf 90' lang='lat' dir='ltr'>implicitum</span> <span class='ocrx_word' id='word_1_276' title='bbox 1629 2542 1917 2586; x_wconf 86' lang='lat' dir='ltr'>mendacium</span> <span class='ocrx_word' id='word_1_277' title='bbox 1940 2542 1989 2585; x_wconf 93' lang='lat' dir='ltr'>in</span> <span class='ocrx_word' id='word_1_278' title='bbox 2012 2541 2163 2585; x_wconf 85' lang='lat' dir='ltr'>verbis</span> 
     </span>
     <span class='ocr_line' id='line_1_33' title="bbox 277 2615 2165 2677; baseline -0.004 -12"><span class='ocrx_word' id='word_1_279' title='bbox 277 2636 369 2665; x_wconf 91' lang='lat' dir='ltr'>non</span> <span class='ocrx_word' id='word_1_280' title='bbox 402 2621 678 2677; x_wconf 86' lang='lat' dir='ltr'>continetur,</span> <span class='ocrx_word' id='word_1_281' title='bbox 712 2621 1031 2677; x_wconf 86' lang='lat' dir='ltr'>pluralitatem</span> <span class='ocrx_word' id='word_1_282' title='bbox 1065 2620 1342 2663; x_wconf 86' lang='lat' dir='ltr'>obiectorum</span> <span class='ocrx_word' id='word_1_283' title='bbox 1377 2618 1580 2660; x_wconf 84' lang='lat' dir='ltr'>indicare</span> <span class='ocrx_word' id='word_1_284' title='bbox 1611 2631 1701 2660; x_wconf 91' lang='lat' dir='ltr'>non</span> <span class='ocrx_word' id='word_1_285' title='bbox 1733 2620 1803 2660; x_wconf 88' lang='lat' dir='ltr'>est</span> <span class='ocrx_word' id='word_1_286' title='bbox 1835 2629 2037 2671; x_wconf 88' lang='lat' dir='ltr'>necesse,</span> <span class='ocrx_word' id='word_1_287' title='bbox 2086 2615 2165 2671; x_wconf 88' lang='lat' dir='ltr'>qui</span> 
     </span>
     <span class='ocr_line' id='line_1_34' title="bbox 275 2691 2166 2752; baseline -0.004 -12"><span class='ocrx_word' id='word_1_288' title='bbox 275 2710 312 2740; x_wconf 90' lang='lat' dir='ltr'>e.</span> <span class='ocrx_word' id='word_1_289' title='bbox 347 2710 390 2752; x_wconf 84' lang='lat' dir='ltr'>g.</span> <span class='ocrx_word' id='word_1_290' title='bbox 424 2710 513 2740; x_wconf 87' lang='lat' dir='ltr'>uno</span> <span class='ocrx_word' id='word_1_291' title='bbox 547 2702 653 2740; x_wconf 88' lang='lat' dir='ltr'>actu</span> <span class='ocrx_word' id='word_1_292' title='bbox 687 2696 897 2752; x_wconf 90' lang='lat' dir='ltr'>pluribus</span> <span class='ocrx_word' id='word_1_293' title='bbox 931 2696 1148 2739; x_wconf 88' lang='lat' dir='ltr'>damnum</span> <span class='ocrx_word' id='word_1_294' title='bbox 1167 2694 1332 2737; x_wconf 84' lang='lat' dir='ltr'>intulit</span> <span class='ocrx_word' id='word_1_295' title='bbox 1354 2693 1426 2737; x_wconf 80' lang='lat' dir='ltr'>vel</span> <span class='ocrx_word' id='word_1_296' title='bbox 1450 2692 1714 2736; x_wconf 90' lang='lat' dir='ltr'>scandalum</span> <span class='ocrx_word' id='word_1_297' title='bbox 1740 2691 1883 2746; x_wconf 82' lang='lat' dir='ltr'>dedit,</span> <span class='ocrx_word' id='word_1_298' title='bbox 1917 2691 2166 2745; x_wconf 76' lang='lat' dir='ltr'>satisfacit,</span> 
     </span>
     <span class='ocr_line' id='line_1_35' title="bbox 273 2766 1811 2828; baseline -0.003 -13"><span class='ocrx_word' id='word_1_299' title='bbox 273 2772 311 2815; x_wconf 90' lang='lat' dir='ltr'>si</span> <span class='ocrx_word' id='word_1_300' title='bbox 347 2772 496 2815; x_wconf 89' lang='lat' dir='ltr'>dicat:</span> <span class='ocrx_word' id='word_1_301' title='bbox 528 2786 671 2828; x_wconf 58' lang='lat' dir='ltr'>grace</span> <span class='ocrx_word' id='word_1_302' title='bbox 706 2771 918 2814; x_wconf 80' lang='lat' dir='ltr'>damnum</span> <span class='ocrx_word' id='word_1_303' title='bbox 952 2770 1088 2813; x_wconf 76' lang='lat' dir='ltr'>intuli</span> <span class='ocrx_word' id='word_1_304' title='bbox 1118 2769 1190 2812; x_wconf 84' lang='lat' dir='ltr'>vel</span> <span class='ocrx_word' id='word_1_305' title='bbox 1220 2782 1363 2824; x_wconf 48' lang='lat' dir='ltr'>,arctoe</span> <span class='ocrx_word' id='word_1_306' title='bbox 1394 2767 1660 2811; x_wconf 75' lang='lat' dir='ltr'>scandalum</span> <span class='ocrx_word' id='word_1_307' title='bbox 1694 2766 1811 2810; x_wconf 82' lang='lat' dir='ltr'>dedi.</span> 
     </span>
    </p>
   </div>
   <div class='ocr_carea' id='block_1_10' title="bbox 274 2899 2170 3556">
    <p class='ocr_par' dir='ltr' id='par_1_12' title="bbox 274 2899 2170 3556">
     <span class='ocr_line' id='line_1_36' title="bbox 427 2899 2163 2958; baseline -0.005 -8"><span class='ocrx_word' id='word_1_308' title='bbox 427 2907 561 2950; x_wconf 77' lang='lat' dir='ltr'>Nota</span> <span class='ocrx_word' id='word_1_309' title='bbox 595 2910 639 2951; x_wconf 75' lang='lat'>2.</span> <span class='ocrx_word' id='word_1_310' title='bbox 705 2905 901 2950; x_wconf 87' lang='lat' dir='ltr'>Theoria</span> <span class='ocrx_word' id='word_1_311' title='bbox 933 2905 1065 2948; x_wconf 91' lang='lat' dir='ltr'>modo</span> <span class='ocrx_word' id='word_1_312' title='bbox 1100 2903 1309 2958; x_wconf 84' lang='lat' dir='ltr'>exposita</span> <span class='ocrx_word' id='word_1_313' title='bbox 1342 2902 1459 2946; x_wconf 84' lang='lat' dir='ltr'>circa</span> <span class='ocrx_word' id='word_1_314' title='bbox 1492 2902 1719 2945; x_wconf 87' lang='lat' dir='ltr'>obiectum</span> <span class='ocrx_word' id='word_1_315' title='bbox 1753 2901 1898 2944; x_wconf 86' lang='lat' dir='ltr'>totale</span> <span class='ocrx_word' id='word_1_316' title='bbox 1931 2905 2002 2944; x_wconf 89' lang='lat' dir='ltr'>est</span> <span class='ocrx_word' id='word_1_317' title='bbox 2024 2899 2163 2943; x_wconf 83' lang='lat' dir='ltr'>cardi-</span> 
     </span>
     <span class='ocr_line' id='line_1_37' title="bbox 274 2974 2164 3037; baseline -0.005 -13"><span class='ocrx_word' id='word_1_318' title='bbox 274 2981 392 3025; x_wconf 84' lang='lat' dir='ltr'>nalis</span> <span class='ocrx_word' id='word_1_319' title='bbox 428 2981 483 3024; x_wconf 87' lang='lat' dir='ltr'>de</span> <span class='ocrx_word' id='word_1_320' title='bbox 517 2982 646 3037; x_wconf 57' lang='lat' dir='ltr'>Lasso</span> <span class='ocrx_word' id='word_1_321' title='bbox 683 2982 755 3034; x_wconf 87' lang='lat' dir='ltr'>(de</span> <span class='ocrx_word' id='word_1_322' title='bbox 791 2994 920 3036; x_wconf 89' lang='lat' dir='ltr'>poen.</span> <span class='ocrx_word' id='word_1_323' title='bbox 957 2980 998 3022; x_wconf 89' lang='lat' dir='ltr'>d.</span> <span class='ocrx_word' id='word_1_324' title='bbox 1037 2979 1106 3023; x_wconf 87' lang='grc'>16.</span> <span class='ocrx_word' id='word_1_325' title='bbox 1139 2993 1183 3021; x_wconf 92' lang='lat' dir='ltr'>n.</span> <span class='ocrx_word' id='word_1_326' title='bbox 1219 2978 1305 3020; x_wconf 83' lang='lat'>104</span> <span class='ocrx_word' id='word_1_327' title='bbox 1324 2976 1419 3033; x_wconf 79' lang='lat' dir='ltr'>ss),</span> <span class='ocrx_word' id='word_1_328' title='bbox 1453 2977 1529 3031; x_wconf 90' lang='lat' dir='ltr'>qui</span> <span class='ocrx_word' id='word_1_329' title='bbox 1563 2981 1747 3021; x_wconf 87' lang='lat' dir='ltr'>secutus</span> <span class='ocrx_word' id='word_1_330' title='bbox 1781 2979 1850 3019; x_wconf 91' lang='lat' dir='ltr'>est</span> <span class='ocrx_word' id='word_1_331' title='bbox 1874 2974 2164 3018; x_wconf 76' lang='lat' dir='ltr'>Sum-esium.</span> 
     </span>
     <span class='ocr_line' id='line_1_38' title="bbox 278 3049 2168 3110; baseline -0.004 -11"><span class='ocrx_word' id='word_1_332' title='bbox 278 3056 397 3099; x_wconf 87' lang='lat' dir='ltr'>Sunt</span> <span class='ocrx_word' id='word_1_333' title='bbox 430 3055 612 3110; x_wconf 90' lang='lat' dir='ltr'>quidem</span> <span class='ocrx_word' id='word_1_334' title='bbox 647 3056 798 3110; x_wconf 89' lang='lat' dir='ltr'>plures</span> <span class='ocrx_word' id='word_1_335' title='bbox 832 3059 877 3098; x_wconf 88' lang='lat' dir='ltr'>et</span> <span class='ocrx_word' id='word_1_336' title='bbox 911 3067 1074 3110; x_wconf 81' lang='lat' dir='ltr'>graves</span> <span class='ocrx_word' id='word_1_337' title='bbox 1107 3057 1328 3108; x_wconf 86' lang='lat' dir='ltr'>auct-ores,</span> <span class='ocrx_word' id='word_1_338' title='bbox 1361 3052 1484 3095; x_wconf 84' lang='lat' dir='ltr'>inter</span> <span class='ocrx_word' id='word_1_339' title='bbox 1515 3065 1626 3106; x_wconf 85' lang='lat' dir='ltr'>quos</span> <span class='ocrx_word' id='word_1_340' title='bbox 1659 3051 1800 3094; x_wconf 88' lang='lat' dir='ltr'>etiam</span> <span class='ocrx_word' id='word_1_341' title='bbox 1833 3065 1869 3094; x_wconf 78' lang='lat' dir='ltr'>s.</span> <span class='ocrx_word' id='word_1_342' title='bbox 1903 3049 2168 3105; x_wconf 75' lang='lat' dir='ltr'>Alpleonsns</span> 
     </span>
     <span class='ocr_line' id='line_1_39' title="bbox 275 3122 2166 3184; baseline -0.005 -11"><span class='ocrx_word' id='word_1_343' title='bbox 275 3133 336 3184; x_wconf 90' lang='lat' dir='ltr'>(n.</span> <span class='ocrx_word' id='word_1_344' title='bbox 371 3130 463 3184; x_wconf 79' lang='lat'>45),</span> <span class='ocrx_word' id='word_1_345' title='bbox 504 3130 581 3184; x_wconf 87' lang='lat' dir='ltr'>qui</span> <span class='ocrx_word' id='word_1_346' title='bbox 628 3130 905 3173; x_wconf 87' lang='lat' dir='ltr'>sententiam</span> <span class='ocrx_word' id='word_1_347' title='bbox 950 3128 1219 3172; x_wconf 85' lang='lat' dir='ltr'>severiorem</span> <span class='ocrx_word' id='word_1_348' title='bbox 1269 3132 1509 3181; x_wconf 89' lang='lat' dir='ltr'>sequentes</span> <span class='ocrx_word' id='word_1_349' title='bbox 1553 3129 1773 3169; x_wconf 83' lang='lat' dir='ltr'>statuunt</span> <span class='ocrx_word' id='word_1_350' title='bbox 1811 3137 2051 3167; x_wconf 89' lang='lat' dir='ltr'>numerum</span> <span class='ocrx_word' id='word_1_351' title='bbox 2096 3122 2166 3165; x_wconf 92' lang='lat' dir='ltr'>ob-</span> 
     </span>
     <span class='ocr_line' id='line_1_40' title="bbox 279 3199 2169 3259; baseline -0.005 -10"><span class='ocrx_word' id='word_1_352' title='bbox 279 3205 388 3249; x_wconf 88' lang='lat' dir='ltr'>iecti</span> <span class='ocrx_word' id='word_1_353' title='bbox 422 3204 584 3248; x_wconf 88' lang='lat' dir='ltr'>totalis</span> <span class='ocrx_word' id='word_1_354' title='bbox 616 3204 665 3247; x_wconf 89' lang='lat' dir='ltr'>in</span> <span class='ocrx_word' id='word_1_355' title='bbox 699 3204 979 3248; x_wconf 79' lang='lat' dir='ltr'>confessione</span> <span class='ocrx_word' id='word_1_356' title='bbox 1023 3203 1344 3259; x_wconf 82' lang='lat' dir='ltr'>explicandum</span> <span class='ocrx_word' id='word_1_357' title='bbox 1393 3215 1501 3244; x_wconf 89' lang='lat' dir='ltr'>esse.</span> <span class='ocrx_word' id='word_1_358' title='bbox 1567 3201 1677 3243; x_wconf 81' lang='lat' dir='ltr'>Cum</span> <span class='ocrx_word' id='word_1_359' title='bbox 1723 3204 1880 3243; x_wconf 89' lang='lat' dir='ltr'>tamen</span> <span class='ocrx_word' id='word_1_360' title='bbox 1919 3199 2031 3242; x_wconf 88' lang='lat' dir='ltr'>haec</span> <span class='ocrx_word' id='word_1_361' title='bbox 2070 3210 2169 3240; x_wconf 89' lang='lat' dir='ltr'>sen—</span> 
     </span>
     <span class='ocr_line' id='line_1_41' title="bbox 278 3271 2168 3334; baseline -0.005 -11"><span class='ocrx_word' id='word_1_362' title='bbox 278 3280 431 3323; x_wconf 87' lang='lat' dir='ltr'>tentia</span> <span class='ocrx_word' id='word_1_363' title='bbox 463 3280 590 3323; x_wconf 88' lang='lat' dir='ltr'>ultra</span> <span class='ocrx_word' id='word_1_364' title='bbox 621 3278 995 3334; x_wconf 84' lang='lat' dir='ltr'>probabilitatem</span> <span class='ocrx_word' id='word_1_365' title='bbox 1028 3292 1119 3321; x_wconf 91' lang='lat' dir='ltr'>non</span> <span class='ocrx_word' id='word_1_366' title='bbox 1162 3277 1392 3331; x_wconf 84' lang='lat' dir='ltr'>ascendat,</span> <span class='ocrx_word' id='word_1_367' title='bbox 1439 3277 1484 3319; x_wconf 80' lang='lat' dir='ltr'>in</span> <span class='ocrx_word' id='word_1_368' title='bbox 1530 3275 1690 3318; x_wconf 75' lang='lat' dir='ltr'>ordine</span> <span class='ocrx_word' id='word_1_369' title='bbox 1733 3273 1794 3316; x_wconf 86' lang='lat' dir='ltr'>ad</span> <span class='ocrx_word' id='word_1_370' title='bbox 1836 3271 2168 3330; x_wconf 79' lang='lat' dir='ltr'>confessionem·</span> 
     </span>
     <span class='ocr_line' id='line_1_42' title="bbox 280 3347 2160 3404; baseline -0.005 -7"><span class='ocrx_word' id='word_1_371' title='bbox 280 3354 521 3397; x_wconf 84' lang='lat' dir='ltr'>dicendum</span> <span class='ocrx_word' id='word_1_372' title='bbox 556 3358 626 3397; x_wconf 89' lang='lat' dir='ltr'>est</span> <span class='ocrx_word' id='word_1_373' title='bbox 658 3366 901 3397; x_wconf 87' lang='lat' dir='ltr'>numerum</span> <span class='ocrx_word' id='word_1_374' title='bbox 937 3353 1100 3396; x_wconf 87' lang='lat' dir='ltr'>obiecti</span> <span class='ocrx_word' id='word_1_375' title='bbox 1134 3352 1296 3395; x_wconf 86' lang='lat' dir='ltr'>totalis</span> <span class='ocrx_word' id='word_1_376' title='bbox 1330 3350 1610 3394; x_wconf 86' lang='lat' dir='ltr'>constituere</span> <span class='ocrx_word' id='word_1_377' title='bbox 1643 3349 1826 3404; x_wconf 88' lang='lat' dir='ltr'>quidem</span> <span class='ocrx_word' id='word_1_378' title='bbox 1859 3347 2160 3391; x_wconf 88' lang='lat' dir='ltr'>circumstan-</span> 
     </span>
     <span class='ocr_line' id='line_1_43' title="bbox 281 3419 2168 3485; baseline -0.004 -14"><span class='ocrx_word' id='word_1_379' title='bbox 281 3430 396 3473; x_wconf 90' lang='lat' dir='ltr'>tiam</span> <span class='ocrx_word' id='word_1_380' title='bbox 431 3432 782 3485; x_wconf 80' lang='lat' dir='ltr'>aggravantem,</span> <span class='ocrx_word' id='word_1_381' title='bbox 814 3442 904 3471; x_wconf 89' lang='lat' dir='ltr'>non</span> <span class='ocrx_word' id='word_1_382' title='bbox 938 3433 1092 3471; x_wconf 85' lang='lat' dir='ltr'>autem</span> <span class='ocrx_word' id='word_1_383' title='bbox 1127 3427 1260 3483; x_wconf 88' lang='lat' dir='ltr'>plura</span> <span class='ocrx_word' id='word_1_384' title='bbox 1292 3429 1478 3481; x_wconf 86' lang='lat' dir='ltr'>peccata</span> <span class='ocrx_word' id='word_1_385' title='bbox 1510 3423 1761 3468; x_wconf 88' lang='lat' dir='ltr'>necessario</span> <span class='ocrx_word' id='word_1_386' title='bbox 1800 3422 1849 3465; x_wconf 91' lang='lat' dir='ltr'>in</span> <span class='ocrx_word' id='word_1_387' title='bbox 1883 3419 2168 3465; x_wconf 78' lang='lat' dir='ltr'>confessione</span> 
     </span>
     <span class='ocr_line' id='line_1_44' title="bbox 283 3496 2170 3556; baseline -0.005 -10"><span class='ocrx_word' id='word_1_388' title='bbox 283 3504 568 3548; x_wconf 83' lang='lat' dir='ltr'>declaranda.</span> <span class='ocrx_word' id='word_1_389' title='bbox 632 3504 691 3547; x_wconf 90' lang='lat' dir='ltr'>Et</span> <span class='ocrx_word' id='word_1_390' title='bbox 728 3516 834 3546; x_wconf 86' lang='lat' dir='ltr'>sane</span> <span class='ocrx_word' id='word_1_391' title='bbox 868 3516 1020 3547; x_wconf 88' lang='lat' dir='ltr'>eorum</span> <span class='ocrx_word' id='word_1_392' title='bbox 1054 3502 1173 3545; x_wconf 87' lang='lat' dir='ltr'>ratio</span> <span class='ocrx_word' id='word_1_393' title='bbox 1219 3505 1303 3556; x_wconf 85' lang='lat' dir='ltr'>est,</span> <span class='ocrx_word' id='word_1_394' title='bbox 1350 3500 1468 3543; x_wconf 91' lang='lat' dir='ltr'>nihil</span> <span class='ocrx_word' id='word_1_395' title='bbox 1517 3500 1711 3552; x_wconf 87' lang='lat' dir='ltr'>obstare,</span> <span class='ocrx_word' id='word_1_396' title='bbox 1760 3496 2001 3552; x_wconf 86' lang='lat' dir='ltr'>quominus</span> <span class='ocrx_word' id='word_1_397' title='bbox 2048 3507 2170 3538; x_wconf 87' lang='lat' dir='ltr'>unus</span> 
     </span>
    </p>
   </div>
  </div>
 </body>
</html>
