<?xml version="1.0" encoding="UTF-8"?>
<!DOCTYPE html PUBLIC "-//W3C//DTD XHTML 1.0 Transitional//EN"
    "http://www.w3.org/TR/xhtml1/DTD/xhtml1-transitional.dtd">
<html xmlns="http://www.w3.org/1999/xhtml" xml:lang="en" lang="en">
 <head>
  <title>
</title>
<meta http-equiv="Content-Type" content="text/html;charset=utf-8" />
  <meta name='ocr-system' content='tesseract 3.04.00' />
  <meta name='ocr-capabilities' content='ocr_page ocr_carea ocr_par ocr_line ocrx_word'/>
</head>
<body>
  <div class='ocr_page' id='page_1' title='image "./summatheologiaem00nold_0551.png"; bbox 0 0 2269 3898; ppageno 0'>
   <div class='ocr_carea' id='block_1_1' title="bbox 670 128 1983 175">
    <p class='ocr_par' dir='ltr' id='par_1_1' title="bbox 670 128 1983 175">
     <span class='ocr_line' id='line_1_1' title="bbox 670 128 1983 175; baseline 0.003 -5"><span class='ocrx_word' id='word_1_1' title='bbox 670 128 736 171; x_wconf 92' lang='lat' dir='ltr'><strong>De</strong></span> <span class='ocrx_word' id='word_1_2' title='bbox 766 128 1096 172; x_wconf 85' lang='lat' dir='ltr'><strong>revalidatione</strong></span> <span class='ocrx_word' id='word_1_3' title='bbox 1127 129 1420 172; x_wconf 80' lang='lat' dir='ltr'>matrimonii.</span> <span class='ocrx_word' id='word_1_4' title='bbox 1897 132 1983 175; x_wconf 79' lang='lat'><strong>183</strong></span> 
     </span>
    </p>
   </div>
   <div class='ocr_carea' id='block_1_2' title="bbox 114 259 1981 465">
    <p class='ocr_par' dir='ltr' id='par_1_2' title="bbox 114 259 1981 465">
     <span class='ocr_line' id='line_1_2' title="bbox 116 259 1981 313; baseline 0.002 -11"><span class='ocrx_word' id='word_1_5' title='bbox 116 259 239 313; x_wconf 81' lang='lat' dir='ltr'>iugis</span> <span class='ocrx_word' id='word_1_6' title='bbox 270 259 361 302; x_wconf 90' lang='lat' dir='ltr'><strong>iam</strong></span> <span class='ocrx_word' id='word_1_7' title='bbox 396 264 635 303; x_wconf 76' lang='lat' dir='ltr'>cessasset:</span> <span class='ocrx_word' id='word_1_8' title='bbox 671 273 911 303; x_wconf 89' lang='lat' dir='ltr'>consensus</span> <span class='ocrx_word' id='word_1_9' title='bbox 945 261 1063 303; x_wconf 89' lang='lat' dir='ltr'><strong>enim</strong></span> <span class='ocrx_word' id='word_1_10' title='bbox 1096 261 1193 304; x_wconf 88' lang='lat' dir='ltr'><strong>iure</strong></span> <span class='ocrx_word' id='word_1_11' title='bbox 1225 261 1426 304; x_wconf 88' lang='lat' dir='ltr'><strong>naturali</strong></span> <span class='ocrx_word' id='word_1_12' title='bbox 1459 262 1530 304; x_wconf 87' lang='lat' dir='ltr'><strong>vel</strong></span> <span class='ocrx_word' id='word_1_13' title='bbox 1565 262 1718 305; x_wconf 87' lang='lat' dir='ltr'><strong>divino</strong></span> <span class='ocrx_word' id='word_1_14' title='bbox 1750 263 1981 306; x_wconf 86' lang='lat' dir='ltr'><strong>invalidus</strong></span> 
     </span>
     <span class='ocr_line' id='line_1_3' title="bbox 114 332 1979 387; baseline 0.002 -12"><span class='ocrx_word' id='word_1_15' title='bbox 114 332 382 376; x_wconf 86' lang='lat' dir='ltr'>insanabilis</span> <span class='ocrx_word' id='word_1_16' title='bbox 414 340 496 377; x_wconf 87' lang='lat' dir='ltr'>est.</span> <span class='ocrx_word' id='word_1_17' title='bbox 561 333 707 387; x_wconf 82' lang='lat' dir='ltr'><strong>Quare</strong></span> <span class='ocrx_word' id='word_1_18' title='bbox 730 334 1070 377; x_wconf 78' lang='lat' dir='ltr'><strong>matrimonium</strong></span> <span class='ocrx_word' id='word_1_19' title='bbox 1094 335 1191 378; x_wconf 91' lang='lat' dir='ltr'><strong>iure</strong></span> <span class='ocrx_word' id='word_1_20' title='bbox 1212 336 1414 378; x_wconf 88' lang='lat' dir='ltr'><strong>naturali</strong></span> <span class='ocrx_word' id='word_1_21' title='bbox 1446 337 1517 379; x_wconf 85' lang='lat' dir='ltr'><strong>vel</strong></span> <span class='ocrx_word' id='word_1_22' title='bbox 1551 336 1703 379; x_wconf 86' lang='lat' dir='ltr'><strong>divino</strong></span> <span class='ocrx_word' id='word_1_23' title='bbox 1725 337 1979 380; x_wconf 81' lang='lat' dir='ltr'><strong>invalidum</strong></span> 
     </span>
     <span class='ocr_line' id='line_1_4' title="bbox 119 407 1979 465; baseline 0.002 -15"><span class='ocrx_word' id='word_1_24' title='bbox 119 408 262 450; x_wconf 92' lang='lat' dir='ltr'><strong>solum</strong></span> <span class='ocrx_word' id='word_1_25' title='bbox 282 420 360 462; x_wconf 85' lang='lat' dir='ltr'><strong>per</strong></span> <span class='ocrx_word' id='word_1_26' title='bbox 376 421 544 451; x_wconf 90' lang='lat' dir='ltr'><strong>novum</strong></span> <span class='ocrx_word' id='word_1_27' title='bbox 564 421 826 450; x_wconf 91' lang='lat' dir='ltr'>consensum</span> <span class='ocrx_word' id='word_1_28' title='bbox 844 407 965 451; x_wconf 89' lang='lat' dir='ltr'><strong>inter</strong></span> <span class='ocrx_word' id='word_1_29' title='bbox 982 421 1194 463; x_wconf 79' lang='lat' dir='ltr'>personas</span> <span class='ocrx_word' id='word_1_30' title='bbox 1212 410 1342 452; x_wconf 81' lang='lat' dir='ltr'><strong>modo</strong></span> <span class='ocrx_word' id='word_1_31' title='bbox 1360 409 1533 453; x_wconf 85' lang='lat' dir='ltr'>habiles</span> <span class='ocrx_word' id='word_1_32' title='bbox 1549 410 1792 453; x_wconf 88' lang='lat' dir='ltr'><strong>revalidari</strong></span> <span class='ocrx_word' id='word_1_33' title='bbox 1815 415 1979 465; x_wconf 86' lang='lat' dir='ltr'>potest.</span> 
     </span>
    </p>
   </div>
   <div class='ocr_carea' id='block_1_3' title="bbox 114 497 1980 743">
    <p class='ocr_par' dir='ltr' id='par_1_3' title="bbox 114 497 1980 743">
     <span class='ocr_line' id='line_1_5' title="bbox 266 497 1980 566; baseline 0.002 -19"><span class='ocrx_word' id='word_1_34' title='bbox 266 497 313 548; x_wconf 67' lang='lat'><strong>⁵2.</strong></span> <span class='ocrx_word' id='word_1_35' title='bbox 356 497 433 549; x_wconf 71' lang='lat' dir='ltr'><strong>Ut</strong></span> <span class='ocrx_word' id='word_1_36' title='bbox 474 499 530 547; x_wconf 89' lang='lat' dir='ltr'><strong>in</strong></span> <span class='ocrx_word' id='word_1_37' title='bbox 572 499 846 566; x_wconf 87' lang='lat' dir='ltr'><strong>principio</strong></span> <span class='ocrx_word' id='word_1_38' title='bbox 891 516 1169 549; x_wconf 77' lang='lat' dir='ltr'>consensus</span> <span class='ocrx_word' id='word_1_39' title='bbox 1212 517 1360 549; x_wconf 75' lang='lat' dir='ltr'>cerus</span> <span class='ocrx_word' id='word_1_40' title='bbox 1401 498 1561 549; x_wconf 89' lang='lat' dir='ltr'><strong>datus</strong></span> <span class='ocrx_word' id='word_1_41' title='bbox 1602 501 1700 550; x_wconf 91' lang='lat' dir='ltr'>sit:</span> <span class='ocrx_word' id='word_1_42' title='bbox 1756 513 1980 552; x_wconf 89' lang='lat' dir='ltr'><strong>sanatur</strong></span> 
     </span>
     <span class='ocr_line' id='line_1_6' title="bbox 116 586 1979 652; baseline 0.002 -16"><span class='ocrx_word' id='word_1_43' title='bbox 116 587 262 636; x_wconf 89' lang='lat' dir='ltr'><strong>enim</strong></span> <span class='ocrx_word' id='word_1_44' title='bbox 315 586 476 637; x_wconf 82' lang='lat' dir='ltr'><strong>radix</strong></span> <span class='ocrx_word' id='word_1_45' title='bbox 533 587 869 637; x_wconf 83' lang='lat' dir='ltr'><strong>matrimonii</strong></span> <span class='ocrx_word' id='word_1_46' title='bbox 931 605 1026 637; x_wconf 92' lang='lat' dir='ltr'><strong>seu</strong></span> <span class='ocrx_word' id='word_1_47' title='bbox 1087 605 1409 652; x_wconf 83' lang='lat' dir='ltr'>consensus3</span> <span class='ocrx_word' id='word_1_48' title='bbox 1472 587 1567 638; x_wconf 90' lang='lat' dir='ltr'><strong>sed</strong></span> <span class='ocrx_word' id='word_1_49' title='bbox 1629 590 1811 639; x_wconf 89' lang='lat' dir='ltr'><strong>sanari</strong></span> <span class='ocrx_word' id='word_1_50' title='bbox 1870 607 1979 640; x_wconf 87' lang='lat' dir='ltr'>non</span> 
     </span>
     <span class='ocr_line' id='line_1_7' title="bbox 114 674 1138 743; baseline 0.001 -18"><span class='ocrx_word' id='word_1_51' title='bbox 114 683 308 743; x_wconf 82' lang='lat' dir='ltr'>potest,</span> <span class='ocrx_word' id='word_1_52' title='bbox 351 675 497 743; x_wconf 90' lang='lat' dir='ltr'><strong>quod</strong></span> <span class='ocrx_word' id='word_1_53' title='bbox 539 674 688 726; x_wconf 90' lang='lat' dir='ltr'><strong>nullo</strong></span> <span class='ocrx_word' id='word_1_54' title='bbox 731 675 892 726; x_wconf 89' lang='lat' dir='ltr'><strong>modo</strong></span> <span class='ocrx_word' id='word_1_55' title='bbox 938 677 1138 727; x_wconf 82' lang='lat' dir='ltr'>existit.</span> 
     </span>
    </p>
   </div>
   <div class='ocr_carea' id='block_1_4' title="bbox 108 778 1981 1936">
    <p class='ocr_par' dir='ltr' id='par_1_4' title="bbox 112 778 1981 1130">
     <span class='ocr_line' id='line_1_8' title="bbox 263 778 1981 834; baseline 0.001 -14"><span class='ocrx_word' id='word_1_56' title='bbox 263 792 303 820; x_wconf 80' lang='lat' dir='ltr'><strong>a.</strong></span> <span class='ocrx_word' id='word_1_57' title='bbox 329 778 373 821; x_wconf 86' lang='lat' dir='ltr'><strong>Si</strong></span> <span class='ocrx_word' id='word_1_58' title='bbox 396 791 488 821; x_wconf 90' lang='lat' dir='ltr'><strong>una</strong></span> <span class='ocrx_word' id='word_1_59' title='bbox 519 782 703 821; x_wconf 86' lang='lat' dir='ltr'><strong>tantum</strong></span> <span class='ocrx_word' id='word_1_60' title='bbox 728 792 832 833; x_wconf 87' lang='lat' dir='ltr'><strong>pars</strong></span> <span class='ocrx_word' id='word_1_61' title='bbox 866 792 1020 822; x_wconf 83' lang='lat' dir='ltr'><strong>verum</strong></span> <span class='ocrx_word' id='word_1_62' title='bbox 1049 792 1311 822; x_wconf 88' lang='lat' dir='ltr'>consensum</span> <span class='ocrx_word' id='word_1_63' title='bbox 1348 780 1474 822; x_wconf 83' lang='lat' dir='ltr'><strong>dedit</strong></span> <span class='ocrx_word' id='word_1_64' title='bbox 1507 785 1553 822; x_wconf 90' lang='lat' dir='ltr'><strong>et</strong></span> <span class='ocrx_word' id='word_1_65' title='bbox 1586 779 1699 822; x_wconf 89' lang='lat' dir='ltr'><strong>bona</strong></span> <span class='ocrx_word' id='word_1_66' title='bbox 1733 780 1822 822; x_wconf 82' lang='lat' dir='ltr'><strong>tide</strong></span> <span class='ocrx_word' id='word_1_67' title='bbox 1845 784 1981 834; x_wconf 89' lang='lat' dir='ltr'><strong>putat</strong></span> 
     </span>
     <span class='ocr_line' id='line_1_9' title="bbox 113 852 1978 908; baseline 0.002 -14"><span class='ocrx_word' id='word_1_68' title='bbox 113 852 457 895; x_wconf 79' lang='lat' dir='ltr'><strong>matrimonium</strong></span> <span class='ocrx_word' id='word_1_69' title='bbox 492 865 586 896; x_wconf 90' lang='lat' dir='ltr'>esse</span> <span class='ocrx_word' id='word_1_70' title='bbox 617 853 838 907; x_wconf 87' lang='lat' dir='ltr'><strong>validum,</strong></span> <span class='ocrx_word' id='word_1_71' title='bbox 872 853 968 896; x_wconf 90' lang='lat' dir='ltr'>eius</span> <span class='ocrx_word' id='word_1_72' title='bbox 1003 867 1242 897; x_wconf 80' lang='lat' dir='ltr'><strong>consensus</strong></span> <span class='ocrx_word' id='word_1_73' title='bbox 1265 853 1414 897; x_wconf 86' lang='lat' dir='ltr'><strong>sanari</strong></span> <span class='ocrx_word' id='word_1_74' title='bbox 1441 858 1616 908; x_wconf 87' lang='lat' dir='ltr'><strong>potest:</strong></span> <span class='ocrx_word' id='word_1_75' title='bbox 1651 855 1794 896; x_wconf 86' lang='lat' dir='ltr'><strong>altera</strong></span> <span class='ocrx_word' id='word_1_76' title='bbox 1827 860 1978 897; x_wconf 87' lang='lat' dir='ltr'><strong>autem</strong></span> 
     </span>
     <span class='ocr_line' id='line_1_10' title="bbox 112 927 1975 983; baseline 0.002 -15"><span class='ocrx_word' id='word_1_77' title='bbox 112 940 216 980; x_wconf 88' lang='lat' dir='ltr'><strong>pars</strong></span> <span class='ocrx_word' id='word_1_78' title='bbox 250 939 513 969; x_wconf 90' lang='lat' dir='ltr'>consensum</span> <span class='ocrx_word' id='word_1_79' title='bbox 554 940 768 970; x_wconf 88' lang='lat' dir='ltr'><strong>renovare</strong></span> <span class='ocrx_word' id='word_1_80' title='bbox 803 927 947 970; x_wconf 86' lang='lat' dir='ltr'>debet.</span> <span class='ocrx_word' id='word_1_81' title='bbox 1011 927 1056 971; x_wconf 82' lang='lat' dir='ltr'><strong>Si</strong></span> <span class='ocrx_word' id='word_1_82' title='bbox 1088 931 1278 983; x_wconf 88' lang='lat' dir='ltr'><strong>uterque</strong></span> <span class='ocrx_word' id='word_1_83' title='bbox 1320 928 1482 971; x_wconf 73' lang='lat' dir='ltr'><strong>coniux</strong></span> <span class='ocrx_word' id='word_1_84' title='bbox 1525 927 1668 970; x_wconf 89' lang='lat' dir='ltr'>sciens</span> <span class='ocrx_word' id='word_1_85' title='bbox 1714 928 1975 971; x_wconf 85' lang='lat' dir='ltr'><strong>nullitatem</strong></span> 
     </span>
     <span class='ocr_line' id='line_1_11' title="bbox 112 1000 1979 1057; baseline 0.001 -15"><span class='ocrx_word' id='word_1_86' title='bbox 112 1000 390 1043; x_wconf 84' lang='lat' dir='ltr'><strong>matrimonii</strong></span> <span class='ocrx_word' id='word_1_87' title='bbox 441 1001 562 1044; x_wconf 92' lang='lat' dir='ltr'><strong>mala</strong></span> <span class='ocrx_word' id='word_1_88' title='bbox 601 1001 692 1044; x_wconf 86' lang='lat' dir='ltr'>fide</span> <span class='ocrx_word' id='word_1_89' title='bbox 737 1002 980 1057; x_wconf 78' lang='lat' dir='ltr'><strong>contraxit,</strong></span> <span class='ocrx_word' id='word_1_90' title='bbox 1028 1002 1371 1045; x_wconf 86' lang='lat' dir='ltr'><strong>matrimonium</strong></span> <span class='ocrx_word' id='word_1_91' title='bbox 1418 1002 1466 1045; x_wconf 92' lang='lat' dir='ltr'><strong>in</strong></span> <span class='ocrx_word' id='word_1_92' title='bbox 1510 1001 1660 1045; x_wconf 87' lang='lat' dir='ltr'><strong>radice</strong></span> <span class='ocrx_word' id='word_1_93' title='bbox 1700 1002 1849 1045; x_wconf 88' lang='lat' dir='ltr'><strong>sanari</strong></span> <span class='ocrx_word' id='word_1_94' title='bbox 1891 1016 1979 1045; x_wconf 90' lang='lat' dir='ltr'><strong>non</strong></span> 
     </span>
     <span class='ocr_line' id='line_1_12' title="bbox 112 1075 1244 1130; baseline 0.001 -12"><span class='ocrx_word' id='word_1_95' title='bbox 112 1080 278 1130; x_wconf 85' lang='lat' dir='ltr'>potest,</span> <span class='ocrx_word' id='word_1_96' title='bbox 312 1075 418 1129; x_wconf 87' lang='lat' dir='ltr'><strong>quia</strong></span> <span class='ocrx_word' id='word_1_97' title='bbox 449 1076 601 1118; x_wconf 87' lang='lat' dir='ltr'><strong>nullus</strong></span> <span class='ocrx_word' id='word_1_98' title='bbox 635 1076 793 1119; x_wconf 87' lang='lat' dir='ltr'><strong>aderat</strong></span> <span class='ocrx_word' id='word_1_99' title='bbox 826 1089 958 1119; x_wconf 89' lang='lat' dir='ltr'><strong>verus</strong></span> <span class='ocrx_word' id='word_1_100' title='bbox 992 1089 1244 1120; x_wconf 85' lang='lat' dir='ltr'>consensus.</span> 
     </span>
    </p>

    <p class='ocr_par' dir='ltr' id='par_1_5' title="bbox 109 1149 1979 1490">
     <span class='ocr_line' id='line_1_13' title="bbox 261 1149 1978 1195; baseline 0.001 -4"><span class='ocrx_word' id='word_1_101' title='bbox 261 1151 297 1192; x_wconf 79' lang='lat' dir='ltr'><strong>b.</strong></span> <span class='ocrx_word' id='word_1_102' title='bbox 333 1149 486 1192; x_wconf 88' lang='lat' dir='ltr'><strong>Etiam</strong></span> <span class='ocrx_word' id='word_1_103' title='bbox 534 1151 869 1193; x_wconf 75' lang='lat' dir='ltr'><strong>matrimonium</strong></span> <span class='ocrx_word' id='word_1_104' title='bbox 915 1151 1040 1194; x_wconf 66' lang='lat' dir='ltr'>civile</span> <span class='ocrx_word' id='word_1_105' title='bbox 1088 1164 1142 1195; x_wconf 75' lang='lat' dir='ltr'><strong>ex</strong></span> <span class='ocrx_word' id='word_1_106' title='bbox 1188 1151 1312 1194; x_wconf 87' lang='lat' dir='ltr'><strong>iusta</strong></span> <span class='ocrx_word' id='word_1_107' title='bbox 1359 1164 1493 1194; x_wconf 89' lang='lat' dir='ltr'>causa</span> <span class='ocrx_word' id='word_1_108' title='bbox 1539 1151 1586 1193; x_wconf 92' lang='lat' dir='ltr'><strong>in</strong></span> <span class='ocrx_word' id='word_1_109' title='bbox 1634 1150 1784 1194; x_wconf 89' lang='lat' dir='ltr'><strong>radice</strong></span> <span class='ocrx_word' id='word_1_110' title='bbox 1831 1151 1978 1193; x_wconf 85' lang='lat' dir='ltr'><strong>sanari</strong></span> 
     </span>
     <span class='ocr_line' id='line_1_14' title="bbox 111 1224 1979 1279; baseline 0.001 -13"><span class='ocrx_word' id='word_1_111' title='bbox 111 1228 262 1278; x_wconf 88' lang='lat' dir='ltr'><strong>potest</strong></span> <span class='ocrx_word' id='word_1_112' title='bbox 295 1228 340 1267; x_wconf 89' lang='lat' dir='ltr'><strong>et</strong></span> <span class='ocrx_word' id='word_1_113' title='bbox 375 1225 428 1267; x_wconf 90' lang='lat' dir='ltr'>de</span> <span class='ocrx_word' id='word_1_114' title='bbox 459 1225 581 1268; x_wconf 74' lang='lat' dir='ltr'><strong>facto</strong></span> <span class='ocrx_word' id='word_1_115' title='bbox 625 1224 850 1268; x_wconf 76' lang='lat' dir='ltr'>existente</span> <span class='ocrx_word' id='word_1_116' title='bbox 883 1225 1013 1279; x_wconf 82' lang='lat' dir='ltr'><strong>gravi</strong></span> <span class='ocrx_word' id='word_1_117' title='bbox 1058 1239 1192 1268; x_wconf 89' lang='lat' dir='ltr'>causa</span> <span class='ocrx_word' id='word_1_118' title='bbox 1232 1225 1380 1268; x_wconf 87' lang='lat' dir='ltr'><strong>sanari</strong></span> <span class='ocrx_word' id='word_1_119' title='bbox 1426 1225 1553 1279; x_wconf 88' lang='lat' dir='ltr'>solet,</span> <span class='ocrx_word' id='word_1_120' title='bbox 1594 1225 1724 1268; x_wconf 88' lang='lat' dir='ltr'><strong>modo</strong></span> <span class='ocrx_word' id='word_1_121' title='bbox 1758 1224 1813 1268; x_wconf 85' lang='lat' dir='ltr'><strong>ab</strong></span> <span class='ocrx_word' id='word_1_122' title='bbox 1845 1224 1979 1267; x_wconf 90' lang='lat' dir='ltr'><strong>initio</strong></span> 
     </span>
     <span class='ocr_line' id='line_1_15' title="bbox 110 1299 1979 1343; baseline 0 -2"><span class='ocrx_word' id='word_1_123' title='bbox 110 1312 242 1342; x_wconf 86' lang='lat' dir='ltr'><strong>verus</strong></span> <span class='ocrx_word' id='word_1_124' title='bbox 266 1312 505 1342; x_wconf 80' lang='lat' dir='ltr'>consensus</span> <span class='ocrx_word' id='word_1_125' title='bbox 538 1299 888 1342; x_wconf 84' lang='lat' dir='ltr'><strong>matrimonialis</strong></span> <span class='ocrx_word' id='word_1_126' title='bbox 914 1300 1048 1342; x_wconf 87' lang='lat' dir='ltr'><strong>datus</strong></span> <span class='ocrx_word' id='word_1_127' title='bbox 1082 1299 1155 1342; x_wconf 90' lang='lat' dir='ltr'>sit.</span> <span class='ocrx_word' id='word_1_128' title='bbox 1220 1301 1440 1343; x_wconf 85' lang='lat' dir='ltr'><strong>Attamen</strong></span> <span class='ocrx_word' id='word_1_129' title='bbox 1471 1299 1812 1342; x_wconf 83' lang='lat' dir='ltr'><strong>matrimonium</strong></span> <span class='ocrx_word' id='word_1_130' title='bbox 1846 1299 1979 1342; x_wconf 90' lang='lat' dir='ltr'><strong>civile</strong></span> 
     </span>
     <span class='ocr_line' id='line_1_16' title="bbox 109 1372 1978 1427; baseline 0 -12"><span class='ocrx_word' id='word_1_131' title='bbox 109 1372 275 1415; x_wconf 87' lang='lat' dir='ltr'><strong>initum</strong></span> <span class='ocrx_word' id='word_1_132' title='bbox 311 1372 357 1415; x_wconf 90' lang='lat' dir='ltr'><strong>in</strong></span> <span class='ocrx_word' id='word_1_133' title='bbox 390 1373 513 1427; x_wconf 88' lang='lat' dir='ltr'>locis,</span> <span class='ocrx_word' id='word_1_134' title='bbox 545 1372 623 1416; x_wconf 87' lang='lat' dir='ltr'><strong>ubi</strong></span> <span class='ocrx_word' id='word_1_135' title='bbox 646 1373 987 1427; x_wconf 79' lang='lat' dir='ltr'><strong>promulgatum</strong></span> <span class='ocrx_word' id='word_1_136' title='bbox 1022 1377 1089 1416; x_wconf 84' lang='lat' dir='ltr'><strong>est</strong></span> <span class='ocrx_word' id='word_1_137' title='bbox 1113 1387 1146 1415; x_wconf 85' lang='lat' dir='ltr'>c.</span> <span class='ocrx_word' id='word_1_138' title='bbox 1177 1373 1383 1424; x_wconf 72' lang='lat' dir='ltr'><strong>Tametsi,</strong></span> <span class='ocrx_word' id='word_1_139' title='bbox 1416 1372 1495 1415; x_wconf 83' lang='lat' dir='ltr'><strong>vix</strong></span> <span class='ocrx_word' id='word_1_140' title='bbox 1517 1386 1715 1426; x_wconf 91' lang='lat' dir='ltr'><strong>unquam</strong></span> <span class='ocrx_word' id='word_1_141' title='bbox 1749 1373 1797 1415; x_wconf 95' lang='lat' dir='ltr'><strong>in</strong></span> <span class='ocrx_word' id='word_1_142' title='bbox 1829 1372 1978 1416; x_wconf 82' lang='lat' dir='ltr'><strong>radice</strong></span> 
     </span>
     <span class='ocr_line' id='line_1_17' title="bbox 111 1453 312 1490; baseline -0.01 0"><span class='ocrx_word' id='word_1_143' title='bbox 111 1453 312 1490; x_wconf 85' lang='lat' dir='ltr'><strong>sanatur.</strong></span> 
     </span>
    </p>

    <p class='ocr_par' dir='ltr' id='par_1_6' title="bbox 108 1520 1979 1936">
     <span class='ocr_line' id='line_1_18' title="bbox 258 1520 1977 1576; baseline -0.001 -12"><span class='ocrx_word' id='word_1_144' title='bbox 258 1522 443 1564; x_wconf 79' lang='lat' dir='ltr'><strong>Praeter</strong></span> <span class='ocrx_word' id='word_1_145' title='bbox 474 1534 660 1576; x_wconf 81' lang='lat' dir='ltr'><strong>gravem</strong></span> <span class='ocrx_word' id='word_1_146' title='bbox 695 1522 1001 1565; x_wconf 82' lang='lat' dir='ltr'>concedendae</span> <span class='ocrx_word' id='word_1_147' title='bbox 1046 1521 1297 1564; x_wconf 89' lang='lat' dir='ltr'>sanationis</span> <span class='ocrx_word' id='word_1_148' title='bbox 1342 1535 1522 1564; x_wconf 88' lang='lat' dir='ltr'><strong>causam</strong></span> <span class='ocrx_word' id='word_1_149' title='bbox 1558 1521 1644 1564; x_wconf 72' lang='lat' dir='ltr'><strong>(luo</strong></span> <span class='ocrx_word' id='word_1_150' title='bbox 1676 1521 1725 1563; x_wconf 91' lang='lat' dir='ltr'><strong>in</strong></span> <span class='ocrx_word' id='word_1_151' title='bbox 1757 1520 1838 1563; x_wconf 91' lang='lat' dir='ltr'><strong>hoc</strong></span> <span class='ocrx_word' id='word_1_152' title='bbox 1871 1533 1977 1563; x_wconf 90' lang='lat' dir='ltr'>casu</span> 
     </span>
     <span class='ocr_line' id='line_1_19' title="bbox 109 1594 1978 1650; baseline -0.001 -12"><span class='ocrx_word' id='word_1_153' title='bbox 109 1595 423 1650; x_wconf 85' lang='lat' dir='ltr'><strong>requiruntur:</strong></span> <span class='ocrx_word' id='word_1_154' title='bbox 478 1600 532 1638; x_wconf 91' lang='lat' dir='ltr'><strong>ut</strong></span> <span class='ocrx_word' id='word_1_155' title='bbox 588 1596 636 1638; x_wconf 91' lang='lat' dir='ltr'><strong>in</strong></span> <span class='ocrx_word' id='word_1_156' title='bbox 685 1596 989 1639; x_wconf 85' lang='lat' dir='ltr'><strong>contrahendo</strong></span> <span class='ocrx_word' id='word_1_157' title='bbox 1038 1594 1328 1639; x_wconf 90' lang='lat' dir='ltr'><strong>matrimonio</strong></span> <span class='ocrx_word' id='word_1_158' title='bbox 1382 1595 1505 1638; x_wconf 89' lang='lat' dir='ltr'><strong>civili</strong></span> <span class='ocrx_word' id='word_1_159' title='bbox 1560 1609 1692 1639; x_wconf 91' lang='lat' dir='ltr'><strong>verus</strong></span> <span class='ocrx_word' id='word_1_160' title='bbox 1740 1607 1978 1638; x_wconf 89' lang='lat' dir='ltr'>consensus</span> 
     </span>
     <span class='ocr_line' id='line_1_20' title="bbox 109 1669 1978 1713; baseline 0 -2"><span class='ocrx_word' id='word_1_161' title='bbox 109 1669 460 1712; x_wconf 87' lang='lat' dir='ltr'><strong>matrimonialis</strong></span> <span class='ocrx_word' id='word_1_162' title='bbox 503 1669 703 1712; x_wconf 77' lang='lat' dir='ltr'><strong>adfuerit</strong></span> <span class='ocrx_word' id='word_1_163' title='bbox 751 1674 796 1712; x_wconf 84' lang='lat' dir='ltr'><strong>et</strong></span> <span class='ocrx_word' id='word_1_164' title='bbox 844 1683 933 1712; x_wconf 94' lang='lat' dir='ltr'>non</span> <span class='ocrx_word' id='word_1_165' title='bbox 981 1670 1125 1712; x_wconf 91' lang='lat' dir='ltr'><strong>solum</strong></span> <span class='ocrx_word' id='word_1_166' title='bbox 1159 1669 1356 1712; x_wconf 86' lang='lat' dir='ltr'><strong>intentio</strong></span> <span class='ocrx_word' id='word_1_167' title='bbox 1404 1669 1589 1713; x_wconf 86' lang='lat' dir='ltr'><strong>ineundi</strong></span> <span class='ocrx_word' id='word_1_168' title='bbox 1636 1669 1848 1712; x_wconf 84' lang='lat' dir='ltr'><strong>illicitam</strong></span> <span class='ocrx_word' id='word_1_169' title='bbox 1882 1683 1978 1712; x_wconf 90' lang='lat' dir='ltr'>con·</span> 
     </span>
     <span class='ocr_line' id='line_1_21' title="bbox 108 1743 1979 1797; baseline 0 -11"><span class='ocrx_word' id='word_1_170' title='bbox 108 1744 383 1786; x_wconf 86' lang='lat' dir='ltr'><strong>iunctionem</strong></span> <span class='ocrx_word' id='word_1_171' title='bbox 419 1757 496 1786; x_wconf 89' lang='lat' dir='ltr'><strong>seu</strong></span> <span class='ocrx_word' id='word_1_172' title='bbox 528 1744 712 1786; x_wconf 88' lang='lat' dir='ltr'><strong>vivendi</strong></span> <span class='ocrx_word' id='word_1_173' title='bbox 757 1743 804 1786; x_wconf 92' lang='lat' dir='ltr'><strong>in</strong></span> <span class='ocrx_word' id='word_1_174' title='bbox 838 1744 1163 1797; x_wconf 74' lang='lat' dir='ltr'><strong>concubinatu3</strong></span> <span class='ocrx_word' id='word_1_175' title='bbox 1209 1744 1369 1787; x_wconf 86' lang='lat' dir='ltr'>deinde</span> <span class='ocrx_word' id='word_1_176' title='bbox 1412 1750 1466 1787; x_wconf 88' lang='lat' dir='ltr'><strong>ut</strong></span> <span class='ocrx_word' id='word_1_177' title='bbox 1508 1744 1555 1787; x_wconf 92' lang='lat' dir='ltr'><strong>in</strong></span> <span class='ocrx_word' id='word_1_178' title='bbox 1602 1758 1707 1787; x_wconf 85' lang='lat' dir='ltr'>casu</span> <span class='ocrx_word' id='word_1_179' title='bbox 1748 1756 1979 1786; x_wconf 89' lang='lat' dir='ltr'>concessae</span> 
     </span>
     <span class='ocr_line' id='line_1_22' title="bbox 109 1817 1979 1874; baseline 0 -14"><span class='ocrx_word' id='word_1_180' title='bbox 109 1818 461 1873; x_wconf 85' lang='lat' dir='ltr'>dispensationis</span> <span class='ocrx_word' id='word_1_181' title='bbox 509 1818 630 1861; x_wconf 89' lang='lat' dir='ltr'><strong>absit</strong></span> <span class='ocrx_word' id='word_1_182' title='bbox 678 1819 955 1873; x_wconf 86' lang='lat' dir='ltr'><strong>scandalum,</strong></span> <span class='ocrx_word' id='word_1_183' title='bbox 1005 1820 1121 1873; x_wconf 83' lang='lat' dir='ltr'><strong>quod</strong></span> <span class='ocrx_word' id='word_1_184' title='bbox 1168 1818 1329 1874; x_wconf 87' lang='lat' dir='ltr'><strong>aberit,</strong></span> <span class='ocrx_word' id='word_1_185' title='bbox 1378 1819 1414 1862; x_wconf 90' lang='lat' dir='ltr'><strong>si</strong></span> <span class='ocrx_word' id='word_1_186' title='bbox 1458 1819 1667 1873; x_wconf 83' lang='lat' dir='ltr'><strong>ignotum</strong></span> <span class='ocrx_word' id='word_1_187' title='bbox 1718 1819 1778 1861; x_wconf 87' lang='lat' dir='ltr'><strong>sit</strong></span> <span class='ocrx_word' id='word_1_188' title='bbox 1827 1817 1979 1861; x_wconf 89' lang='lat' dir='ltr'><strong>matri-</strong></span> 
     </span>
     <span class='ocr_line' id='line_1_23' title="bbox 110 1892 1197 1936; baseline 0.002 -2"><span class='ocrx_word' id='word_1_189' title='bbox 110 1893 312 1935; x_wconf 88' lang='lat' dir='ltr'><strong>monium</strong></span> <span class='ocrx_word' id='word_1_190' title='bbox 346 1892 478 1935; x_wconf 84' lang='lat' dir='ltr'><strong>civile</strong></span> <span class='ocrx_word' id='word_1_191' title='bbox 510 1897 693 1936; x_wconf 81' lang='lat' dir='ltr'><strong>tantuin</strong></span> <span class='ocrx_word' id='word_1_192' title='bbox 728 1897 1010 1936; x_wconf 88' lang='lat' dir='ltr'><strong>contractum</strong></span> <span class='ocrx_word' id='word_1_193' title='bbox 1044 1893 1197 1936; x_wconf 75' lang='lat' dir='ltr'>fuisse.</span> 
     </span>
    </p>
   </div>
   <div class='ocr_carea' id='block_1_5' title="bbox 103 1982 1979 2410">
    <p class='ocr_par' dir='ltr' id='par_1_7' title="bbox 103 1982 1979 2410">
     <span class='ocr_line' id='line_1_24' title="bbox 260 1982 1975 2053; baseline -0.001 -19"><span class='ocrx_word' id='word_1_194' title='bbox 260 1982 307 2036; x_wconf 81' lang='lat'><strong>3.</strong></span> <span class='ocrx_word' id='word_1_195' title='bbox 365 1983 438 2035; x_wconf 87' lang='lat' dir='ltr'><strong>Ut</strong></span> <span class='ocrx_word' id='word_1_196' title='bbox 491 2002 789 2034; x_wconf 87' lang='lat' dir='ltr'>consensus</span> <span class='ocrx_word' id='word_1_197' title='bbox 841 1985 896 2034; x_wconf 88' lang='lat' dir='ltr'><strong>in</strong></span> <span class='ocrx_word' id='word_1_198' title='bbox 940 1985 1212 2053; x_wconf 88' lang='lat' dir='ltr'><strong>principio</strong></span> <span class='ocrx_word' id='word_1_199' title='bbox 1257 1983 1416 2035; x_wconf 86' lang='lat' dir='ltr'><strong>datus</strong></span> <span class='ocrx_word' id='word_1_200' title='bbox 1459 2003 1523 2034; x_wconf 73' lang='lat' dir='ltr'><strong>eo:</strong></span> <span class='ocrx_word' id='word_1_201' title='bbox 1564 1992 1782 2051; x_wconf 68' lang='lat' dir='ltr'><strong>utraque</strong></span> <span class='ocrx_word' id='word_1_202' title='bbox 1815 1991 1975 2052; x_wconf 71' lang='lat' dir='ltr'><strong>parte</strong></span> 
     </span>
     <span class='ocr_line' id='line_1_25' title="bbox 103 2073 1976 2142; baseline -0.001 -19"><span class='ocrx_word' id='word_1_203' title='bbox 103 2073 390 2142; x_wconf 71' lang='lat' dir='ltr'><strong>perduret:</strong></span> <span class='ocrx_word' id='word_1_204' title='bbox 443 2074 857 2124; x_wconf 82' lang='lat' dir='ltr'><strong>matrimonium</strong></span> <span class='ocrx_word' id='word_1_205' title='bbox 912 2074 1057 2124; x_wconf 89' lang='lat' dir='ltr'><strong>enim</strong></span> <span class='ocrx_word' id='word_1_206' title='bbox 1099 2091 1197 2142; x_wconf 88' lang='lat' dir='ltr'><strong>per</strong></span> <span class='ocrx_word' id='word_1_207' title='bbox 1238 2074 1581 2124; x_wconf 83' lang='lat' dir='ltr'>sanationem</span> <span class='ocrx_word' id='word_1_208' title='bbox 1623 2073 1820 2141; x_wconf 89' lang='lat' dir='ltr'><strong>incipit</strong></span> <span class='ocrx_word' id='word_1_209' title='bbox 1860 2078 1976 2123; x_wconf 88' lang='lat' dir='ltr'>esse</span> 
     </span>
     <span class='ocr_line' id='line_1_26' title="bbox 110 2162 1979 2231; baseline 0 -20"><span class='ocrx_word' id='word_1_210' title='bbox 110 2162 385 2229; x_wconf 80' lang='lat' dir='ltr'><strong>validu1n3</strong></span> <span class='ocrx_word' id='word_1_211' title='bbox 448 2162 542 2213; x_wconf 87' lang='lat' dir='ltr'><strong>sed</strong></span> <span class='ocrx_word' id='word_1_212' title='bbox 596 2162 845 2213; x_wconf 80' lang='lat' dir='ltr'><strong>validum</strong></span> <span class='ocrx_word' id='word_1_213' title='bbox 900 2163 1312 2213; x_wconf 86' lang='lat' dir='ltr'><strong>matrimonium</strong></span> <span class='ocrx_word' id='word_1_214' title='bbox 1366 2163 1609 2231; x_wconf 90' lang='lat' dir='ltr'><strong>incipere</strong></span> <span class='ocrx_word' id='word_1_215' title='bbox 1650 2180 1759 2212; x_wconf 87' lang='lat' dir='ltr'>non</span> <span class='ocrx_word' id='word_1_216' title='bbox 1801 2168 1979 2230; x_wconf 86' lang='lat' dir='ltr'><strong>potest</strong></span> 
     </span>
     <span class='ocr_line' id='line_1_27' title="bbox 108 2252 1977 2321; baseline -0.001 -19"><span class='ocrx_word' id='word_1_217' title='bbox 108 2253 216 2302; x_wconf 90' lang='lat' dir='ltr'>nisi</span> <span class='ocrx_word' id='word_1_218' title='bbox 267 2270 364 2321; x_wconf 90' lang='lat' dir='ltr'><strong>per</strong></span> <span class='ocrx_word' id='word_1_219' title='bbox 416 2259 668 2303; x_wconf 89' lang='lat' dir='ltr'><strong>mutuum</strong></span> <span class='ocrx_word' id='word_1_220' title='bbox 724 2270 1079 2318; x_wconf 83' lang='lat' dir='ltr'>consensum3</span> <span class='ocrx_word' id='word_1_221' title='bbox 1139 2261 1194 2302; x_wconf 93' lang='lat' dir='ltr'><strong>at</strong></span> <span class='ocrx_word' id='word_1_222' title='bbox 1248 2270 1544 2303; x_wconf 89' lang='lat' dir='ltr'>consensus</span> <span class='ocrx_word' id='word_1_223' title='bbox 1594 2252 1650 2302; x_wconf 87' lang='lat' dir='ltr'><strong>in</strong></span> <span class='ocrx_word' id='word_1_224' title='bbox 1693 2252 1977 2302; x_wconf 88' lang='lat' dir='ltr'>sanatione</span> 
     </span>
     <span class='ocr_line' id='line_1_28' title="bbox 114 2340 1841 2410; baseline 0.001 -18"><span class='ocrx_word' id='word_1_225' title='bbox 114 2360 221 2392; x_wconf 90' lang='lat' dir='ltr'>non</span> <span class='ocrx_word' id='word_1_226' title='bbox 263 2348 582 2404; x_wconf 67' lang='lat' dir='ltr'><strong>renovaturj.</strong></span> <span class='ocrx_word' id='word_1_227' title='bbox 629 2359 755 2409; x_wconf 82' lang='lat' dir='ltr'><strong>ergo</strong></span> <span class='ocrx_word' id='word_1_228' title='bbox 800 2340 993 2392; x_wconf 88' lang='lat' dir='ltr'><strong>saltem</strong></span> <span class='ocrx_word' id='word_1_229' title='bbox 1035 2341 1335 2410; x_wconf 86' lang='lat' dir='ltr'><strong>perdurare</strong></span> <span class='ocrx_word' id='word_1_230' title='bbox 1378 2340 1556 2393; x_wconf 88' lang='lat' dir='ltr'>debet.</span> <span class='ocrx_word' id='word_1_231' title='bbox 1838 2344 1841 2345; x_wconf 44' lang='lat'><em>⁷</em></span> 
     </span>
    </p>
   </div>
   <div class='ocr_carea' id='block_1_6' title="bbox 105 2442 1977 3540">
    <p class='ocr_par' dir='ltr' id='par_1_8' title="bbox 106 2442 1977 3245">
     <span class='ocr_line' id='line_1_29' title="bbox 259 2442 1977 2499; baseline -0.002 -11"><span class='ocrx_word' id='word_1_232' title='bbox 259 2460 298 2488; x_wconf 82' lang='lat' dir='ltr'><strong>a.</strong></span> <span class='ocrx_word' id='word_1_233' title='bbox 335 2445 548 2498; x_wconf 80' lang='lat' dir='ltr'>Quaestio</span> <span class='ocrx_word' id='word_1_234' title='bbox 582 2449 735 2488; x_wconf 87' lang='lat' dir='ltr'><strong>autem</strong></span> <span class='ocrx_word' id='word_1_235' title='bbox 768 2449 922 2488; x_wconf 87' lang='lat' dir='ltr'><strong>utrum</strong></span> <span class='ocrx_word' id='word_1_236' title='bbox 960 2458 1199 2488; x_wconf 88' lang='lat' dir='ltr'>consensus</span> <span class='ocrx_word' id='word_1_237' title='bbox 1232 2444 1495 2487; x_wconf 84' lang='lat' dir='ltr'><strong>virtualiter</strong></span> <span class='ocrx_word' id='word_1_238' title='bbox 1526 2444 1768 2499; x_wconf 88' lang='lat' dir='ltr'><strong>perdurare</strong></span> <span class='ocrx_word' id='word_1_239' title='bbox 1803 2442 1977 2496; x_wconf 84' lang='lat' dir='ltr'>debeat,</span> 
     </span>
     <span class='ocr_line' id='line_1_30' title="bbox 108 2516 1977 2574; baseline -0.003 -11"><span class='ocrx_word' id='word_1_240' title='bbox 108 2534 162 2563; x_wconf 87' lang='lat' dir='ltr'><strong>an</strong></span> <span class='ocrx_word' id='word_1_241' title='bbox 214 2533 318 2563; x_wconf 85' lang='lat' dir='ltr'><strong>vero</strong></span> <span class='ocrx_word' id='word_1_242' title='bbox 367 2520 584 2574; x_wconf 83' lang='lat' dir='ltr'><strong>sufficiat,</strong></span> <span class='ocrx_word' id='word_1_243' title='bbox 634 2520 671 2562; x_wconf 92' lang='lat' dir='ltr'><strong>si</strong></span> <span class='ocrx_word' id='word_1_244' title='bbox 705 2519 1005 2563; x_wconf 88' lang='lat' dir='ltr'><strong>habitualiter</strong></span> <span class='ocrx_word' id='word_1_245' title='bbox 1052 2524 1235 2562; x_wconf 85' lang='lat' dir='ltr'><strong>tantum</strong></span> <span class='ocrx_word' id='word_1_246' title='bbox 1282 2519 1512 2574; x_wconf 83' lang='lat' dir='ltr'><strong>perduret,</strong></span> <span class='ocrx_word' id='word_1_247' title='bbox 1560 2519 1743 2560; x_wconf 84' lang='lat' dir='ltr'><strong>videtur</strong></span> <span class='ocrx_word' id='word_1_248' title='bbox 1787 2530 1883 2560; x_wconf 90' lang='lat' dir='ltr'>esse</span> <span class='ocrx_word' id='word_1_249' title='bbox 1914 2516 1977 2559; x_wconf 90' lang='lat' dir='ltr'><strong>in-</strong></span> 
     </span>
     <span class='ocr_line' id='line_1_31' title="bbox 107 2590 1975 2649; baseline -0.002 -12"><span class='ocrx_word' id='word_1_250' title='bbox 107 2594 260 2637; x_wconf 88' lang='lat' dir='ltr'><strong>utilis:</strong></span> <span class='ocrx_word' id='word_1_251' title='bbox 310 2590 496 2638; x_wconf 86' lang='lat' dir='ltr'><strong>namin</strong></span> <span class='ocrx_word' id='word_1_252' title='bbox 541 2594 822 2649; x_wconf 79' lang='lat' dir='ltr'><strong>coniugibus,</strong></span> <span class='ocrx_word' id='word_1_253' title='bbox 867 2595 943 2649; x_wconf 86' lang='lat' dir='ltr'><strong>qui</strong></span> <span class='ocrx_word' id='word_1_254' title='bbox 992 2594 1255 2637; x_wconf 84' lang='lat' dir='ltr'><strong>cohabitant</strong></span> <span class='ocrx_word' id='word_1_255' title='bbox 1307 2599 1352 2636; x_wconf 88' lang='lat' dir='ltr'><strong>et</strong></span> <span class='ocrx_word' id='word_1_256' title='bbox 1399 2594 1543 2636; x_wconf 87' lang='lat' dir='ltr'><strong>vitam</strong></span> <span class='ocrx_word' id='word_1_257' title='bbox 1593 2591 1975 2635; x_wconf 86' lang='lat' dir='ltr'><strong>matrimonialem</strong></span> 
     </span>
     <span class='ocr_line' id='line_1_32' title="bbox 107 2665 1976 2726; baseline -0.002 -14"><span class='ocrx_word' id='word_1_258' title='bbox 107 2674 269 2726; x_wconf 80' lang='lat' dir='ltr'><strong>agunt,</strong></span> <span class='ocrx_word' id='word_1_259' title='bbox 313 2677 431 2712; x_wconf 88' lang='lat' dir='ltr'>certe</span> <span class='ocrx_word' id='word_1_260' title='bbox 463 2668 727 2712; x_wconf 78' lang='lat' dir='ltr'><strong>virtualiter</strong></span> <span class='ocrx_word' id='word_1_261' title='bbox 759 2669 989 2724; x_wconf 87' lang='lat' dir='ltr'><strong>perdurat.</strong></span> <span class='ocrx_word' id='word_1_262' title='bbox 1054 2669 1172 2711; x_wconf 89' lang='lat' dir='ltr'><strong>Hinc</strong></span> <span class='ocrx_word' id='word_1_263' title='bbox 1206 2683 1246 2711; x_wconf 77' lang='grc' dir='ltr'><strong>α.</strong></span> <span class='ocrx_word' id='word_1_264' title='bbox 1282 2669 1406 2711; x_wconf 84' lang='lat' dir='ltr'><strong>dolor</strong></span> <span class='ocrx_word' id='word_1_265' title='bbox 1452 2668 1505 2710; x_wconf 91' lang='lat' dir='ltr'>de</span> <span class='ocrx_word' id='word_1_266' title='bbox 1538 2666 1830 2710; x_wconf 85' lang='lat' dir='ltr'><strong>matrimonio</strong></span> <span class='ocrx_word' id='word_1_267' title='bbox 1859 2665 1976 2708; x_wconf 91' lang='lat' dir='ltr'><strong>inito</strong></span> 
     </span>
     <span class='ocr_line' id='line_1_33' title="bbox 109 2739 1974 2798; baseline -0.004 -10"><span class='ocrx_word' id='word_1_268' title='bbox 109 2745 244 2788; x_wconf 87' lang='lat' dir='ltr'>semel</span> <span class='ocrx_word' id='word_1_269' title='bbox 299 2749 539 2798; x_wconf 85' lang='lat' dir='ltr'>conceptus</span> <span class='ocrx_word' id='word_1_270' title='bbox 601 2744 673 2786; x_wconf 89' lang='lat' dir='ltr'><strong>vel</strong></span> <span class='ocrx_word' id='word_1_271' title='bbox 728 2743 866 2786; x_wconf 87' lang='lat' dir='ltr'><strong>etiam</strong></span> <span class='ocrx_word' id='word_1_272' title='bbox 923 2743 1100 2798; x_wconf 90' lang='lat' dir='ltr'>saepius</span> <span class='ocrx_word' id='word_1_273' title='bbox 1152 2743 1347 2787; x_wconf 88' lang='lat' dir='ltr'><strong>iteratus</strong></span> <span class='ocrx_word' id='word_1_274' title='bbox 1411 2741 1638 2786; x_wconf 87' lang='lat' dir='ltr'><strong>sanationi</strong></span> <span class='ocrx_word' id='word_1_275' title='bbox 1690 2754 1781 2783; x_wconf 91' lang='lat' dir='ltr'>non</span> <span class='ocrx_word' id='word_1_276' title='bbox 1836 2739 1974 2782; x_wconf 89' lang='lat' dir='ltr'>obest.</span> 
     </span>
     <span class='ocr_line' id='line_1_34' title="bbox 110 2814 1976 2873; baseline -0.003 -11"><span class='ocrx_word' id='word_1_277' title='bbox 110 2821 147 2869; x_wconf 78' lang='grc' dir='ltr'><strong>β.</strong></span> <span class='ocrx_word' id='word_1_278' title='bbox 182 2819 359 2862; x_wconf 87' lang='lat' dir='ltr'><strong>Pariter</strong></span> <span class='ocrx_word' id='word_1_279' title='bbox 391 2817 588 2861; x_wconf 85' lang='lat' dir='ltr'><strong>intentio</strong></span> <span class='ocrx_word' id='word_1_280' title='bbox 631 2817 986 2873; x_wconf 82' lang='lat' dir='ltr'><strong>interpretativa</strong></span> <span class='ocrx_word' id='word_1_281' title='bbox 1028 2818 1286 2861; x_wconf 84' lang='lat' dir='ltr'>discedendi</span> <span class='ocrx_word' id='word_1_282' title='bbox 1327 2831 1416 2860; x_wconf 92' lang='lat' dir='ltr'>non</span> <span class='ocrx_word' id='word_1_283' title='bbox 1450 2816 1576 2860; x_wconf 88' lang='lat' dir='ltr'>obest</span> <span class='ocrx_word' id='word_1_284' title='bbox 1620 2814 1848 2858; x_wconf 87' lang='lat' dir='ltr'><strong>durationi</strong></span> <span class='ocrx_word' id='word_1_285' title='bbox 1881 2828 1976 2857; x_wconf 90' lang='lat' dir='ltr'>con-</span> 
     </span>
     <span class='ocr_line' id='line_1_35' title="bbox 107 2888 1974 2947; baseline -0.004 -9"><span class='ocrx_word' id='word_1_286' title='bbox 107 2908 262 2938; x_wconf 88' lang='lat' dir='ltr'>sensus</span> <span class='ocrx_word' id='word_1_287' title='bbox 294 2892 563 2947; x_wconf 78' lang='lat' dir='ltr'><strong>requisitae3</strong></span> <span class='ocrx_word' id='word_1_288' title='bbox 608 2893 685 2936; x_wconf 85' lang='lat' dir='ltr'><strong>sed</strong></span> <span class='ocrx_word' id='word_1_289' title='bbox 719 2893 862 2936; x_wconf 90' lang='lat' dir='ltr'><strong>solum</strong></span> <span class='ocrx_word' id='word_1_290' title='bbox 896 2892 1095 2947; x_wconf 86' lang='lat' dir='ltr'><strong>positiva</strong></span> <span class='ocrx_word' id='word_1_291' title='bbox 1136 2893 1349 2935; x_wconf 87' lang='lat' dir='ltr'><strong>voluntas</strong></span> <span class='ocrx_word' id='word_1_292' title='bbox 1383 2890 1585 2934; x_wconf 81' lang='lat' dir='ltr'>solvendi</span> <span class='ocrx_word' id='word_1_293' title='bbox 1618 2888 1974 2933; x_wconf 88' lang='lat' dir='ltr'><strong>matrimonium.</strong></span> 
     </span>
     <span class='ocr_line' id='line_1_36' title="bbox 107 2963 1973 3022; baseline -0.003 -12"><span class='ocrx_word' id='word_1_294' title='bbox 107 2983 147 3020; x_wconf 73' lang='grc' dir='ltr'><strong>γ.</strong></span> <span class='ocrx_word' id='word_1_295' title='bbox 181 2967 523 3011; x_wconf 78' lang='lat' dir='ltr'><strong>Matrimonium</strong></span> <span class='ocrx_word' id='word_1_296' title='bbox 569 2966 719 3020; x_wconf 82' lang='lat' dir='ltr'><strong>sanari</strong></span> <span class='ocrx_word' id='word_1_297' title='bbox 767 2980 856 3010; x_wconf 92' lang='lat' dir='ltr'>non</span> <span class='ocrx_word' id='word_1_298' title='bbox 906 2971 1058 3022; x_wconf 90' lang='lat' dir='ltr'>potest</span> <span class='ocrx_word' id='word_1_299' title='bbox 1104 2972 1296 3021; x_wconf 88' lang='lat' dir='ltr'><strong>utroque</strong></span> <span class='ocrx_word' id='word_1_300' title='bbox 1343 2967 1414 3009; x_wconf 88' lang='lat' dir='ltr'><strong>vel</strong></span> <span class='ocrx_word' id='word_1_301' title='bbox 1462 2966 1684 3008; x_wconf 88' lang='lat' dir='ltr'><strong>alterutro</strong></span> <span class='ocrx_word' id='word_1_302' title='bbox 1732 2963 1973 3018; x_wconf 83' lang='lat' dir='ltr'><strong>coniugum</strong></span> 
     </span>
     <span class='ocr_line' id='line_1_37' title="bbox 108 3038 1973 3096; baseline -0.003 -11"><span class='ocrx_word' id='word_1_303' title='bbox 108 3043 344 3092; x_wconf 73' lang='lat' dir='ltr'><strong>defuncto;</strong></span> <span class='ocrx_word' id='word_1_304' title='bbox 397 3041 516 3084; x_wconf 89' lang='lat' dir='ltr'><strong>nihil</strong></span> <span class='ocrx_word' id='word_1_305' title='bbox 579 3045 733 3084; x_wconf 89' lang='lat' dir='ltr'><strong>autem</strong></span> <span class='ocrx_word' id='word_1_306' title='bbox 785 3041 995 3096; x_wconf 86' lang='lat' dir='ltr'><strong>impedit,</strong></span> <span class='ocrx_word' id='word_1_307' title='bbox 1059 3041 1298 3095; x_wconf 88' lang='lat' dir='ltr'><strong>quominus</strong></span> <span class='ocrx_word' id='word_1_308' title='bbox 1362 3040 1677 3083; x_wconf 77' lang='lat' dir='ltr'><strong>defunctorum</strong></span> <span class='ocrx_word' id='word_1_309' title='bbox 1731 3038 1973 3092; x_wconf 82' lang='lat' dir='ltr'><strong>coniugum</strong></span> 
     </span>
     <span class='ocr_line' id='line_1_38' title="bbox 107 3102 1973 3170; baseline -0.003 -11"><span class='ocrx_word' id='word_1_310' title='bbox 107 3116 449 3159; x_wconf 86' lang='lat' dir='ltr'><strong>matrimonium</strong></span> <span class='ocrx_word' id='word_1_311' title='bbox 473 3122 658 3159; x_wconf 89' lang='lat' dir='ltr'><strong>sanetur</strong></span> <span class='ocrx_word' id='word_1_312' title='bbox 690 3102 835 3170; x_wconf 88' lang='lat' dir='ltr'><strong>quoad</strong></span> <span class='ocrx_word' id='word_1_313' title='bbox 869 3117 1059 3159; x_wconf 83' lang='lat' dir='ltr'>effectus</span> <span class='ocrx_word' id='word_1_314' title='bbox 1090 3115 1320 3168; x_wconf 87' lang='lat' dir='ltr'><strong>iuridicos,</strong></span> <span class='ocrx_word' id='word_1_315' title='bbox 1355 3114 1621 3169; x_wconf 83' lang='lat' dir='ltr'><strong>praesertim</strong></span> <span class='ocrx_word' id='word_1_316' title='bbox 1646 3113 1792 3167; x_wconf 82' lang='lat' dir='ltr'><strong>quoad</strong></span> <span class='ocrx_word' id='word_1_317' title='bbox 1825 3111 1973 3166; x_wconf 79' lang='lat' dir='ltr'><strong>legiti-</strong></span> 
     </span>
     <span class='ocr_line' id='line_1_39' title="bbox 106 3190 501 3245; baseline -0.003 -12"><span class='ocrx_word' id='word_1_318' title='bbox 106 3190 316 3233; x_wconf 88' lang='lat' dir='ltr'><strong>mitatem</strong></span> <span class='ocrx_word' id='word_1_319' title='bbox 351 3190 501 3245; x_wconf 89' lang='lat' dir='ltr'><strong>prolis.</strong></span> 
     </span>
    </p>

    <p class='ocr_par' dir='ltr' id='par_1_9' title="bbox 105 3260 1973 3540">
     <span class='ocr_line' id='line_1_40' title="bbox 257 3260 1973 3318; baseline -0.003 -12"><span class='ocrx_word' id='word_1_320' title='bbox 257 3265 294 3306; x_wconf 79' lang='lat' dir='ltr'><strong>b.</strong></span> <span class='ocrx_word' id='word_1_321' title='bbox 328 3264 373 3306; x_wconf 86' lang='lat' dir='ltr'><strong>Si</strong></span> <span class='ocrx_word' id='word_1_322' title='bbox 407 3263 747 3307; x_wconf 88' lang='lat' dir='ltr'><strong>matrimonium</strong></span> <span class='ocrx_word' id='word_1_323' title='bbox 784 3277 837 3306; x_wconf 76' lang='lat' dir='ltr'><strong>ex</strong></span> <span class='ocrx_word' id='word_1_324' title='bbox 869 3268 1063 3318; x_wconf 86' lang='lat' dir='ltr'><strong>utraque</strong></span> <span class='ocrx_word' id='word_1_325' title='bbox 1095 3267 1225 3318; x_wconf 89' lang='lat' dir='ltr'><strong>parte</strong></span> <span class='ocrx_word' id='word_1_326' title='bbox 1259 3262 1313 3306; x_wconf 90' lang='lat' dir='ltr'><strong>ab</strong></span> <span class='ocrx_word' id='word_1_327' title='bbox 1346 3262 1480 3305; x_wconf 87' lang='lat' dir='ltr'><strong>initio</strong></span> <span class='ocrx_word' id='word_1_328' title='bbox 1514 3262 1629 3304; x_wconf 89' lang='lat' dir='ltr'><strong>bona</strong></span> <span class='ocrx_word' id='word_1_329' title='bbox 1656 3260 1746 3303; x_wconf 84' lang='lat' dir='ltr'>fide</span> <span class='ocrx_word' id='word_1_330' title='bbox 1779 3263 1973 3302; x_wconf 90' lang='lat' dir='ltr'><strong>contrac-</strong></span> 
     </span>
     <span class='ocr_line' id='line_1_41' title="bbox 106 3333 1971 3392; baseline -0.004 -11"><span class='ocrx_word' id='word_1_331' title='bbox 106 3342 205 3381; x_wconf 86' lang='lat' dir='ltr'><strong>tum</strong></span> <span class='ocrx_word' id='word_1_332' title='bbox 238 3338 332 3381; x_wconf 80' lang='lat' dir='ltr'><strong>fuit</strong></span> <span class='ocrx_word' id='word_1_333' title='bbox 365 3342 410 3381; x_wconf 87' lang='lat' dir='ltr'><strong>et</strong></span> <span class='ocrx_word' id='word_1_334' title='bbox 445 3338 606 3381; x_wconf 85' lang='lat' dir='ltr'>deinde</span> <span class='ocrx_word' id='word_1_335' title='bbox 639 3337 852 3392; x_wconf 83' lang='lat' dir='ltr'>coniuges</span> <span class='ocrx_word' id='word_1_336' title='bbox 886 3338 1062 3380; x_wconf 85' lang='lat' dir='ltr'><strong>detecto</strong></span> <span class='ocrx_word' id='word_1_337' title='bbox 1095 3337 1422 3392; x_wconf 83' lang='lat' dir='ltr'><strong>impedimento</strong></span> <span class='ocrx_word' id='word_1_338' title='bbox 1465 3342 1620 3379; x_wconf 87' lang='lat' dir='ltr'><strong>contra</strong></span> <span class='ocrx_word' id='word_1_339' title='bbox 1653 3333 1971 3377; x_wconf 88' lang='lat' dir='ltr'><strong>conscientiam</strong></span> 
     </span>
     <span class='ocr_line' id='line_1_42' title="bbox 105 3406 1973 3466; baseline -0.003 -12"><span class='ocrx_word' id='word_1_340' title='bbox 105 3412 154 3454; x_wconf 94' lang='lat' dir='ltr'><strong>in</strong></span> <span class='ocrx_word' id='word_1_341' title='bbox 206 3411 496 3455; x_wconf 83' lang='lat' dir='ltr'><strong>matrimonio</strong></span> <span class='ocrx_word' id='word_1_342' title='bbox 550 3415 910 3466; x_wconf 88' lang='lat' dir='ltr'><strong>perseverarunt,</strong></span> <span class='ocrx_word' id='word_1_343' title='bbox 973 3411 1315 3455; x_wconf 89' lang='lat' dir='ltr'><strong>matrimonium</strong></span> <span class='ocrx_word' id='word_1_344' title='bbox 1368 3409 1664 3453; x_wconf 89' lang='lat' dir='ltr'><strong>nihilominus</strong></span> <span class='ocrx_word' id='word_1_345' title='bbox 1724 3408 1773 3450; x_wconf 90' lang='lat' dir='ltr'><strong>in</strong></span> <span class='ocrx_word' id='word_1_346' title='bbox 1824 3406 1973 3450; x_wconf 85' lang='lat' dir='ltr'><strong>radice</strong></span> 
     </span>
     <span class='ocr_line' id='line_1_43' title="bbox 107 3483 1667 3540; baseline -0.002 -12"><span class='ocrx_word' id='word_1_347' title='bbox 107 3485 258 3528; x_wconf 82' lang='lat' dir='ltr'><strong>sanari</strong></span> <span class='ocrx_word' id='word_1_348' title='bbox 291 3490 456 3540; x_wconf 85' lang='lat' dir='ltr'><strong>potest,</strong></span> <span class='ocrx_word' id='word_1_349' title='bbox 489 3485 621 3528; x_wconf 86' lang='lat' dir='ltr'><strong>modo</strong></span> <span class='ocrx_word' id='word_1_350' title='bbox 655 3498 895 3528; x_wconf 90' lang='lat' dir='ltr'>consensus</span> <span class='ocrx_word' id='word_1_351' title='bbox 927 3484 1062 3529; x_wconf 88' lang='lat' dir='ltr'><strong>initio</strong></span> <span class='ocrx_word' id='word_1_352' title='bbox 1097 3485 1231 3528; x_wconf 84' lang='lat' dir='ltr'><strong>datus</strong></span> <span class='ocrx_word' id='word_1_353' title='bbox 1264 3485 1410 3527; x_wconf 85' lang='lat' dir='ltr'><strong>adhuc</strong></span> <span class='ocrx_word' id='word_1_354' title='bbox 1442 3483 1667 3538; x_wconf 89' lang='lat' dir='ltr'><strong>perduret.</strong></span> 
     </span>
    </p>
   </div>
  </div>
 </body>
</html>
