2269 3898
661 107 726 150 De
757 106 1098 161 impedimentis
1130 107 1426 150 matrimonii.
1900 108 1984 150 113

261 242 306 293 2.
353 240 822 310 Impedimentum
867 243 1209 308 cognationis
1263 240 1454 309 legalis
1510 250 1654 293 certe
1705 244 1876 294 oritur
1916 262 1984 294 ex

110 331 410 399 adoptione
433 330 694 399 perfecta,
725 348 857 381 num
886 332 1052 381 etiam
1083 349 1153 380 ex
1179 330 1502 399 imperfecta
1526 333 1747 396 oriatur,
1777 340 1982 383 contro-

111 438 330 471 versum
375 428 470 470 est.

210 524 212 527 ’
262 507 731 577 Quandoquidem
774 508 1014 577 adoptio,
1059 526 1199 577 quae
1242 508 1546 560 secundum
1577 511 1698 561 iura
1720 511 1983 562 moderna

109 599 408 667 peragitur,
464 615 576 648 non
619 605 698 648 est
739 597 961 666 adoptio
1005 596 1248 666 perfecta
1290 598 1425 648 iuris
1465 600 1695 666 romani,
1741 598 1981 650 dubitari

111 696 302 757 potest,
347 705 479 737 num
523 705 590 737 ex
631 686 929 755 adoptione
972 685 1279 738 secundum
1322 687 1441 736 iura
1469 687 1733 738 moderna
1762 697 1984 756 peracta

111 778 317 828 oriatur
369 775 829 844 impedimentum
886 775 1166 827 dirimens.
1246 775 1330 825 lta
1382 774 1679 826 dicendum
1732 777 1982 828 videtur:

112 865 169 917 Si
211 865 451 934 adoptio,
495 883 659 934 quam
688 864 780 915 lex
810 864 991 915 civilis
1023 864 1286 927 admittit,
1329 864 1643 915 essentialia
1672 865 1985 934 adoptionis

112 964 311 1022 servat,
367 955 665 1025 adoptione
709 956 881 1005 oritur
922 954 1382 1022 impedimentum
1428 953 1707 1006 dirimens,
1789 955 1985 1006 Essen-

110 1045 262 1096 tialia
322 1054 507 1096 autem
567 1045 880 1113 adoptionis
941 1045 1148 1095 servari
1211 1052 1530 1110 censentur,
1594 1045 1637 1095 si
1694 1044 1987 1113 adoptatus

111 1134 227 1202 (ubi
269 1136 609 1186 minorennis
651 1135 751 1192 est)
801 1142 1062 1203 paternae
1111 1134 1426 1203 adoptantis
1468 1136 1724 1203 potestati
1766 1135 1988 1186 subiici-

111 1234 215 1291 tur,
272 1224 360 1275 vel
415 1224 606 1275 saltem
660 1224 778 1294 (ubi
833 1225 1170 1275 maiorennis
1223 1225 1320 1290 est)
1375 1225 1432 1274 in
1484 1225 1599 1274 eius
1643 1224 1866 1276 domum
1915 1225 1986 1276 ad

111 1317 283 1366 instar
326 1314 561 1365 filiorum
604 1314 841 1365 familias
885 1313 1299 1364 cohabitaturus
1340 1313 1670 1382 recipiturl).

262 1404 470 1447 Ceterum
503 1403 550 1446 in
586 1403 720 1446 dubio
754 1404 1071 1446 recurrendum
1107 1407 1175 1445 est
1210 1403 1267 1445 ad
1302 1406 1506 1445 sanctam
1542 1404 1707 1458 sedem,
1747 1417 1860 1458 quae
1892 1417 1987 1459 pro-

113 1480 261 1534 posito
295 1493 400 1522 casu
433 1478 701 1534 particulari
734 1478 825 1521 iam
859 1479 1048 1520 resolvit
1083 1491 1160 1532 per
1189 1477 1480 1532 adoptionem
1505 1478 1552 1520 in
1579 1478 1729 1520 Gallia
1753 1478 1987 1532 vigentem

113 1562 155 1596 et
189 1553 397 1608 legitime
431 1558 659 1608 peractam
693 1552 847 1596 induci
880 1552 1322 1606 11111)e(lilnellttlin²)3
1369 1552 1540 1606 pariter
1583 1566 1662 1607 per
1695 1553 1986 1607 adoptionem

112 1628 356 1671 secundum
375 1641 578 1670 normam
600 1627 764 1670 codicis
783 1628 1064 1683 neapolitani
1085 1632 1315 1682 peractam
1334 1627 1521 1682 produci
1544 1626 1986 1683 impedimentum³>;

111 1707 293 1745 econtra
325 1702 614 1756 adoptionem
650 1708 878 1757 peractam
914 1702 1159 1745 secundum
1194 1702 1316 1756 leges
1354 1701 1588 1755 Tana-ini&
1623 1701 1992 1758 ethzlyc1121'ae5)

111 1790 201 1819 non
234 1777 477 1831 producere
499 1777 892 1832 impedimentum.
942 1778 1142 1832 Adoptio
1166 1777 1408 1820 secundum
1440 1777 1484 1819 C.
1510 1779 1665 1820 Ansz‘r.
1693 1784 1739 1820 et
1765 1778 1809 1820 C.
1837 1780 1989 1820 Germ.

112 1858 295 1905 peracta
327 1851 706 1906 impedimentum
741 1852 985 1906 producere
1017 1852 1212 1896 videtur.

815 2020 847 2071 ,θ’
879 2019 966 2061 10.
1000 2018 1287 2070 Affinitas.

265 2121 392 2175 112.
429 2121 651 2174 Natura
690 2121 1126 2189 impedimenti.
1207 2122 1253 2173 1.
1298 2119 1767 2189 impedimentum
1812 2121 1987 2191 affini-

117 2213 242 2263 tatis
284 2212 341 2262 in
384 2229 444 2262 eo
488 2212 751 2277 consistit,
796 2210 942 2280 quod
986 2211 1398 2261 matrimonium
1447 2212 1589 2261 inter
1630 2228 1891 2279 personas
1932 2213 1989 2261 in

115 2310 260 2352 certo
301 2301 477 2369 gradu
519 2302 711 2352 affines
757 2302 824 2351 sit
866 2300 1196 2352 invalidum.

263 2393 312 2442 2.
357 2390 633 2456 Affinitas,
701 2409 808 2459 qua
872 2390 979 2442 late
1044 2399 1211 2459 patet,
1277 2398 1355 2440 est
1414 2391 1548 2440 iuris
1615 2388 1987 2455 ecclesiastici,-

114 2499 214 2532 nec
244 2480 465 2532 videtur
491 2479 897 2531 admittendum
927 2479 1253 2531 affinitatem
1295 2480 1352 2529 in
1396 2480 1573 2546 primo
1602 2478 1781 2547 gradu
1807 2478 1985 2530 lineae

114 2577 310 2636 rectae,
354 2572 453 2621 etsi
484 2580 601 2621 orta
642 2572 710 2621 sit
751 2588 821 2620 ex
849 2570 1046 2638 copula
1071 2569 1239 2634 licita,
1285 2570 1698 2619 matrimonium
1730 2568 1987 2619 dirimere

114 2661 231 2710 iure
273 2667 515 2712 naturae.

265 2762 304 2790 ct.
350 2747 395 2791 Si
438 2748 646 2791 affinitas
690 2748 738 2791 in
778 2748 924 2803 primo
965 2748 1112 2803 gradu
1145 2747 1291 2791 lineae
1322 2752 1472 2790 rectae
1506 2751 1607 2790 orta
1639 2753 1708 2789 est
1741 2759 1795 2789 ex
1827 2747 1988 2801 copula

114 2823 293 2878 illicita,
343 2823 686 2866 matrimonium
736 2823 962 2866 communi
1013 2836 1230 2866 consensu
1276 2836 1365 2864 non
1411 2821 1589 2863 dirimit
1636 2821 1734 2864 iure
1772 2825 1986 2870 naturae;

115 2911 221 2952 ergo
255 2911 399 2952 neque
432 2898 641 2941 affinitas
674 2898 722 2940 in
754 2898 900 2952 primo
935 2899 1081 2953 gradu
1114 2898 1261 2941 lineae
1295 2902 1445 2940 rectae
1478 2900 1579 2939 orta
1602 2910 1655 2939 ex
1679 2897 1840 2952 copula
1860 2895 1992 2939 licita

116 2972 459 3015 matrimonium
513 2971 689 3015 dirimit
736 2972 835 3015 iure
881 2976 1095 3015 naturae:
1150 2985 1254 3014 nam
1304 2970 1546 3025 utrobique
1594 2971 1749 3014 eadem
1798 2969 1992 3013 habetur

115 3047 323 3089 affinitas
370 3052 532 3101 utpote
580 3060 633 3090 ex
681 3046 836 3090 eadem
887 3059 1021 3090 causa
1068 3046 1270 3090 naturali
1319 3052 1490 3088 exorta.
1566 3045 1757 3099 Insuper
1803 3043 1990 3087 ecclesia

271 3184 301 3235 ¹)
335 3181 582 3225 Instruetio
615 3196 657 3224 n.
692 3181 762 3224 29.

270 3254 303 3307 2>
340 3256 384 3298 S.
419 3256 673 3298 Poem'tent.
708 3256 777 3298 17.
813 3256 921 3298 maii
957 3255 1084 3298 1826.

271 3330 301 3383 ³)
332 3330 378 3373 S.
419 3331 625 3387 Officium
659 3330 729 3372 23.
762 3330 874 3373 febr.
911 3329 1039 3375 1853.

269 3406 301 3460 ⁴)
335 3405 382 3448 S.
420 3406 464 3448 C.
499 3405 552 3448 de
574 3418 707 3460 prol).
733 3405 829 3461 fide
863 3405 930 3447 14.
963 3405 1054 3447 ian.
1091 3403 1217 3447 1802.

269 3478 302 3535 5)
338 3480 383 3522 S.
422 3479 629 3536 Officium
669 3480 733 3522 16.
766 3492 861 3534 apr.
898 3479 1025 3522 1671.

207 3570 401 3610 Noldin,
428 3570 485 3600 De
510 3570 764 3601 matrimonio.
1787 3553 1812 3593 ὅ
