2269 3898
602 141 665 183 De
697 141 1038 195 impedimentis
1071 141 1364 184 matrimonii.
1830 142 1912 183 109

52 274 231 328 quidem
276 274 558 328 regeneratio
603 274 856 328 spiritualis
896 273 1244 316 similitudinem
1289 273 1424 316 habet
1467 287 1566 316 cum
1620 274 1911 328 generatione

51 349 266 402 naturali,
301 362 354 391 ex
385 348 466 390 illa
497 348 874 402 impedimentum
909 348 1053 390 oritur
1085 347 1202 390 sicut
1235 361 1287 390 ex
1322 347 1613 401 generatione
1644 347 1859 390 naturali.

43 422 47 424 ’
198 423 234 464 b.
268 422 489 475 Cognatio
523 421 775 476 spiritualis
810 422 974 475 duplex
998 427 1080 475 est,
1114 422 1258 464 altera
1289 428 1477 464 vocatur
1488 421 1766 476 paternitas,
1800 434 1912 474 quae

51 496 292 539 intercedit
325 496 430 538 hinc
460 495 581 538 inter
613 495 898 549 baptizatum
924 495 994 537 vel
1020 496 1352 546 confirmatum,
1384 495 1490 537 inde
1512 495 1631 537 inter
1653 494 1914 537 ministrum

52 578 97 612 et
130 570 376 625 patrinum,
410 570 486 624 qui
520 583 597 624 per
629 575 959 611 sacramentum
994 570 1114 610 fiunt
1147 568 1241 611 eius
1275 576 1426 623 patres
1451 569 1735 624 spirituales3
1771 570 1917 611 altera

51 649 239 687 vocat-ur
271 644 636 698 commaternitas,
669 656 781 697 quae
823 642 1067 685 intercedit
1114 642 1218 684 hinc
1265 642 1386 685 inter
1433 649 1642 696 parentes
1691 642 1914 697 baptizati

53 732 130 761 seu
163 717 435 770 confirmati,
468 717 573 760 inde
606 717 726 759 inter
759 716 1018 759 ministrum
1055 721 1099 759 et
1133 715 1378 770 patrinum.

201 809 250 861 2.
307 807 429 858 Hoc
482 808 939 876 impedimentum
999 819 1078 856 est
1130 805 1303 856 solum
1360 806 1494 855 iuris
1550 805 1917 856 ecclesiastici:

50 898 183 948 iuris
235 898 380 947 enim
435 895 702 947 naturalis
755 914 870 946 esse
913 912 1021 945 non
1069 902 1261 963 potest,
1317 896 1446 962 quia
1488 895 1659 944 oritur
1701 911 1769 943 ex
1812 894 1912 945 col·

49 986 251 1036 latione
294 994 346 1035 et
386 986 733 1054 susceptione
775 985 1130 1049 sacramenti3
1184 984 1319 1034 iuris
1360 990 1543 1033 autem
1588 982 1765 1034 divini
1807 1001 1912 1033 non

51 1084 156 1141 est,
213 1076 341 1143 quia
394 1073 607 1125 nullum
661 1073 960 1124 voluntatis
1016 1072 1239 1123 divinae
1293 1072 1475 1123 afferri
1532 1079 1709 1140 potest
1762 1090 1914 1140 argu-

52 1163 361 1231 mentuml).
444 1162 628 1227 Quare
678 1164 734 1212 in
776 1162 881 1213 hoc
922 1161 1319 1230 impedimento
1364 1161 1669 1230 dispensari
1710 1168 1914 1229 potest3

51 1252 220 1304 multo
274 1261 457 1303 autem
501 1250 782 1302 difficilius
831 1253 888 1302 in
938 1252 1268 1320 paternitate
1311 1267 1475 1318 quam
1518 1251 1573 1300 in
1617 1259 1913 1318 compater-

51 1343 221 1392 nitate
263 1339 533 1410 spirituali
576 1340 939 1409 dispensatur.

205 1520 337 1573 108.
391 1520 755 1574 Declaratio.
841 1522 887 1571 1.
940 1518 1028 1568 Ex
1073 1517 1305 1568 concilio
1348 1516 1646 1567 tridentino
1692 1515 1915 1583 impedi-

52 1619 296 1660 mentum
340 1610 682 1678 cognationis
723 1606 1024 1676 spiritualis
1067 1605 1435 1657 contrahitur:

200 1733 247 1764 α.
293 1715 435 1763 inter
477 1713 789 1763 ministrum
832 1721 885 1761 et
926 1709 1236 1761 subiectum
1280 1710 1638 1773 sacramenti3

201 1802 244 1855 b.
288 1803 429 1852 inter
463 1803 775 1853 ministrum
806 1809 858 1851 et
886 1808 1139 1869 parentes
1169 1798 1435 1867 baptizati
1465 1797 1552 1848 Vel
1580 1797 1914 1860 confirmati3

201 1912 238 1944 c.
285 1893 425 1942 inter
464 1893 742 1960 patrinum
787 1900 838 1940 et
879 1889 1189 1940 subiectum
1231 1889 1588 1952 sacramenti3

201 1981 250 2031 (Ζ.
295 1981 436 2030 inter
467 1980 743 2047 patrinum
774 1986 825 2029 et
852 1985 1107 2046 parentes
1133 1977 1399 2045 baptizati
1427 1975 1515 2026 vel
1546 1974 1918 2039 confirmati2).

202 2085 269 2126 Ex
302 2084 398 2125 iure
431 2084 577 2138 igitur
609 2096 724 2125 novo
758 2082 1008 2125 tridentino
1042 2080 1419 2135 impedimentum
1465 2078 1750 2133 cognationis
1793 2077 1919 2132 spiri-

52 2159 205 2212 tualis,
247 2158 364 2212 quod
397 2171 450 2200 ex
482 2157 578 2200 iure
610 2156 798 2210 antiquo
842 2157 986 2198 multo
1026 2155 1167 2198 latius
1212 2154 1582 2209 protendebatur,
1623 2153 1680 2195 ad
1723 2152 1919 2206 quinque

53 2245 263 2287 personas
296 2237 477 2274 tantum
512 2231 822 2285 restringitur,
856 2243 969 2285 quae
1001 2230 1083 2272 hoc
1114 2242 1246 2272 versu
1279 2228 1529 2271 memoriali
1563 2226 1849 2270 exhibentur:

201 2307 475 2362 Baptismus,
509 2306 780 2361 baptzfifalns,
815 2305 1118 2359 baptizatiqne
1139 2306 1375 2359 parentes.

201 2381 397 2429 Lentus,
429 2381 601 2422 levatus
633 2380 853 2434 levatique
874 2381 1111 2434 parentes.

205 2456 502 2511 Confirmcms,
536 2456 827 2510 confirmatus
860 2452 1200 2509 confirmatiqne
1222 2453 1458 2506 parentes.

201 2531 394 2586 Ll'qans,
426 2530 595 2585 lz'gsatzls
627 2530 843 2585 [marsque
865 2530 1102 2583 parentes.

203 2621 252 2673 2.
297 2620 372 2671 Ut
413 2623 665 2688 cognatio
709 2617 1009 2687 spiritualis
1047 2617 1268 2681 oriatur,
1312 2615 1626 2683 requiritur,
1657 2621 1716 2663 ut
1745 2631 1916 2663 sacra-

55 2718 300 2761 mentum
342 2708 525 2759 valide
567 2708 895 2773 conferatur,
952 2715 1004 2757 et
1045 2724 1112 2756 ex
1154 2712 1308 2773 parte
1350 2703 1569 2773 patrini,
1614 2709 1672 2751 ut
1713 2699 1914 2763 valide,

55 2800 153 2850 etsi
195 2797 402 2863 illicite,
446 2798 724 2865 patrinum
768 2797 938 2864 egerit
981 2799 1054 2862 (n.
1100 2796 1209 2860 77).

207 2901 245 2929 a.
282 2885 368 2939 Qui
401 2885 572 2940 patrini
606 2898 770 2928 munus
803 2898 882 2939 per
913 2888 1247 2939 procuratorem
1281 2886 1469 2934 exercet,
1501 2880 1612 2934 ipse,
1643 2892 1733 2920 non
1765 2891 1920 2932 procu-

54 2967 193 3015 rator,
226 2960 540 3015 cognationem
575 2957 860 3013 contrahitg).

204 3035 241 3077 b.
273 3034 496 3087 Minister,
531 3033 606 3087 qui
639 3037 741 3087 post
789 3033 1067 3087 baptismum
1117 3031 1334 3086 privatim
1383 3029 1597 3071 collatum
1647 3025 1919 3068 ceremonias

56 3109 335 3152 sollemniter
365 3108 414 3150 in
447 3107 631 3150 ecclesia
663 3108 859 3161 supplet,
892 3120 981 3149 non
1015 3104 1243 3148 contrahit
1278 3102 1592 3158 cognationem
1617 3100 1919 3155 spiritualem.

209 3272 238 3325 ¹)
270 3272 314 3314 C.
351 3271 496 3312 1-10
528 3284 561 3312 c.
599 3270 666 3312 30.
702 3283 740 3323 q.
778 3273 814 3311 1.
852 3295 905 3299 -—
940 3269 986 3312 C.
1023 3272 1136 3311 1-8
1169 3268 1240 3310 De
1273 3266 1532 3322 cofflmtione
1565 3264 1674 3319 spir.
1711 3263 1805 3314 (IV.
1831 3261 1917 3312 11).

56 3346 101 3388 C.
137 3344 353 3398 Quamvis
388 3346 413 3387 3
445 3345 517 3386 De
549 3344 809 3399 eofsncttione
840 3344 951 3398 spir.
983 3342 1075 3392 (IV.
1109 3342 1152 3395 3)
1182 3341 1230 3384 in
1262 3340 1323 3384 6⁰.

211 3417 240 3472 Ξ>
272 3419 384 3461 Sess.
419 3419 488 3460 24.
523 3432 556 3460 c.
591 3419 631 3460 2.
661 3419 731 3462 *De
762 3419 941 3460 reform.
975 3420 1109 3460 matr.

209 3491 243 3544 3)
278 3493 318 3535 S.
353 3493 398 3535 C.
433 3492 478 3535 O.
514 3492 581 3533 11,
616 3492 708 3535 iun.
747 3491 872 3533 1881.
