2269 3898
305 123 388 167 198
1037 121 1105 164 De
1137 120 1444 164 matrimonio.

299 270 447 300 coram
481 255 680 310 ecclesia,
713 254 1009 299 accessorium
1043 260 1154 298 sunt
1186 255 1377 298 effectus
1403 253 1575 310 civiles,
1613 255 1691 310 qui
1727 255 2020 299 matrimonio
2044 256 2185 300 tribu-

300 335 442 374 untur
474 343 553 386 per
586 330 931 374 matrimonium
967 329 1113 372 civile.
1183 330 1222 378 β.
1255 327 1444 383 Insuper
1477 329 1560 372 hoc
1592 330 1725 373 modo
1769 335 1988 374 caventur
2020 331 2184 373 incom-

301 406 448 460 moda,
484 418 599 459 quae
631 404 739 448 inde
772 404 879 447 oriri
913 407 1121 458 possunt,
1155 403 1272 457 quod
1306 416 1399 446 una
1421 416 1526 457 pars
1549 408 1652 458 post
1681 404 2027 448 matrimonium
2052 405 2190 449 civile

300 480 391 523 iam
425 479 595 522 initum
629 479 783 522 renuit
819 478 1085 522 contrahere
1117 477 1166 520 in
1198 476 1315 520 facie
1348 476 1574 521 ecclesiae.

422 583 454 612 c.
489 567 579 611 Ubi
612 568 760 623 igitur
791 566 1138 610 matrimonium
1181 566 1316 610 civile
1358 566 1467 609 iniri
1511 566 1644 610 debet
1689 570 1797 610 ante
1840 567 2184 611 matrimonium

301 643 671 697 ecclesiasticum,
704 642 1028 698 nupturientes
1063 642 1117 685 de
1150 641 1221 684 his
1266 640 1438 684 moneri
1484 640 1672 685 debent:
1720 656 1760 682 α.
1802 655 1859 685 116
1900 647 2185 686 contractum

300 717 480 761 civilem
514 717 640 773 prius
672 718 846 772 ineant,
891 730 1026 772 quam
1061 722 1182 760 certo
1226 718 1405 759 constet
1449 728 1602 759 eorum
1646 715 1941 759 matrimonio
1985 716 2190 760 ecclesia—

301 791 414 836 stico
446 793 624 848 nullum
660 791 840 835 obstare
882 790 1284 846 impedimentum;
1339 791 1376 839 13.
1427 795 1646 844 tempore,
1696 790 1815 844 quod
1862 789 1985 833 inter
2032 790 2188 834 matri—

301 866 502 910 monium
545 867 679 910 civile
712 870 758 909 et
791 864 1146 909 ecclesiasticum
1192 864 1454 919 intercedit,
1501 864 1626 918 ipsos
1674 877 1765 907 non
1815 877 1910 908 esse
1957 865 2192 921 coniuges,

302 940 380 983 sed
414 953 599 995 sponsos
633 944 679 983 et
712 940 901 995 proinde
934 953 1057 983 more
1080 953 1346 995 sponsorum
1371 939 1625 982 conversari
1654 938 1834 990 debere;
1870 953 1909 991 γ.
1935 953 2008 983 eos
2032 953 2190 984 curare

302 1014 474 1069 debere,
513 1019 567 1057 ut
599 1019 845 1070 utrumque
879 1014 1223 1058 matrimonium
1259 1014 1414 1058 eodem
1450 1013 1522 1057 die
1556 1013 1808 1057 celebretur
1840 1014 1912 1057 vel
1947 1015 2108 1058 saltem
2131 1017 2189 1057 ut

301 1088 422 1132 inter
454 1093 700 1144 utrumque
734 1090 901 1145 exigua
934 1094 1119 1133 tantum
1154 1103 1281 1133 mora
1312 1089 1581 1132 intercedat.

449 1194 498 1246 4.
564 1192 861 1245 Ordinarie
922 1195 1110 1245 existit
1175 1193 1427 1263 obliyatio
1488 1193 1754 1244 indirecta
1821 1191 2186 1245 contrahendi

302 1285 718 1336 matrimonium
761 1283 927 1336 civile
970 1283 1392 1352 obligatorium:
1445 1284 1646 1335 caritas
1703 1285 1850 1334 enim
1899 1291 2017 1334 tum
2059 1301 2190 1352 erga

305 1391 360 1424 se
402 1374 550 1443 ipsos
591 1380 708 1424 tum
751 1391 881 1441 erga
922 1373 1167 1425 futuram
1209 1372 1418 1443 prolem
1462 1374 1654 1441 exigit,
1698 1379 1758 1424 ut
1800 1372 2192 1424 contrahentes

302 1463 717 1514 matrimonium
765 1482 922 1515 suum
975 1462 1266 1515 effectibus
1309 1461 1571 1514 civilibus
1611 1461 1930 1514 donandum
1977 1471 2189 1515 curent.

450 1567 575 1610 Haec
607 1566 835 1611 indirecta
868 1567 1090 1624 obligatio
1123 1567 1279 1623 gravis
1312 1567 1385 1611 vel
1418 1566 1534 1611 levis
1569 1573 1651 1621 est,
1685 1572 1823 1622 prout
1857 1567 2025 1610 damna
2058 1571 2103 1610 et
2126 1567 2191 1610 in-

303 1643 553 1697 commoda,
587 1655 702 1696 quae
735 1655 789 1686 ex
822 1642 988 1686 omisso
1022 1642 1317 1686 matrimonio
1351 1641 1477 1686 civili
1512 1642 1737 1696 oriuntur,
1771 1655 1942 1697 magna
1974 1642 2043 1685 vel
2069 1642 2194 1686 levia

302 1723 421 1760 sunt.
486 1717 552 1761 Ut
585 1717 744 1761 fideles
778 1717 834 1760 ab
868 1717 940 1760 his
975 1717 1154 1760 damnis
1187 1720 1552 1772 praeserventur,
1587 1717 1635 1761 in
1668 1718 1903 1761 nonnullis
1926 1717 2193 1773 regionibus

299 1805 335 1835 e.
370 1805 413 1847 g.
448 1791 496 1834 in
528 1791 690 1847 Belgio
725 1790 780 1834 ab
814 1791 1036 1846 episcopis
1071 1791 1354 1846 prohibitum
1406 1798 1490 1847 est,
1538 1806 1594 1836 ne
1643 1792 1827 1848 parochi
1881 1792 2193 1835 matrimoniis

301 1866 539 1921 assistant,
573 1866 662 1909 nisi
697 1870 876 1909 constet
910 1867 964 1909 de
998 1870 1181 1921 peracto
1215 1866 1511 1910 matrimonio
1545 1867 1683 1910 civili.

448 2046 576 2100 185.
625 2045 710 2099 De
751 2045 954 2100 valore
996 2046 1375 2100 matrimonii
1418 2046 1638 2101 civilis.
1685 2048 1731 2100 1.
1763 2047 2185 2099 Matrimonium

300 2135 465 2187 civile
509 2137 708 2187 initum
752 2136 811 2187 in
853 2136 920 2187 iis
960 2135 1299 2204 regionibUS,
1342 2137 1400 2187 in
1443 2135 1647 2207 quibus
1689 2155 1798 2189 non
1834 2138 1988 2206 viget
2022 2144 2192 2208 caput

308 2227 554 2292 Tametsi,
617 2234 669 2277 et
726 2224 953 2295 quidem
1011 2244 1137 2277 cum
1193 2227 1500 2278 intentione
1562 2225 1930 2279 contrahendi
1990 2245 2186 2278 verum

305 2316 737 2382 matrimonium,
793 2313 1046 2367 validum
1098 2323 1194 2382 est,
1252 2316 1552 2368 dummodo
1596 2318 1646 2368 ei
1687 2335 1799 2369 non
1841 2316 2020 2369 obstet
2061 2317 2187 2369 diri·

299 2423 452 2456 mens
509 2404 735 2475 aliquod
793 2405 1275 2478 impedimentum,
1333 2413 1579 2458 attamen
1631 2407 1879 2476 graviter
1930 2406 2186 2459 illicitum

299 2503 393 2561 est,
451 2496 581 2564 quia
639 2495 1053 2547 matrimonium
1105 2494 1514 2548 clandestinum
1556 2495 1627 2548 ab
1671 2496 1904 2549 ecclesia
1945 2495 2188 2566 prohibi-

297 2593 414 2635 tum
475 2591 572 2637 est.
674 2583 888 2649 Quodsi
950 2584 1131 2637 eidem
1194 2584 1375 2637 obstat
1435 2585 1662 2656 aliquod
1722 2586 2186 2657 impedimentum

301 2673 582 2741 dirimenS,
643 2675 1061 2727 matrimonium
1116 2675 1281 2727 civile
1331 2694 1443 2728 non
1497 2684 1578 2728 est
1625 2677 1731 2728 nisi
1771 2677 1948 2746 turpis
1990 2695 2188 2728 concu-

299 2762 539 2816 binatus

450 2883 498 2935 2.
553 2882 972 2935 Matrimonium
1030 2883 1196 2936 civile
1250 2885 1451 2936 initum
1502 2886 1561 2937 in
1613 2886 1681 2937 iis
1734 2885 2072 2955 regionibus,
2128 2887 2185 2937 in

300 2970 502 3042 quibus
556 2973 709 3040 viget
760 2981 927 3043 caput
989 2974 1238 3043 Tametsi,
1296 2973 1611 3027 invalidum
1671 2984 1766 3042 est,
1825 2977 2189 3046 quantumvis

300 3060 453 3113 aliud
496 3079 606 3113 non
648 3061 827 3114 obstet
854 3063 1120 3115 dirimens
1151 3064 1634 3134 impedimentum,
1675 3065 1850 3117 solum
1880 3067 2012 3136 quia
2041 3065 2184 3118 clan-

301 3150 513 3202 destine
556 3151 915 3205 contrahitur.

450 3283 490 3312 a.
526 3269 612 3323 Qui
644 3271 822 3314 notorie
853 3271 901 3314 in
935 3271 1227 3315 matrimonio
1261 3272 1387 3317 civili
1420 3273 1602 3329 vivunt,
1638 3273 1834 3318 habendi
1868 3280 1977 3318 sunt
2008 3279 2063 3318 ut
2099 3288 2187 3331 pu-

301 3344 404 3386 blici
424 3347 706 3400 peccatores,
740 3345 846 3400 quia
877 3346 926 3389 in
960 3346 1206 3390 manifesto
1240 3347 1543 3392 concubinatu
1576 3348 1759 3403 vivunt,
1790 3363 1935 3405 neque
1967 3349 2026 3394 ad
2045 3363 2188 3393 sacra-

301 3424 455 3461 menta
487 3419 676 3462 admitti
710 3424 915 3475 possunt,
947 3420 1034 3463 nisi
1070 3421 1197 3476 prius
1241 3426 1324 3465 aut
1368 3421 1424 3466 ab
1464 3422 1660 3467 invicem
1705 3429 1973 3479 separentur
2012 3428 2093 3468 aut
2136 3424 2187 3468 in

302 3493 399 3535 foro
433 3492 644 3536 ecclesiae
677 3494 1027 3550 coniungantur.
1887 3500 1892 3502 “
