2269 3898
315 133 399 177 184
1045 128 1111 171 De
1144 126 1447 170 matrimonio.

452 267 501 317 4.
547 265 620 317 Ut
660 263 803 314 adsit
843 280 1005 313 causa
1041 261 1447 331 proportionata
1487 260 1697 328 yravis:
1750 261 1850 312 etsi
1902 262 2051 312 enim
2104 279 2185 312 sa-

308 356 455 408 natio
486 352 708 413 valeret,
746 369 911 420 quam
941 367 1187 401 summus
1216 347 1470 417 pontifex
1498 349 1615 399 sine
1645 366 1810 400 causa
1840 348 2183 414 concederet,

308 444 378 496 ad
436 441 904 511 dispensationem
963 447 1148 490 tamen
1204 437 1356 489 licite
1411 436 1826 489 concedendam
1886 439 2186 507 requiritur

309 550 488 597 causa⁷
544 547 683 599 quae
738 547 799 580 eo
849 529 1073 596 gravior
1121 545 1236 578 esse
1281 526 1459 588 debet.
1505 544 1611 595 quo
1655 528 1829 578 maior
1870 535 1950 578 est
1988 529 2183 596 gratia,

309 638 448 692 quae
488 619 594 670 hac
636 617 1047 687 dispensatione
1089 615 1428 668 conceditur.

454 723 516 769 In
561 721 872 781 quadruplici
918 734 1035 767 casu
1080 720 1226 766 adest
1272 733 1426 765 causa
1471 718 1596 764 satis
1641 720 1827 778 gravis,
1873 720 2091 778 adeoque
2135 720 2187 765 in

311 796 400 845 hoc
434 796 747 857 quadruplici
783 810 899 842 casu
931 795 1036 854 peti
1069 800 1235 854 potest.
1269 793 1466 840 sanatio
1502 793 1553 839 in
1585 794 1784 841 radice:

457 902 495 930 α.
533 887 573 932 si
605 900 703 932 una
736 899 854 945 pars
891 885 955 930 ad
987 883 1327 931 renovandum
1363 897 1652 930 consensum
1696 883 1877 929 adduci
1920 885 2091 942 nequit
2137 890 2188 930 et

305 962 622 1008 nihilominus
655 962 706 1006 in
739 959 1051 1006 matrimonio
1085 959 1194 1006 vult
1225 972 1544 1017 permanere3

459 1039 496 1087 β.
541 1035 582 1082 si
624 1035 706 1081 uni
748 1040 940 1082 tantum
984 1034 1119 1093 parti
1161 1039 1280 1079 nota
1322 1038 1398 1079 est
1442 1033 1649 1079 nullitas
1694 1034 2012 1092 matrimonii,
2054 1048 2176 1093 quae

305 1111 461 1157 alteri
493 1111 628 1170 parti
663 1111 845 1168 absque
882 1110 1027 1168 gravi
1060 1108 1364 1155 incommodo
1398 1108 1622 1154 revelari
1654 1109 1846 1167 nequit3

455 1200 493 1238 γ.
531 1185 572 1231 si
608 1186 748 1231 ambo
785 1185 1016 1242 coniuges
1052 1191 1165 1229 sunt
1197 1184 1248 1229 in
1281 1184 1411 1228 bona
1444 1182 1540 1228 fide
1579 1188 1628 1229 et
1662 1183 1721 1229 de
1757 1183 1992 1230 nullitate
2018 1183 2188 1230 matri-

308 1260 456 1306 monii
488 1259 678 1305 moneri
712 1273 807 1305 non
840 1264 1070 1318 possunt3

457 1335 495 1377 ὃ.
532 1334 574 1380 si
608 1334 765 1380 multa
800 1333 1117 1380 matrimonia
1151 1331 1522 1379 convalidanda
1548 1338 1674 1391 sunt,
1700 1346 1823 1390 quae
1849 1333 1952 1379 alia
1974 1334 2057 1380 via
2083 1347 2192 1379 con-

307 1409 527 1456 validari
560 1414 822 1466 nequeunt.

458 1559 579 1614 171.
632 1559 719 1613 De
760 1557 1140 1626 procuranda
1181 1558 1491 1612 sanatione
1522 1558 1588 1610 in
1616 1557 1840 1611 radice.
1891 1557 1948 1609 Si
1977 1559 2190 1610 sanatio

314 1649 552 1720 petenda
606 1657 686 1701 est
738 1656 962 1718 propter
1014 1647 1475 1716 impedimentum
1531 1647 1834 1714 occultum,
1893 1647 2032 1700 haec
2085 1667 2190 1700 ser-

311 1738 496 1791 vanda
538 1745 692 1790 sunt:

465 1846 509 1897 1.
555 1843 779 1895 Sanatio
833 1841 1045 1893 occulte
1098 1844 1211 1911 peti
1254 1849 1306 1892 et
1347 1843 1666 1893 executioni
1708 1840 1963 1893 mandari
2006 1841 2186 1895 debet.

461 1934 509 1987 2.
552 1934 691 1985 Eam
738 1949 1031 2002 procurare
1073 1938 1251 2000 potest
1293 1938 1346 1982 et
1388 1929 1554 1982 debet
1595 1931 1977 1999 confessarius,
2033 1932 2077 1983 si
2134 1933 2191 1983 in

304 2023 650 2075 ‘confessione
692 2021 1152 2092 impedimentum
1196 2020 1473 2072 detectum
1516 2020 1636 2073 fuit.

457 2112 506 2164 3.
550 2110 884 2163 Immediate
926 2110 996 2162 ad
1038 2129 1077 2165 s,
1110 2109 1314 2177 sedem,
1360 2119 1413 2161 et
1453 2110 1681 2180 quidem
1722 2110 1792 2162 ad
1819 2111 2190 2162 Poenitentia-

307 2202 446 2254 riam
500 2202 894 2253 recurrendum
951 2208 1046 2267 est,
1097 2218 1208 2251 non
1266 2199 1338 2251 ad
1399 2202 1750 2270 episcopum3
1813 2201 1914 2252 etsi
1974 2199 2190 2252 litterae

263 2290 555 2361 (clausae
617 2298 840 2360 propter
900 2289 1166 2359 sigillum)
1229 2308 1326 2359 per
1383 2291 1707 2360 episcopum
1768 2289 1838 2342 ad
1899 2309 1938 2343 s,
2001 2289 2187 2341 sedem

305 2381 473 2450 dirigi
515 2382 744 2451 possint.

458 2488 508 2540 4.
551 2487 619 2537 In
659 2486 925 2556 petitione
968 2505 1016 2540 a.
1062 2504 1222 2537 casus
1259 2494 1517 2537 accurate
1556 2484 1796 2537 describi
1836 2491 1889 2536 et
1915 2485 1972 2536 in
2001 2485 2185 2554 specie

305 2577 547 2646 exprimi
578 2576 772 2629 debet:
803 2595 936 2627 num
965 2594 1265 2628 consensus
1294 2575 1363 2627 ab
1394 2577 1551 2627 initio
1581 2575 1822 2627 adfuerit
1850 2583 1902 2626 et
1931 2574 2192 2645 perduret

310 2668 367 2718 in
395 2674 628 2736 utraque
660 2673 831 2736 parte⁷
875 2683 1008 2717 num
1040 2667 1303 2735 coniuges
1340 2667 1397 2717 in
1426 2665 1574 2717 bona
1599 2665 1709 2717 fide
1739 2665 1975 2728 fuerint;
2020 2665 2064 2718 b.
2104 2682 2193 2735 pe-

310 2756 509 2808 tendus
550 2764 632 2807 est
673 2755 869 2807 modus
899 2754 1367 2807 convalidationis
1396 2774 1495 2825 per
1523 2756 1871 2807 sanationem
1902 2756 1959 2806 in
1987 2754 2192 2817 radice,

313 2845 645 2898 indicandae
688 2853 815 2897 sunt
852 2864 1050 2897 causae
1079 2845 1511 2915 dispensationis
1541 2852 1594 2896 et
1621 2846 1944 2915 pracsertim
1975 2863 2193 2908 causae,

313 2953 454 3004 quae
495 2937 839 2986 sanationem
883 2936 940 2986 in
982 2935 1168 2986 radice
1210 2934 1522 3005 postulant3
1567 2956 1606 2989 c.
1644 2936 1703 2987 in
1730 2935 1840 2987 fine
1868 2933 2188 2986 addendum

314 3032 394 3077 est
445 3042 648 3076 nomen
703 3025 1022 3077 confessarii
1081 3043 1207 3076 cum
1263 3025 1503 3077 dioecesi
1545 3033 1599 3076 et
1638 3024 1775 3090 1000,
1817 3023 1914 3076 ubi
1957 3023 2191 3091 habitat⁷

313 3122 373 3166 ut
412 3115 740 3183 rescriptum
782 3115 853 3166 ad
895 3116 1077 3184 ipsum
1122 3113 1286 3184 dirigi
1327 3117 1514 3185 possit.

465 3218 487 3229 ιν

461 3230 511 3273 ε).
567 3219 1016 3289 Dispensationis
1071 3220 1324 3271 executio
1381 3238 1477 3271 seu
1530 3220 1835 3271 sanationis
1890 3216 2188 3287 applicatio

317 3310 536 3378 proprie
579 3327 689 3360 non
731 3310 1046 3378 requiritur,
1089 3326 1192 3360 nec
1232 3309 1415 3378 reipsa
1456 3307 1568 3360 ulla
1608 3308 1684 3375 fit,
1727 3310 1775 3379 si·
1810 3315 2038 3377 uterque
2067 3325 2188 3358 con-

318 3398 416 3448 iux
455 3397 914 3467 impedimentum
957 3399 1189 3465 ignorat.
1261 3397 1472 3463 Quodsi
1514 3417 1625 3450 una
1666 3416 1792 3467 pars
1833 3396 2194 3466 impedimen-

312 3493 430 3537 tum
477 3488 757 3556 cognoscit
798 3495 851 3538 et
905 3487 1008 3538 rite
1064 3485 1329 3557 disposita
1384 3496 1480 3555 est,
1535 3487 1833 3558 applicatio
1890 3487 2007 3538 fieri
2060 3485 2197 3538 solet
