2269 3898
651 117 717 160 De
749 116 1048 160 celebratione
1080 118 1374 161 matrimonii.
1866 122 1949 163 159

78 262 237 292 annos.
302 250 422 304 Ergo
456 254 627 292 certum
661 258 730 292 est
779 250 1177 304 proclamationem
1227 251 1365 294 etiam
1419 252 1466 294 in
1520 252 1668 308 priore
1723 253 1949 296 domicilio

80 323 180 366 fieri
215 323 385 377 debere,
418 323 506 365 nisi
539 337 566 366 a
598 323 801 378 longiore
833 329 1035 378 tempore
1058 338 1191 378 quam
1216 338 1293 368 sex
1316 326 1538 369 mensium
1562 327 1770 370 relictum
1795 328 1948 370 fuerit.

231 398 269 446 β.
302 397 357 439 In
389 397 602 451 parochia
634 397 844 451 oriffl'nis,
877 397 914 440 si
947 398 1009 440 ibi
1044 399 1195 452 sponsi
1231 399 1508 442 domicilium
1553 415 1641 444 non
1682 401 1864 455 habent,
1906 407 1951 444 et

78 471 127 514 in
160 471 369 525 parochia
409 470 629 525 simplicis
669 471 964 513 habitationis
1005 472 1164 514 stricto
1206 473 1304 515 iure
1347 473 1677 527 publicationes
1721 476 1819 518 fieri
1863 489 1952 518 11011

78 544 260 599 debent,
292 544 381 587 nisi
414 544 711 599 particularia
745 549 924 588 statuta
967 546 1092 588 aliud
1138 547 1463 601 praescribant,
1511 548 1617 602 quia
1664 549 1844 591 illorum
1893 550 1952 592 10-

79 632 232 661 corum
266 620 487 672 parochus
534 633 623 661 non
672 623 741 661 est
789 619 996 674 proprius
1044 620 1277 674 parochus.
1343 621 1579 664 Ordinarie
1631 628 1781 666 autem
1831 636 1953 677 prae·

80 692 306 746 scribitur,
339 697 393 735 ut
425 691 754 747 publicationes
788 694 905 737 fiant
947 693 995 736 in
1030 694 1242 748 parochia
1282 695 1484 750 originis.
1530 696 1566 738 si
1613 697 1764 751 sponsi
1806 697 1862 739 ab
1903 710 1953 740 ea

80 771 359 810 recesserunt
405 766 453 809 in
495 771 647 810 aetate
690 768 864 821 adulta,
918 773 963 810 et
1006 769 1054 810 in
1098 769 1309 823 parochia
1344 770 1658 824 habitationis,
1711 772 1746 813 si
1780 771 1843 813 ibi
1876 785 1954 826 per

78 839 281 883 notabile
313 846 494 895 tempus
529 840 625 895 (per
658 843 888 894 semestre)
921 842 1186 884 commorati
1220 848 1341 885 sunt.

230 928 268 966 γ.
304 914 349 956 Si
372 914 691 969 nupturientes
716 914 987 957 durantibus
1010 915 1441 969 proclamationibus
1467 916 1745 959 domicilium
1771 923 1953 961 mutant

76 1002 336 1043 novumque
367 989 623 1043 acquirunt,
658 990 878 1044 parochus
919 989 1038 1044 novi,
1079 1003 1169 1032 non
1213 990 1375 1044 prioris
1421 991 1638 1034 domicilii
1688 1006 1838 1035 eorum
1883 1008 1953 1048 pa-

76 1063 240 1106 rochus
273 1063 480 1118 proprius
514 1068 596 1117 est,
646 1064 722 1117 qui
771 1063 1061 1106 matrimonio
1109 1064 1321 1108 assistere
1371 1065 1526 1116 debet;
1578 1067 1954 1120 proclamationes

76 1142 233 1180 autem
264 1138 314 1180 in
346 1151 462 1180 novo
497 1138 724 1180 domicilio
757 1151 846 1180 11011
880 1142 985 1181 011111
1019 1138 1254 1181 faciendae
1288 1139 1376 1182 nisi
1411 1153 1464 1182 ex
1496 1139 1593 1183 iure
1625 1140 1763 1183 civili.

230 1228 280 1281 3.
334 1228 593 1297 Vayorwn
649 1227 1048 1294 (habitualiter)
1105 1230 1471 1280 matrimoniis
1512 1230 1786 1299 parochus
1827 1233 1954 1282 assi·

79 1326 221 1369 stere
278 1321 483 1388 nequit,
544 1320 648 1369 nisi
705 1317 987 1369 licentiam
1038 1319 1282 1386 episcopi
1326 1317 1690 1389 obtinueritl).
1771 1319 1954 1372 Huius

83 1408 248 1458 etiam
299 1416 378 1458 est
430 1416 684 1472 statuere,
738 1426 844 1476 quo
887 1406 1005 1458 1000
1050 1407 1499 1459 denuntiationes
1541 1409 1656 1460 fieri
1700 1408 1952 1462 debeant.

78 1495 378 1548 Ordinarie
439 1495 579 1546 fiunt
639 1499 695 1547 in
756 1497 899 1562 loco,
962 1496 1056 1547 ubi
1120 1497 1533 1548 matrimonium
1596 1498 1953 1564 contrahitur,

78 1584 414 1654 quandoque
457 1587 622 1636 etiam
664 1587 721 1636 111
762 1585 880 1637 1000
924 1587 1166 1653 originis

232 1747 363 1800 151.
413 1748 497 1801 De
540 1748 989 1816 dispensatione
1032 1765 1064 1801 a
1105 1749 1233 1815 lege
1276 1751 1633 1803 bannorum.
1683 1753 1728 1805 1.
1759 1752 1806 1802 Α
1838 1751 1955 1821 lege

82 1822 395 1888 bannorum
451 1856 518 1888 ex
573 1839 715 1888 iusta
766 1856 930 1888 eausa
973 1838 1284 1907 dispensare
1319 1848 1496 1908 potest
1536 1841 1823 1910 episcop-zos,
1868 1844 1955 1892 cui

82 1925 379 1977 concilium
422 1926 788 1978 tridentinum
831 1934 895 1993 (0.
945 1930 990 1993 1)
1041 1927 1185 1978 hanc
1236 1936 1560 1997 potestatem
1611 1929 1758 1991 facit,
1816 1949 1954 1981 eam·

82 2033 189 2084 que
248 2017 541 2084 participat
599 2018 766 2069 etiam
820 2019 1062 2068 vicarius
1117 2017 1405 2086 generalis,
1462 2036 1571 2069 11011
1629 2027 1813 2071 autem
1867 2039 1953 2089 pa-

81 2103 295 2157 rochus.
377 2106 449 2156 Et
502 2105 718 2157 facilius
772 2106 995 2175 quidem
1050 2105 1119 2157 ab
1170 2126 1280 2157 una
1321 2107 1408 2157 vel
1451 2107 1622 2158 altera
1667 2108 1952 2160 denuntia-

77 2195 230 2244 tione
273 2212 436 2263 quam
481 2195 548 2246 ab
593 2197 849 2247 omnibus
892 2196 1197 2264 dispensari
1248 2206 1456 2265 potest3
1512 2215 1726 2266 semper
1768 2208 1951 2250 autem

82 2283 154 2334 ad
193 2283 437 2334 validam
482 2284 949 2353 dispensationem
993 2287 1134 2336 iusta
1177 2304 1341 2336 causa
1383 2287 1695 2354 requiritur.

232 2371 459 2414 Parochus
496 2386 521 2415 a
560 2372 810 2415 bannorum
855 2373 1211 2428 proclamatione
1257 2374 1516 2429 dispensare
1558 2374 1731 2429 nequit,
1774 2376 1862 2418 nisi
1902 2375 1957 2419 ab

76 2445 289 2500 episcopo
322 2446 380 2488 ad
412 2446 460 2488 id
495 2447 731 2501 delegatus
777 2448 940 2498 fuerit3
985 2457 1179 2503 urgente
1220 2456 1374 2491 autem
1418 2449 1690 2492 necessitate
1732 2450 1956 2494 declarare

83 2526 235 2576 potest
266 2522 412 2576 legem
463 2523 673 2565 ecclesiae
722 2536 821 2565 cum
871 2526 1002 2565 tanto
1051 2523 1333 2566 incommodo
1382 2537 1472 2566 non
1521 2523 1745 2578 obligare:
1800 2531 1956 2579 postea

80 2605 237 2639 tamen
270 2609 322 2639 ea
355 2597 408 2639 de
439 2610 486 2640 re
519 2597 690 2640 moneri
726 2597 857 2640 debet
892 2597 1140 2652 episcopus.

234 2687 281 2738 2.
327 2686 384 2738 Si
427 2689 613 2754 sponsi
649 2687 720 2737 acl
750 2688 989 2738 diversas
1018 2688 1272 2738 dioeceses
1311 2689 1606 2756 pertinent,
1651 2687 1957 2756 complures

78 2783 334 2826 auctores
387 2775 586 2826 docent
633 2775 702 2827 ab
758 2786 988 2845 utroque
1041 2779 1297 2846 episcopo
1354 2776 1649 2845 petendam
1696 2795 1811 2828 esse
1855 2778 1956 2829 dis-

87 2867 486 2933 pensationem.
549 2862 752 2915 Verum
798 2865 1084 2934 probabile
1127 2875 1205 2916 est
1246 2866 1409 2916 unius
1452 2866 1698 2935 episcopi
1741 2866 1954 2935 dispen-

85 2954 354 3004 sationem
397 2953 681 3004 sufficere:
727 2972 851 3005 cum
894 2956 1042 3006 enim
1084 2973 1193 3005 non
1236 2956 1292 3005 in
1334 2957 1572 3024 propria,
1617 2955 1712 3007 sed
1755 2957 1810 3006 in
1841 2958 1952 3007 uni-

86 3041 288 3093 versali
328 3041 447 3110 lege
483 3041 745 3093 ecclesiae
790 3052 1057 3112 potestate
1101 3047 1300 3095 summi
1344 3043 1622 3112 pontificis
1660 3045 1955 3114 dispenset,

84 3149 254 3182 unam
296 3142 508 3200 partem
548 3133 871 3202 dispensans
913 3153 974 3185 eo
1017 3135 1133 3203 ipso
1178 3135 1341 3184 etiam
1385 3133 1613 3184 alteram
1658 3134 1953 3203 dispensat,

87 3221 187 3271 etsi
228 3221 299 3271 ad
342 3240 466 3272 suos
509 3221 758 3273 subditos
801 3241 909 3274 non
951 3225 1238 3292 pertineat,
1282 3225 1411 3292 quia
1449 3224 1635 3292 sponsi
1672 3225 1727 3273 in
1765 3223 1953 3274 ordine

79 3309 158 3360 ad
199 3311 612 3361 matrimonium
657 3330 767 3362 una
808 3330 1041 3380 persona
1084 3320 1392 3364 censentur.

243 3471 271 3525 ¹)
307 3473 546 3516 Concilium
581 3474 688 3516 trid.
723 3488 826 3518 sess.
863 3476 933 3517 ⁶24.
968 3489 1002 3518 c.
1039 3476 1077 3518 7.
1111 3476 1178 3519 De
1210 3477 1389 3519 reform.
1425 3480 1557 3518 matr.
