2269 3898
515 155 580 197 De
613 153 1027 208 dispensationibus
1059 155 1483 198 matrimonialibus.
1850 159 1932 199 149

217 308 264 341 a.
321 287 378 339 Si
431 306 541 338 una
581 295 795 338 tantum
840 306 1004 338 causa
1047 289 1255 339 motiva
1295 289 1521 340 affertur
1562 308 1734 359 eaque
1776 289 1929 349 falsa.

64 377 402 445 dispensatio
444 375 692 427 invalida
734 384 829 440 est,
875 378 973 426 etsi
1016 395 1182 427 causa
1223 375 1521 444 impulsiva
1563 379 1631 428 sit
1675 396 1821 431 vera.

216 465 259 518 b.
315 465 373 516 Si
427 484 537 516 una
587 482 752 515 causa
794 466 1001 515 motiva
1044 465 1270 515 affertur
1311 483 1482 534 eaque
1526 485 1673 533 vera,
1718 466 1931 536 dispen-

65 555 200 604 satio
243 552 405 618 valet,
450 555 549 604 etsi
593 572 789 604 causae
831 553 1161 622 impulsivae
1204 571 1392 604 omnes
1432 554 1601 606 falsae
1643 558 1766 609 sint.

214 663 254 694 6.
299 641 356 693 Si
398 643 580 711 plures
623 660 819 693 causae
861 644 1102 693 motivae
1145 651 1196 692 et
1236 642 1568 711 impulsivae
1609 645 1930 711 afferuntur,

65 732 401 801 dispensatio
445 731 607 797 valet,
652 731 814 782 modo
859 750 969 783 una
1013 750 1179 782 causa
1221 733 1429 782 motiva
1472 751 1603 783 vera
1645 735 1728 786 sit.

214 822 264 874 cl.
307 821 478 874 Levis
500 821 772 890 quaedam
803 823 1156 888 exaggeratio
1185 839 1384 873 causae
1408 825 1724 891 ceteroquin
1753 842 1928 890 verae,

65 910 535 979 dispensationem
579 928 686 961 non
729 910 911 961 reddit
952 908 1276 961 invalidam.

213 1018 263 1068 4.
306 1017 476 1066 Error
515 1016 655 1066 circa
696 1015 1051 1066 condicionem
1093 1024 1377 1068 oratorum.

215 1125 264 1155 α.
308 1104 364 1156 Si
406 1104 541 1155 falso
583 1103 818 1172 allegata
846 1104 951 1154 fuit
980 1112 1274 1172 paupertas
1304 1113 1597 1169 oratorum,
1642 1106 1757 1156 sive
1788 1107 1932 1158 bona

64 1196 182 1245 sive
237 1194 380 1245 mala
432 1194 540 1246 fide
588 1194 643 1245 id
686 1193 893 1244 factum
937 1202 1031 1255 est,
1079 1193 1414 1262 dispensatio
1458 1214 1488 1244 α
1532 1195 1770 1246 Datccria
1813 1214 1934 1247 con-

66 1302 216 1334 cessa
273 1282 437 1349 valet,
495 1284 624 1352 quia
672 1290 967 1351 paupertas
1010 1300 1119 1333 non
1162 1291 1241 1333 est
1282 1301 1447 1333 causa
1489 1283 1929 1352 dispensationi&

65 1372 159 1423 sed
203 1390 383 1436 causa,
439 1371 508 1422 ob
550 1390 716 1441 quam
757 1373 983 1422 remissa
1026 1371 1131 1421 fuit
1173 1372 1571 1440 componenda.
1652 1372 1933 1424 Tenentur

63 1471 248 1513 tamen
298 1470 536 1512 oratores
585 1461 794 1512 solvere
835 1462 959 1511 ima
1000 1462 1032 1513 i.
1079 1480 1122 1512 e.
1168 1461 1607 1530 componendam
1650 1462 1930 1527 Datariae,

64 1552 194 1620 quia
233 1552 480 1601 remissio
524 1569 590 1600 ex
633 1568 812 1600 errore
854 1549 1000 1600 facta
1042 1568 1151 1600 non
1194 1549 1411 1615 valet¹).

213 1640 257 1693 b.
316 1639 514 1703 Quoad
572 1639 1038 1707 dispensationem
1097 1658 1129 1689 a
1183 1639 1604 1689 Poenitentc'aricc
1661 1658 1757 1708 pro
1816 1640 1931 1691 foro

62 1738 287 1780 externo
332 1746 648 1780 concessam
690 1746 800 1778 non
829 1729 1179 1778 consentiunt
1204 1737 1468 1779 auctores.
1530 1726 1669 1778 Cum
1701 1728 1931 1779 dubium

63 1819 130 1870 de
187 1818 372 1870 valore
427 1819 853 1886 dispensationis
908 1819 976 1868 sit
1032 1817 1260 1868 dubium
1314 1819 1462 1882 iuris,
1520 1817 1929 1886 dispensatione

63 1909 142 1958 uti
184 1916 237 1958 et
276 1909 688 1958 matrimonium
730 1916 847 1958 tuta
889 1909 1225 1958 conscientia
1266 1909 1404 1958 inire
1445 1907 1636 1975 licet2).

214 2010 299 2064 Qui
335 2011 715 2066 dispensationem
751 2012 1003 2054 invalidam
1037 2011 1335 2065 arbitrantur,
1367 2017 1613 2066 provocant
1656 2013 1713 2055 ad
1756 2013 1932 2067 praxim

62 2086 198 2129 huius
232 2085 503 2135 tribunalis;
539 2086 723 2140 insuper
755 2088 993 2129 affirmant
1028 2086 1428 2140 poenitentiariam
1463 2087 1511 2129 in
1543 2088 1626 2130 hoc
1666 2101 1771 2130 casu
1814 2092 1933 2142 pote-

62 2165 184 2204 state
218 2161 509 2216 ‹lispensandi
547 2175 708 2215 carere,
743 2175 842 2203 cum
876 2161 977 2216 ipsa
1009 2165 1284 2216 potestatem
1321 2161 1612 2216 dispensandi
1646 2161 1693 2204 in
1735 2163 1831 2204 foro
1866 2174 1934 2204 ex-

60 2240 190 2278 terno
231 2249 309 2290 pro
351 2235 456 2278 solis
498 2235 770 2290 pauperibus
813 2234 1085 2290 accepe1·it³).
1160 2235 1464 2278 Nihilominus
1517 2248 1610 2278 rem
1652 2240 1706 2278 ut
1749 2235 1932 2278 dubiam

62 2315 319 2364 proponunt
353 2310 490 2352 etiam
524 2309 731 2352 nonnulli
767 2319 972 2352 auctores
1005 2309 1303 2352 recentissimi
1337 2314 1391 2352 ut
1427 2310 1645 2360 Ge'nuari,
1678 2310 1840 2352 Zitellz'.

700 2546 992 2604 Articulus
1037 2550 1293 2620 quartus

232 2686 310 2722 De
343 2684 495 2723 modo
529 2683 855 2724 concedendi
889 2687 939 2723 et
972 2683 1268 2731 exequendi
1303 2683 1766 2732 dispensationem.

214 2830 343 2883 144.
385 2831 472 2884 De
512 2831 687 2884 modo
731 2831 1095 2885 concedendi
1138 2831 1670 2897 dispensationem.
1716 2831 1763 2882 1.
1808 2831 1934 2883 Dis-

60 2921 412 2989 pensationes
454 2919 835 2970 conceduntur
876 2928 971 2972 aut
1010 2921 1067 2971 in
1108 2920 1283 2970 forma
1326 2921 1701 2971 commissoria
1742 2930 1837 2972 aut
1875 2924 1931 2973 in

60 3009 236 3060 forma
291 3010 547 3075 gratiosa.
626 3007 693 3059 In
735 3008 925 3078 forma
975 3010 1331 3060 commi-§sorice
1380 3007 1609 3060 concedi
1652 3008 1928 3076 dicuntur,

62 3100 106 3150 si
148 3098 314 3149 alicui
357 3099 718 3149 committitur
754 3098 1006 3167 delegata
1046 3098 1280 3150 facultas
1318 3098 1675 3167 dispensandi
1719 3117 1829 3157 seu,
1874 3109 1933 3149 ut

62 3186 171 3238 dici
224 3187 375 3252 solet,
420 3186 758 3257 fulminmzdi
807 3188 1303 3257 dispensationem:
1360 3189 1416 3238 in
1456 3188 1643 3257 forma
1695 3191 1932 3256 gyratiosa

221 3366 248 3418 ¹)
280 3365 326 3408 S.
361 3365 614 3407 Poem’tem‘.
650 3367 688 3407 1.
724 3366 814 3408 dec.
851 3366 980 3409 1859.

218 3437 250 3493 2)
283 3439 351 3482 Cf.
387 3439 606 3492 Ge'numv'„
640 3439 979 3483 Consultazioni
1014 3444 1097 3483 etc.
1132 3440 1260 3483 Cons.
1295 3442 1365 3482 30.

214 3512 246 3567 ³)
281 3514 352 3556 De
384 3514 564 3556 Beelcer
596 3528 638 3568 p.
672 3515 772 3556 317.
