2269 3898
814 201 881 243 De
913 199 1089 243 actibus
1122 198 1382 242 moralibus.
1974 199 2029 241 73

160 335 343 405 aliquo
387 335 578 387 ordine
620 352 828 398 rerum3
872 334 950 383 sic
992 334 1222 383 scientia
1263 341 1342 384 est
1383 332 1507 383 finis
1549 331 1853 384 secundum
1897 333 2030 400 quid

160 424 385 476 ultimus
426 425 481 474 in
525 423 714 474 ordine
757 422 1081 488 studiorum,
1139 421 1311 489 gloria
1351 422 1458 472 Dei
1514 428 1595 472 est
1646 420 1772 471 finis
1825 420 2027 489 simpli-

161 515 295 564 citer
336 511 575 564 ultimus

310 603 359 656 d.
398 603 555 653 Finis
595 600 809 651 ultimus
851 599 939 650 vel
981 607 1061 650 est
1098 600 1323 668 positive
1366 598 1453 649 Vel
1494 599 1732 668 negat-ive
1786 597 2028 663 ultimus,

160 699 323 761 prout
364 690 488 742 finis
530 689 754 741 ulterior
795 688 1124 751 excluditur,
1166 696 1261 739 aut
1297 687 1757 738 non-excluditur
1785 687 2029 755 quidem,

162 780 256 831 sed
300 798 477 848 neque
519 779 840 830 intenditur.

310 868 395 921 Qui
428 869 569 911 solnm
594 869 750 911 studet
783 868 840 910 ad
874 866 1111 911 scientiam
1146 866 1231 909 sibi
1265 865 1629 920 comparandam,
1664 865 1703 907 ei
1738 864 1929 907 scientia
1961 870 2029 907 est

160 942 267 987 finis
316 943 512 997 positive
559 942 764 996 ultimus,
815 941 919 996 quia
971 940 1231 984 ulteriorem
1278 941 1413 982 finem
1463 953 1498 982 e.
1533 953 1576 989 g.
1618 939 1812 994 gloriani
1845 939 1929 981 Dei
1963 951 2029 981 ex-

159 1017 324 1067 cludit;
360 1016 435 1070 qui
469 1017 624 1060 studet
656 1017 714 1059 ad
748 1016 984 1059 scientiam
1031 1015 1115 1058 sibi
1156 1013 1524 1069 comparandam,
1573 1013 1681 1067 quin
1723 1014 1775 1055 de
1816 1013 2030 1056 ulteriore

159 1094 250 1136 fine
295 1091 480 1147 cogitet,
529 1091 569 1134 ei
614 1091 805 1134 scientia
847 1094 916 1134 est
959 1090 1066 1132 finis
1109 1089 1325 1144 negative
1368 1088 1576 1142 ultimus,
1628 1086 1734 1141 quia
1766 1087 2029 1130 ulteriorem

159 1168 297 1210 finem
331 1179 366 1209 e.
400 1179 444 1221 g.
478 1165 671 1220 gloriam
705 1165 788 1209 Dei
821 1179 964 1220 neque
997 1164 1200 1207 intendit
1231 1177 1375 1218 neque
1407 1162 1624 1207 excludit.

310 1262 349 1292 e.
405 1240 472 1292 In
529 1242 691 1292 finem
743 1239 967 1306 totalem,
1027 1242 1119 1309 qui
1175 1238 1320 1290 solus
1374 1238 1444 1289 ad
1499 1239 1776 1288 actionem
1827 1245 2028 1300 movet,

160 1331 298 1382 adeo
341 1338 400 1381 ut
440 1331 483 1381 si
526 1332 626 1381 iste
668 1348 778 1381 non
820 1337 975 1396 esset,
1034 1330 1176 1380 actio
1233 1346 1341 1379 non
1396 1328 1565 1394 fieret,
1624 1334 1675 1377 et
1718 1325 2029 1396 partialem,

162 1422 255 1490 qui
310 1419 472 1471 simul
525 1438 648 1470 cum
702 1419 807 1470 alio
862 1419 936 1470 ad
988 1419 1260 1469 actionem
1305 1424 1506 1467 movet.
1586 1416 1742 1466 Finis
1783 1414 2029 1484 partialis

162 1511 237 1560 ita
280 1516 626 1578 comparatus
668 1526 785 1560 esse
827 1514 1020 1576 potest,
1076 1515 1135 1557 ut
1192 1524 1317 1557 cum
1375 1505 1480 1556 alio
1538 1506 1606 1555 sit
1658 1503 1902 1573 aequalis
1944 1503 2031 1554 vel

162 1618 334 1668 aeque
375 1596 715 1667 principalis,
772 1598 815 1648 si
859 1604 1087 1665 uterque
1129 1596 1410 1647 sufficiens
1452 1602 1547 1660 est,
1600 1594 1693 1662 qui
1735 1593 1806 1644 ad
1846 1601 2029 1644 actum

163 1696 398 1754 moveat,
452 1695 546 1737 aut
598 1688 689 1753 ita,
745 1694 803 1737 ut
856 1705 998 1736 unus
1048 1687 1115 1736 sit
1147 1685 1459 1755 primarius,
1505 1685 1596 1753 qui
1640 1683 1815 1752 primo
1860 1684 2030 1733 inten—

162 1779 326 1844 ditur,
369 1786 421 1827 et
460 1776 596 1827 alter
637 1776 996 1842 seczmclariuS,
1048 1776 1141 1844 qui
1192 1774 1366 1826 solum
1410 1792 1534 1824 cum
1579 1772 2030 1823 subordinatione

163 1867 232 1919 ad
274 1867 598 1935 primarium
641 1864 947 1916 intenditur
989 1872 1041 1914 et
1081 1863 1150 1915 ad
1192 1871 1375 1914 actum
1420 1871 1634 1927 movet3
1690 1861 1782 1913 ille
1828 1862 2031 1912 dicitur

160 1975 366 2007 movens
407 1963 460 2006 et
501 1954 645 2005 solus
688 1953 758 2005 ad
800 1955 1071 2005 actionem
1117 1953 1420 2017 sufficeret3
1475 1951 1565 2003 hic
1609 1952 1812 2002 dicitur
1851 1951 2031 2020 impel-

161 2045 271 2096 lens
312 2053 364 2095 et
403 2046 459 2095 in
501 2045 774 2095 actionem
818 2043 1041 2113 quidem
1085 2042 1281 2106 influit,
1327 2040 1421 2091 sed
1452 2040 1624 2091 solum
1654 2040 1724 2091 ad
1754 2042 2030 2092 actionem

161 2154 270 2187 non
315 2133 605 2185 sufficeret.

311 2222 556 2277 Sacerdoti,
590 2221 665 2276 qui
700 2221 884 2264 missam
919 2220 1117 2263 celebrat
1149 2220 1293 2262 solum
1327 2219 1384 2262 ad
1418 2219 1563 2262 Deum
1598 2219 1850 2273 colendum,
1881 2219 2031 2261 cultus

161 2298 245 2342 Dei
268 2301 337 2341 est
360 2297 524 2340 missae
548 2296 653 2338 finis
677 2296 856 2345 totalis;
892 2295 929 2338 si
963 2295 1147 2337 missam
1181 2294 1377 2337 celebrat
1410 2297 1508 2336 tum
1544 2294 1601 2336 ad
1626 2294 1771 2336 Deum
1795 2294 2030 2336 colendum

162 2377 261 2414 tum
295 2372 351 2414 ad
385 2371 663 2425 stipendium
699 2370 981 2423 lucrandum,
1015 2370 1165 2412 cultus
1198 2368 1281 2411 Dei
1315 2375 1361 2411 et
1395 2368 1675 2423 stipendium
1710 2372 1817 2410 sunt
1868 2368 2031 2411 missae

162 2447 276 2489 fines
308 2445 538 2500 partiales.
595 2444 763 2497 Quodsi
797 2445 1001 2487 sacerdos
1035 2444 1104 2486 ita
1138 2448 1425 2497 comparatus
1457 2446 1539 2493 est,
1574 2446 1626 2484 ut
1651 2442 1910 2496 celebraret,
1945 2442 2030 2484 etsi

163 2519 441 2575 stipendium
475 2532 565 2562 non
597 2519 798 2570 haberet.
832 2519 982 2561 cultus
1015 2518 1097 2560 Dei
1142 2521 1210 2560 est
1253 2517 1359 2559 finis
1401 2515 1660 2570 primarius,
1710 2516 1746 2559 si
1793 2517 2031 2559 deficiente

164 2593 392 2649 stipendio
424 2608 514 2636 non
546 2594 807 2648 celebraret,
841 2592 1120 2647 stipendium
1156 2597 1222 2634 est
1257 2591 1363 2633 finis
1397 2590 1640 2645 primarius
1674 2590 1941 2633 celebrandi.

314 2742 408 2796 64.
449 2743 782 2810 Principia.
830 2745 875 2796 1.
906 2741 1082 2793 Actus
1117 2740 1391 2792 humanus
1427 2738 1788 2790 moralitatem
1831 2740 2034 2808 accipit

166 2834 329 2884 etiam
374 2851 404 2882 a
445 2833 568 2898 fine,
611 2840 832 2900 propter
873 2849 1036 2900 quem
1079 2830 1168 2881 fit:
1219 2848 1345 2880 nam
1389 2829 1529 2895 finis,
1573 2828 1642 2879 ad
1685 2846 1847 2897 quem
1889 2829 2029 2879 actio

165 2921 235 2973 ab
294 2929 552 2990 operante
608 2921 909 2986 ordinatur,
972 2921 1186 2971 efficere
1244 2926 1448 2987 potest,
1511 2924 1570 2968 ut
1625 2919 1766 2969 actio
1821 2919 2031 2968 ratione

165 3011 330 3062 huius
371 3010 732 3061 ordinationis
775 3011 844 3062 sit
870 3018 1098 3061 naturae
1124 3007 1378 3060 rationali
1409 3007 1706 3058 conformis
1733 3006 1819 3057 vel
1851 3005 2030 3057 diffor-

167 3102 301 3165 mis3
345 3117 471 3167 ergo
515 3108 730 3168 praeter
770 3099 1046 3150 obiectum
1089 3106 1141 3149 et
1182 3097 1624 3148 circumstantias
1666 3097 1831 3146 etiam
1867 3114 1898 3145 a
1925 3095 2031 3145 fine

166 3190 309 3240 actio
339 3191 583 3240 humana
611 3191 815 3257 accipit
840 3207 995 3240 suam
1025 3188 1328 3239 bonitatem
1348 3185 1433 3237 vel
1466 3184 1732 3236 malitiam
1757 3183 2030 3235 moralem.

167 3277 259 3329 Sic
301 3296 407 3329 non
451 3278 625 3329 solum
667 3278 798 3329 dare
839 3277 1263 3345 eleemosynam,
1309 3275 1403 3326 sed
1442 3275 1607 3326 etiam
1639 3274 1767 3325 dare
1793 3272 1863 3323 ad
1891 3272 2028 3323 redi-

166 3367 367 3419 menda
408 3376 635 3436 peccata
675 3378 902 3418 naturae
943 3365 1197 3418 rationali
1252 3366 1549 3430 conforme,
1604 3371 1656 3412 et
1707 3379 1814 3412 non
1857 3361 2030 3413 solum

165 3458 352 3523 furari,
396 3457 490 3508 sed
532 3459 696 3508 etiam
738 3458 909 3509 furari
951 3456 1022 3507 ad
1063 3475 1117 3507 se
1159 3453 1547 3507 inebriandum
1592 3459 1819 3503 naturae
1873 3453 2031 3502 ratio-

167 3546 278 3596 nali
321 3546 571 3596 difforme
612 3555 707 3597 est.
