2269 3898
266 138 352 181 114
993 130 1077 173 III.
1112 131 1179 173 De
1211 128 1403 185 legibus.

266 272 389 324 ideo
434 273 481 341 β.
527 266 787 338 apostolis
820 282 1121 333 eorumque
1150 261 1562 315 successoribus
1602 264 1903 332 praecepit,
1946 269 2007 314 ut
2046 261 2138 314 ob·

259 361 630 413 servationem
687 354 1075 407 mandatorum
1132 371 1356 404 suorum
1409 351 1732 403 hominibus
1789 352 2139 404 commenda·

260 451 453 514 rent¹j›;
509 464 558 511 γ.
618 452 673 498 et
722 443 1023 495 concilium
1075 442 1447 493 tridentinum
1499 442 1836 494 condemnat
1876 460 1984 509 eOS,
2043 443 2138 512 qui

261 545 466 607 negant
508 535 789 587 Christum
831 551 979 585 nova
1019 538 1318 602 praecepta
1361 530 1642 596 dedisse2).

410 627 452 678 b.
497 625 587 676 Ex
629 622 924 692 multiplici
967 621 1125 674 titulo
1167 621 1258 673 lex
1287 640 1319 673 a
1346 620 1561 674 Christo
1597 621 1708 673 lata
1746 623 1932 673 vocari
1976 620 2142 673 debet

257 712 703 786 supernaturalis,
759 722 876 763 tum
932 713 1064 782 quia
1119 713 1378 780 provenit
1435 730 1466 762 a
1521 712 1640 763 Deo
1699 718 1758 763 ut
1813 719 1895 762 est
1949 720 2143 763 auctor

259 806 471 858 ordinis
497 801 950 873 supernaturalis,
982 811 1099 853 tum
1128 802 1257 871 quia
1292 820 1390 870 pro
1438 800 1762 852 hominibus
1791 801 1862 852 ad
1890 800 2142 852 ordinem

264 892 740 964 supernaturalem
785 892 1014 943 elevatis
1056 893 1363 942 instituitur
1405 899 1458 942 et
1499 890 1715 942 viribus
1756 898 2140 960 supernatura-

261 985 408 1037 libus
450 984 791 1049 observatur,
850 990 965 1034 tum
1021 981 1262 1051 denique
1307 982 1438 1051 quia
1480 980 1552 1032 ad
1601 981 1771 1033 finem
1822 988 2145 1050 supernatu-

261 1075 432 1128 ralem
476 1075 677 1141 dirigit.

410 1166 458 1217 2.
501 1165 616 1216 Lex
659 1180 805 1214 nova
848 1180 943 1213 seu
986 1161 1312 1229 evangelica
1343 1161 1576 1230 triplicis
1604 1162 1822 1229 generis
1847 1167 2145 1230 praecepta

268 1256 543 1306 continet:
602 1250 953 1319 theologalia,
1008 1249 1240 1302 moralia
1295 1258 1346 1301 et
1402 1249 1871 1322 sacramentalia„
1930 1249 2144 1301 Theolo-

261 1343 410 1413 9alia
452 1343 523 1395 ad
551 1344 784 1393 virtutes
813 1340 1154 1408 theologicas
1183 1340 1580 1407 referuntur3)3
1623 1340 1854 1392 moralia
1883 1339 2145 1407 deca-logo

266 1436 649 1485 continentur:
680 1431 934 1484 Christus
963 1432 1111 1482 enim
1143 1430 1323 1500 legem
1355 1431 1668 1482 naturalem
1697 1448 1808 1482 non
1836 1429 2146 1498 abrogavit,

263 1524 358 1576 sed
415 1523 674 1593 explicite
726 1522 1036 1588 renovavit,
1094 1521 1449 1573 confirmavit
1501 1522 1662 1590 eique
1717 1521 1981 1572 maiorem
2029 1539 2147 1590 per·

261 1613 559 1665 sectionem
600 1611 892 1678 addidit4);
937 1610 1351 1664 sacramentalia
1402 1610 1472 1662 ad
1515 1618 1863 1663 sacramenta
1906 1618 1959 1661 et
1999 1609 2146 1662 obla-

265 1704 473 1754 tionem
515 1702 771 1753 sacrificii
813 1701 1156 1770 pertinent5).

412 1780 473 1835 αξ
505 1791 621 1845 Quia
663 1791 873 1835 Christus
913 1795 1153 1847 praecepta
1198 1791 1401 1846 decalogi
1450 1790 1635 1846 propria
1678 1790 1957 1834 auctoritate
1990 1792 2148 1833 confir-

260 1867 421 1922 mavit,
470 1880 520 1910 ea
564 1880 617 1910 ex
660 1866 831 1922 duplici
878 1866 1018 1910 titulo
1063 1866 1287 1922 obligant,
1320 1865 1366 1909 vi
1399 1865 1517 1921 legis
1565 1865 1793 1909 naturalis
1825 1869 1872 1909 et
1904 1865 2149 1921 positivae.

264 1942 370 1986 Ideo
416 1941 655 1985 christiani
698 1946 943 1997 praecepta
984 1941 1188 1996 decalogi
1221 1941 1450 1985 violantes
1497 1955 1588 1984 non
1632 1940 1933 1984 committunt
1966 1940 2148 1995 quidem

264 2018 351 2060 duo
384 2020 570 2072 peccata
601 2016 748 2071 specie
780 2017 852 2060 vel
884 2028 1072 2059 numero
1107 2015 1302 2071 diversa,
1335 2019 1547 2059 attamen
1582 2016 1771 2071 gravius
1794 2020 1984 2070 peccant
2014 2029 2148 2070 quam

262 2092 470 2135 infideles
503 2092 658 2135 eadem
692 2095 935 2147 praecepta
966 2091 1206 2134 violantes.

411 2167 449 2209 b.
498 2167 746 2221 Praecepta
790 2166 1025 2210 iudicialia
1073 2166 1121 2209 in
1153 2167 1253 2221 lege
1287 2165 1556 2221 evangelica
1594 2179 1685 2209 non
1719 2164 2027 2219 continentur,
2059 2164 2150 2208 nisi

262 2241 500 2285 iudicialia
533 2241 744 2284 dicantur
775 2245 1032 2296 praecepta,
1075 2255 1189 2296 quae
1234 2241 1615 2285 constitutionem
1661 2239 1916 2296 ecclesiaess)
1965 2239 2152 2294 eiusque

266 2315 630 2370 auctoritatem⁷)
662 2316 925 2370 respiciunt.
989 2316 1120 2359 Licet
1153 2316 1211 2359 ad
1244 2315 1593 2371 gubernandum
1633 2316 1854 2371 populum
1887 2315 2068 2358 fidelem
2101 2314 2152 2357 in

267 2391 532 2434 societatem
566 2396 895 2446 congregatum
929 2395 1171 2446 praecepta
1202 2391 1442 2434 iudicialia
1476 2391 1571 2434 sint
1602 2389 1872 2444 necessaria,
1910 2402 1963 2433 ea
1994 2393 2150 2433 tamen

264 2465 415 2509 noluit
446 2465 543 2520 ipse
576 2465 784 2509 Christus
815 2465 1084 2510 immediate
1115 2466 1320 2521 condere,
1354 2466 1432 2509 sed
1467 2465 1668 2509 mediate
1700 2469 1885 2509 tantum
1919 2478 1998 2520 per
2019 2465 2151 2508 eccle-

265 2541 395 2595 siam,
432 2554 566 2595 quam
599 2540 788 2596 proinde
820 2544 1052 2596 potestate
1082 2540 1277 2596 legifera
1318 2540 1556 2583 instruxit.
1624 2540 1863 2584 Eiusmodi
1907 2544 2152 2596 praecepta

267 2616 556 2671 postmodum
603 2615 754 2671 reipsa
794 2615 1132 2659 occurrentibus
1175 2615 1485 2659 occasionibus
1537 2619 1720 2659 statuta
1763 2618 1888 2672 sunt,
1930 2627 2070 2669 eaque
2102 2614 2150 2657 in

266 2690 363 2734 iure
395 2691 606 2734 canonico
640 2692 944 2736 continentur.

416 2779 449 2808 c.
483 2765 669 2809 Praeter
702 2770 945 2821 praecepta
977 2765 1168 2809 moralia
1199 2767 1272 2809 lex
1304 2779 1422 2809 nova
1459 2765 1664 2809 continet
1709 2764 1850 2808 etiam
1887 2765 2021 2820 plura
2052 2776 2150 2807 con-

270 2839 376 2881 silia
417 2840 627 2891 moralia,
676 2853 865 2895 quorum
910 2841 1154 2896 praecipua
1197 2844 1304 2883 sunt
1348 2840 1442 2884 tria
1492 2839 1696 2895 consilia,
1746 2853 1860 2895 quae
1892 2838 2150 2894 evanqelica

268 2913 407 2968 vulgo
441 2913 669 2969 dicuntur,
701 2928 864 2970 nempe
896 2915 1199 2971 paupertatis,
1233 2914 1467 2958 castitatis
1501 2919 1548 2958 et
1581 2914 1880 2958 obedientiae.

419 3062 452 3119 ¹)
481 3063 648 3106 Matth.
683 3064 754 3118 28,
789 3065 857 3107 c20.

418 3135 452 3193 2)
485 3136 599 3180 Sess.
635 3137 674 3180 6.
710 3152 805 3182 can.
842 3140 910 3182 19.

419 3213 452 3267 ³)
483 3212 618 3257 Marc,
655 3213 725 3267 16,
759 3213 828 3256 16.
892 3215 1057 3257 Matth.
1093 3214 1165 3269 22,
1199 3215 1269 3257 37.
1332 3214 1440 3258 Luc.
1477 3216 1546 3270 10,
1580 3215 1650 3258 ⁶27.

420 3287 456 3340 4)
489 3287 654 3330 Matth.
692 3287 741 3330 5:
783 3288 881 3343 Eyo
915 3291 1064 3331 autem
1098 3288 1194 3331 dico
1228 3289 1348 3332 cobis
1383 3292 1461 3332 etc.

419 3360 458 3413 5)
490 3361 615 3406 Ioan.
649 3361 690 3416 3,
725 3362 764 3405 ἵ).
829 3362 936 3405 Luc.
971 3363 1043 3417 22,
1078 3364 1146 3406 19.
1210 3363 1334 3406 Ioan.
1377 3363 1418 3418 6,
1452 3363 1522 3407 54.

421 3436 453 3484 6)
485 3436 651 3479 Matth.
695 3436 763 3490 16,
799 3436 854 3479 18
888 3450 919 3480 s.

421 3509 453 3565 ⁷]
487 3511 654 3554 Mat-th.
690 3511 758 3566 18,
800 3512 847 3553 17
883 3525 937 3555 ss.
