<?xml version="1.0" encoding="UTF-8"?>
<!DOCTYPE html PUBLIC "-//W3C//DTD XHTML 1.0 Transitional//EN"
    "http://www.w3.org/TR/xhtml1/DTD/xhtml1-transitional.dtd">
<html xmlns="http://www.w3.org/1999/xhtml" xml:lang="en" lang="en">
 <head>
  <title>
</title>
<meta http-equiv="Content-Type" content="text/html;charset=utf-8" />
  <meta name='ocr-system' content='tesseract 3.04.00' />
  <meta name='ocr-capabilities' content='ocr_page ocr_carea ocr_par ocr_line ocrx_word'/>
</head>
<body>
  <div class='ocr_page' id='page_1' title='image "./summatheologiaem00nold_0314.png"; bbox 0 0 2269 3898; ppageno 0'>
   <div class='ocr_carea' id='block_1_1' title="bbox 271 97 1468 153">
    <p class='ocr_par' dir='ltr' id='par_1_1' title="bbox 271 97 1468 153">
     <span class='ocr_line' id='line_1_1' title="bbox 271 97 1468 153; baseline -0.001 -11"><span class='ocrx_word' id='word_1_1' title='bbox 271 99 360 142; x_wconf 73' lang='lat'>304</span> <span class='ocrx_word' id='word_1_2' title='bbox 1045 97 1124 140; x_wconf 86' lang='lat' dir='ltr'>Vl.</span> <span class='ocrx_word' id='word_1_3' title='bbox 1157 99 1224 141; x_wconf 89' lang='lat' dir='ltr'>De</span> <span class='ocrx_word' id='word_1_4' title='bbox 1256 98 1468 153; x_wconf 86' lang='lat' dir='ltr'>peccatis.</span> 
     </span>
    </p>
   </div>
   <div class='ocr_carea' id='block_1_2' title="bbox 270 233 2158 642">
    <p class='ocr_par' dir='ltr' id='par_1_2' title="bbox 270 233 2158 642">
     <span class='ocr_line' id='line_1_2' title="bbox 272 233 2153 303; baseline 0 -18"><span class='ocrx_word' id='word_1_5' title='bbox 272 233 433 303; x_wconf 91' lang='lat' dir='ltr'>plura</span> <span class='ocrx_word' id='word_1_6' title='bbox 476 233 711 298; x_wconf 85' lang='lat' dir='ltr'>obiecta,</span> <span class='ocrx_word' id='word_1_7' title='bbox 766 251 908 301; x_wconf 89' lang='lat' dir='ltr'>quae</span> <span class='ocrx_word' id='word_1_8' title='bbox 963 249 1072 282; x_wconf 92' lang='lat' dir='ltr'>uno</span> <span class='ocrx_word' id='word_1_9' title='bbox 1123 238 1252 282; x_wconf 92' lang='lat' dir='ltr'>actu</span> <span class='ocrx_word' id='word_1_10' title='bbox 1293 233 1657 301; x_wconf 80' lang='lat' dir='ltr'>attinguntur,</span> <span class='ocrx_word' id='word_1_11' title='bbox 1715 233 1997 285; x_wconf 84' lang='lat' dir='ltr'>moraliter</span> <span class='ocrx_word' id='word_1_12' title='bbox 2037 236 2153 285; x_wconf 89' lang='lat' dir='ltr'>uni-</span> 
     </span>
     <span class='ocr_line' id='line_1_3' title="bbox 272 320 2158 393; baseline 0.001 -19"><span class='ocrx_word' id='word_1_13' title='bbox 272 333 463 387; x_wconf 79' lang='lat' dir='ltr'>antur3</span> <span class='ocrx_word' id='word_1_14' title='bbox 521 321 721 373; x_wconf 89' lang='lat' dir='ltr'>deinde</span> <span class='ocrx_word' id='word_1_15' title='bbox 776 320 1142 390; x_wconf 79' lang='lat' dir='ltr'>exponendae</span> <span class='ocrx_word' id='word_1_16' title='bbox 1195 328 1323 372; x_wconf 90' lang='lat' dir='ltr'>sunt</span> <span class='ocrx_word' id='word_1_17' title='bbox 1375 320 1615 389; x_wconf 89' lang='lat' dir='ltr'>regulae,</span> <span class='ocrx_word' id='word_1_18' title='bbox 1671 323 1977 374; x_wconf 91' lang='lat' dir='ltr'>secundum</span> <span class='ocrx_word' id='word_1_19' title='bbox 2019 342 2158 393; x_wconf 89' lang='lat' dir='ltr'>quas</span> 
     </span>
     <span class='ocr_line' id='line_1_4' title="bbox 273 411 2156 481; baseline 0 -18"><span class='ocrx_word' id='word_1_20' title='bbox 273 412 340 463; x_wconf 90' lang='lat' dir='ltr'>de</span> <span class='ocrx_word' id='word_1_21' title='bbox 384 412 737 462; x_wconf 85' lang='lat' dir='ltr'>distinctione</span> <span class='ocrx_word' id='word_1_22' title='bbox 793 411 1078 461; x_wconf 81' lang='lat' dir='ltr'>numerica</span> <span class='ocrx_word' id='word_1_23' title='bbox 1134 418 1488 479; x_wconf 89' lang='lat' dir='ltr'>peccatorum</span> <span class='ocrx_word' id='word_1_24' title='bbox 1544 420 1659 462; x_wconf 88' lang='lat' dir='ltr'>tum</span> <span class='ocrx_word' id='word_1_25' title='bbox 1714 430 1784 463; x_wconf 87' lang='lat' dir='ltr'>ex</span> <span class='ocrx_word' id='word_1_26' title='bbox 1836 411 2156 481; x_wconf 82' lang='lat' dir='ltr'>pluralitate</span> 
     </span>
     <span class='ocr_line' id='line_1_5' title="bbox 271 497 2154 568; baseline 0.001 -16"><span class='ocrx_word' id='word_1_27' title='bbox 271 510 496 552; x_wconf 79' lang='lat' dir='ltr'>actuum</span> <span class='ocrx_word' id='word_1_28' title='bbox 538 506 654 550; x_wconf 89' lang='lat' dir='ltr'>tum</span> <span class='ocrx_word' id='word_1_29' title='bbox 701 518 771 552; x_wconf 77' lang='lat' dir='ltr'>ex</span> <span class='ocrx_word' id='word_1_30' title='bbox 813 498 1129 568; x_wconf 86' lang='lat' dir='ltr'>pluralitate</span> <span class='ocrx_word' id='word_1_31' title='bbox 1157 497 1501 551; x_wconf 88' lang='lat' dir='ltr'>obiectorum</span> <span class='ocrx_word' id='word_1_32' title='bbox 1545 500 1800 553; x_wconf 87' lang='lat' dir='ltr'>desumta</span> <span class='ocrx_word' id='word_1_33' title='bbox 1844 501 2154 553; x_wconf 90' lang='lat' dir='ltr'>discernen-</span> 
     </span>
     <span class='ocr_line' id='line_1_6' title="bbox 270 590 530 642; baseline 0.004 -1"><span class='ocrx_word' id='word_1_34' title='bbox 270 590 403 641; x_wconf 88' lang='lat' dir='ltr'>dum</span> <span class='ocrx_word' id='word_1_35' title='bbox 446 591 530 642; x_wconf 88' lang='lat' dir='ltr'>sit.</span> 
     </span>
    </p>
   </div>
   <div class='ocr_carea' id='block_1_3' title="bbox 266 782 2202 1391">
    <p class='ocr_par' dir='ltr' id='par_1_3' title="bbox 266 782 2202 1391">
     <span class='ocr_line' id='line_1_7' title="bbox 421 782 2156 850; baseline 0.001 -13"><span class='ocrx_word' id='word_1_36' title='bbox 421 783 549 839; x_wconf 76' lang='lat'>278.</span> <span class='ocrx_word' id='word_1_37' title='bbox 610 782 797 836; x_wconf 83' lang='lat' dir='ltr'>Actus</span> <span class='ocrx_word' id='word_1_38' title='bbox 856 782 1108 850; x_wconf 66' lang='lat' dir='ltr'>physice</span> <span class='ocrx_word' id='word_1_39' title='bbox 1170 782 1376 850; x_wconf 87' lang='lat' dir='ltr'>plures</span> <span class='ocrx_word' id='word_1_40' title='bbox 1445 783 1762 838; x_wconf 82' lang='lat' dir='ltr'>moraliter</span> <span class='ocrx_word' id='word_1_41' title='bbox 1828 785 2156 838; x_wconf 85' lang='lat' dir='ltr'>uniuntur:</span> 
     </span>
     <span class='ocr_line' id='line_1_8' title="bbox 272 870 2156 942; baseline 0.001 -18"><span class='ocrx_word' id='word_1_42' title='bbox 272 875 318 926; x_wconf 83' lang='lat'>1.</span> <span class='ocrx_word' id='word_1_43' title='bbox 362 874 449 924; x_wconf 68' lang='lat' dir='ltr'>Ex</span> <span class='ocrx_word' id='word_1_44' title='bbox 489 874 778 924; x_wconf 70' lang='lat' dir='ltr'>intentione</span> <span class='ocrx_word' id='word_1_45' title='bbox 822 874 1040 942; x_wconf 69' lang='grc' dir='ltr'><strong>119611ΐί3,</strong></span> <span class='ocrx_word' id='word_1_46' title='bbox 1087 890 1196 941; x_wconf 89' lang='lat' dir='ltr'>qua</span> <span class='ocrx_word' id='word_1_47' title='bbox 1236 870 1421 940; x_wconf 89' lang='lat' dir='ltr'>plures</span> <span class='ocrx_word' id='word_1_48' title='bbox 1450 880 1605 924; x_wconf 89' lang='lat' dir='ltr'>actus</span> <span class='ocrx_word' id='word_1_49' title='bbox 1646 874 1764 924; x_wconf 89' lang='lat' dir='ltr'>sive</span> <span class='ocrx_word' id='word_1_50' title='bbox 1799 875 2004 925; x_wconf 90' lang='lat' dir='ltr'>interni</span> <span class='ocrx_word' id='word_1_51' title='bbox 2039 875 2156 925; x_wconf 83' lang='lat' dir='ltr'>sive</span> 
     </span>
     <span class='ocr_line' id='line_1_9' title="bbox 269 961 2157 1032; baseline 0.001 -19"><span class='ocrx_word' id='word_1_52' title='bbox 269 964 485 1014; x_wconf 79' lang='lat' dir='ltr'>externi</span> <span class='ocrx_word' id='word_1_53' title='bbox 528 971 814 1032; x_wconf 87' lang='lat' dir='ltr'>tamquam</span> <span class='ocrx_word' id='word_1_54' title='bbox 856 961 1040 1013; x_wconf 86' lang='lat' dir='ltr'>media</span> <span class='ocrx_word' id='word_1_55' title='bbox 1069 961 1140 1013; x_wconf 87' lang='lat' dir='ltr'>ad</span> <span class='ocrx_word' id='word_1_56' title='bbox 1170 980 1338 1012; x_wconf 92' lang='lat' dir='ltr'>unum</span> <span class='ocrx_word' id='word_1_57' title='bbox 1372 961 1541 1013; x_wconf 92' lang='lat' dir='ltr'>finem</span> <span class='ocrx_word' id='word_1_58' title='bbox 1569 962 1922 1015; x_wconf 85' lang='lat' dir='ltr'>ordinantur:</span> <span class='ocrx_word' id='word_1_59' title='bbox 1967 965 2157 1015; x_wconf 90' lang='lat' dir='ltr'>variae</span> 
     </span>
     <span class='ocr_line' id='line_1_10' title="bbox 268 1050 2158 1122; baseline 0.001 -19"><span class='ocrx_word' id='word_1_60' title='bbox 268 1054 416 1104; x_wconf 89' lang='lat' dir='ltr'>enim</span> <span class='ocrx_word' id='word_1_61' title='bbox 458 1053 720 1115; x_wconf 80' lang='lat' dir='ltr'>actioneS,</span> <span class='ocrx_word' id='word_1_62' title='bbox 763 1069 903 1121; x_wconf 90' lang='lat' dir='ltr'>quae</span> <span class='ocrx_word' id='word_1_63' title='bbox 945 1051 1017 1102; x_wconf 89' lang='lat' dir='ltr'>ad</span> <span class='ocrx_word' id='word_1_64' title='bbox 1059 1050 1299 1102; x_wconf 89' lang='lat' dir='ltr'>eundem</span> <span class='ocrx_word' id='word_1_65' title='bbox 1342 1059 1526 1102; x_wconf 91' lang='lat' dir='ltr'>actum</span> <span class='ocrx_word' id='word_1_66' title='bbox 1550 1059 1834 1122; x_wconf 84' lang='lat' dir='ltr'>tamquam</span> <span class='ocrx_word' id='word_1_67' title='bbox 1876 1053 1946 1104; x_wconf 89' lang='lat' dir='ltr'>ad</span> <span class='ocrx_word' id='word_1_68' title='bbox 1988 1052 2158 1114; x_wconf 75' lang='lat' dir='ltr'>finem</span> 
     </span>
     <span class='ocr_line' id='line_1_11' title="bbox 269 1133 2202 1209; baseline 0 -16"><span class='ocrx_word' id='word_1_69' title='bbox 269 1142 600 1209; x_wconf 87' lang='lat' dir='ltr'>diriguntur,</span> <span class='ocrx_word' id='word_1_70' title='bbox 646 1140 954 1192; x_wconf 88' lang='lat' dir='ltr'>secundum</span> <span class='ocrx_word' id='word_1_71' title='bbox 997 1139 1261 1191; x_wconf 89' lang='lat' dir='ltr'>moralem</span> <span class='ocrx_word' id='word_1_72' title='bbox 1303 1141 1746 1192; x_wconf 84' lang='lat' dir='ltr'>aestimationem</span> <span class='ocrx_word' id='word_1_73' title='bbox 1805 1160 1974 1193; x_wconf 90' lang='lat' dir='ltr'>unam</span> <span class='ocrx_word' id='word_1_74' title='bbox 2027 1133 2202 1194; x_wconf 49' lang='lat' dir='ltr'>acti-‘³⁵</span> 
     </span>
     <span class='ocr_line' id='line_1_12' title="bbox 267 1228 2157 1302; baseline 0.001 -19"><span class='ocrx_word' id='word_1_75' title='bbox 267 1250 428 1283; x_wconf 91' lang='lat' dir='ltr'>onem</span> <span class='ocrx_word' id='word_1_76' title='bbox 458 1232 816 1297; x_wconf 83' lang='lat' dir='ltr'>constituunt,</span> <span class='ocrx_word' id='word_1_77' title='bbox 861 1231 957 1282; x_wconf 74' lang='lat' dir='ltr'>etsi</span> <span class='ocrx_word' id='word_1_78' title='bbox 984 1228 1192 1298; x_wconf 74' lang='lat' dir='ltr'>Zonyius</span> <span class='ocrx_word' id='word_1_79' title='bbox 1236 1231 1306 1280; x_wconf 71' lang='lat' dir='ltr'>sit</span> <span class='ocrx_word' id='word_1_80' title='bbox 1334 1231 1583 1299; x_wconf 70' lang='lat' dir='ltr'>temporis</span> <span class='ocrx_word' id='word_1_81' title='bbox 1610 1231 1967 1300; x_wconf 73' lang='lat' dir='ltr'>intervallum,</span> <span class='ocrx_word' id='word_1_82' title='bbox 2009 1231 2157 1302; x_wconf 87' lang='lat' dir='ltr'>quod</span> 
     </span>
     <span class='ocr_line' id='line_1_13' title="bbox 266 1319 1259 1391; baseline 0 -19"><span class='ocrx_word' id='word_1_83' title='bbox 266 1322 410 1372; x_wconf 89' lang='lat' dir='ltr'>inter</span> <span class='ocrx_word' id='word_1_84' title='bbox 450 1319 697 1391; x_wconf 82' lang='lat' dir='ltr'>singulos</span> <span class='ocrx_word' id='word_1_85' title='bbox 739 1328 894 1372; x_wconf 89' lang='lat' dir='ltr'>actus</span> <span class='ocrx_word' id='word_1_86' title='bbox 936 1319 1259 1373; x_wconf 88' lang='lat' dir='ltr'>intercedat.</span> 
     </span>
    </p>
   </div>
   <div class='ocr_carea' id='block_1_4' title="bbox 244 1439 2160 1856">
    <p class='ocr_par' dir='ltr' id='par_1_4' title="bbox 244 1439 2160 1856">
     <span class='ocr_line' id='line_1_14' title="bbox 422 1439 2158 1496; baseline 0.001 -13"><span class='ocrx_word' id='word_1_87' title='bbox 422 1455 461 1484; x_wconf 81' lang='lat' dir='ltr'>a.</span> <span class='ocrx_word' id='word_1_88' title='bbox 498 1441 585 1495; x_wconf 80' lang='lat' dir='ltr'>Qui</span> <span class='ocrx_word' id='word_1_89' title='bbox 618 1440 834 1496; x_wconf 82' lang='lat' dir='ltr'>proponit</span> <span class='ocrx_word' id='word_1_90' title='bbox 868 1440 1068 1483; x_wconf 87' lang='lat' dir='ltr'>occidere</span> <span class='ocrx_word' id='word_1_91' title='bbox 1099 1439 1337 1483; x_wconf 88' lang='lat' dir='ltr'>inimicum</span> <span class='ocrx_word' id='word_1_92' title='bbox 1372 1446 1418 1482; x_wconf 89' lang='lat' dir='ltr'>et</span> <span class='ocrx_word' id='word_1_93' title='bbox 1450 1439 1617 1483; x_wconf 87' lang='lat' dir='ltr'>idcirco</span> <span class='ocrx_word' id='word_1_94' title='bbox 1651 1444 1781 1483; x_wconf 87' lang='lat' dir='ltr'>actus</span> <span class='ocrx_word' id='word_1_95' title='bbox 1805 1439 2039 1484; x_wconf 79' lang='lat' dir='ltr'>vindictae</span> <span class='ocrx_word' id='word_1_96' title='bbox 2062 1454 2158 1484; x_wconf 91' lang='lat' dir='ltr'>con-</span> 
     </span>
     <span class='ocr_line' id='line_1_15' title="bbox 272 1514 2159 1571; baseline 0.001 -13"><span class='ocrx_word' id='word_1_97' title='bbox 272 1515 401 1571; x_wconf 81' lang='lat' dir='ltr'>cipit,</span> <span class='ocrx_word' id='word_1_98' title='bbox 437 1529 565 1559; x_wconf 85' lang='lat' dir='ltr'>arma</span> <span class='ocrx_word' id='word_1_99' title='bbox 597 1522 746 1570; x_wconf 84' lang='lat' dir='ltr'>parat,</span> <span class='ocrx_word' id='word_1_100' title='bbox 779 1515 902 1558; x_wconf 71' lang='lat' dir='ltr'>viam</span> <span class='ocrx_word' id='word_1_101' title='bbox 937 1514 1102 1570; x_wconf 80' lang='lat' dir='ltr'>arripit</span> <span class='ocrx_word' id='word_1_102' title='bbox 1137 1519 1183 1558; x_wconf 87' lang='lat' dir='ltr'>et</span> <span class='ocrx_word' id='word_1_103' title='bbox 1214 1514 1365 1569; x_wconf 90' lang='lat' dir='ltr'>ipsum</span> <span class='ocrx_word' id='word_1_104' title='bbox 1400 1515 1586 1557; x_wconf 87' lang='lat' dir='ltr'>tandem</span> <span class='ocrx_word' id='word_1_105' title='bbox 1621 1514 1803 1568; x_wconf 88' lang='lat' dir='ltr'>occidit,</span> <span class='ocrx_word' id='word_1_106' title='bbox 1836 1529 1978 1558; x_wconf 90' lang='lat' dir='ltr'>unum</span> <span class='ocrx_word' id='word_1_107' title='bbox 2010 1529 2159 1570; x_wconf 88' lang='lat' dir='ltr'>pecca-</span> 
     </span>
     <span class='ocr_line' id='line_1_16' title="bbox 267 1588 2160 1645; baseline 0 -12"><span class='ocrx_word' id='word_1_108' title='bbox 267 1594 367 1633; x_wconf 89' lang='lat' dir='ltr'>tum</span> <span class='ocrx_word' id='word_1_109' title='bbox 402 1589 671 1644; x_wconf 85' lang='lat' dir='ltr'>committit,</span> <span class='ocrx_word' id='word_1_110' title='bbox 703 1589 812 1632; x_wconf 89' lang='lat' dir='ltr'>licet</span> <span class='ocrx_word' id='word_1_111' title='bbox 845 1602 924 1644; x_wconf 88' lang='lat' dir='ltr'>per</span> <span class='ocrx_word' id='word_1_112' title='bbox 968 1589 1138 1632; x_wconf 87' lang='lat' dir='ltr'>multos</span> <span class='ocrx_word' id='word_1_113' title='bbox 1185 1589 1279 1632; x_wconf 88' lang='lat' dir='ltr'>dies</span> <span class='ocrx_word' id='word_1_114' title='bbox 1322 1588 1560 1632; x_wconf 89' lang='lat' dir='ltr'>inimicum</span> <span class='ocrx_word' id='word_1_115' title='bbox 1607 1589 1854 1643; x_wconf 81' lang='lat' dir='ltr'>quaesierit</span> <span class='ocrx_word' id='word_1_116' title='bbox 1903 1593 1949 1633; x_wconf 88' lang='lat' dir='ltr'>et</span> <span class='ocrx_word' id='word_1_117' title='bbox 1988 1589 2160 1645; x_wconf 88' lang='lat' dir='ltr'>pluries</span> 
     </span>
     <span class='ocr_line' id='line_1_17' title="bbox 266 1664 2160 1720; baseline -0.001 -12"><span class='ocrx_word' id='word_1_118' title='bbox 266 1664 551 1720; x_wconf 89' lang='lat' dir='ltr'>propositum</span> <span class='ocrx_word' id='word_1_119' title='bbox 587 1664 818 1708; x_wconf 88' lang='lat' dir='ltr'>occidendi</span> <span class='ocrx_word' id='word_1_120' title='bbox 851 1664 1107 1719; x_wconf 77' lang='lat' dir='ltr'>iteraverit,</span> <span class='ocrx_word' id='word_1_121' title='bbox 1142 1664 1248 1719; x_wconf 86' lang='lat' dir='ltr'>quia</span> <span class='ocrx_word' id='word_1_122' title='bbox 1279 1664 1328 1707; x_wconf 92' lang='lat' dir='ltr'>in</span> <span class='ocrx_word' id='word_1_123' title='bbox 1361 1664 1516 1707; x_wconf 89' lang='lat' dir='ltr'>eodem</span> <span class='ocrx_word' id='word_1_124' title='bbox 1550 1665 1655 1718; x_wconf 89' lang='lat' dir='ltr'>fine,</span> <span class='ocrx_word' id='word_1_125' title='bbox 1688 1664 1737 1707; x_wconf 91' lang='lat' dir='ltr'>in</span> <span class='ocrx_word' id='word_1_126' title='bbox 1770 1677 1902 1719; x_wconf 88' lang='lat' dir='ltr'>quem</span> <span class='ocrx_word' id='word_1_127' title='bbox 1943 1665 2160 1717; x_wconf 75' lang='lat' dir='ltr'>tendunt,</span> 
     </span>
     <span class='ocr_line' id='line_1_18' title="bbox 244 1738 2155 1790; baseline -0.002 -7"><span class='ocrx_word' id='word_1_128' title='bbox 244 1752 419 1783; x_wconf 68' lang='lat' dir='ltr'>omnes</span> <span class='ocrx_word' id='word_1_129' title='bbox 452 1739 499 1782; x_wconf 88' lang='lat' dir='ltr'>hi</span> <span class='ocrx_word' id='word_1_130' title='bbox 534 1744 663 1782; x_wconf 85' lang='lat' dir='ltr'>actus</span> <span class='ocrx_word' id='word_1_131' title='bbox 698 1739 934 1782; x_wconf 85' lang='lat' dir='ltr'>moraliter</span> <span class='ocrx_word' id='word_1_132' title='bbox 965 1739 1210 1790; x_wconf 89' lang='lat' dir='ltr'>uniuntur‚·</span> <span class='ocrx_word' id='word_1_133' title='bbox 1246 1738 1347 1782; x_wconf 90' lang='lat' dir='ltr'>ideo</span> <span class='ocrx_word' id='word_1_134' title='bbox 1380 1738 1428 1781; x_wconf 89' lang='lat' dir='ltr'>in</span> <span class='ocrx_word' id='word_1_135' title='bbox 1461 1738 1742 1782; x_wconf 87' lang='lat' dir='ltr'>confessione</span> <span class='ocrx_word' id='word_1_136' title='bbox 1776 1738 1953 1782; x_wconf 88' lang='lat' dir='ltr'>sufficit-</span> <span class='ocrx_word' id='word_1_137' title='bbox 1990 1738 2155 1782; x_wconf 86' lang='lat' dir='ltr'>dicere:</span> 
     </span>
     <span class='ocr_line' id='line_1_19' title="bbox 265 1813 677 1856; baseline -0.002 0"><span class='ocrx_word' id='word_1_138' title='bbox 265 1814 490 1856; x_wconf 76' lang='lat' dir='ltr'>hominem</span> <span class='ocrx_word' id='word_1_139' title='bbox 525 1813 677 1856; x_wconf 79' lang='lat' dir='ltr'>occidi.</span> 
     </span>
    </p>
   </div>
   <div class='ocr_carea' id='block_1_5' title="bbox 264 1916 2159 2486">
    <p class='ocr_par' dir='ltr' id='par_1_5' title="bbox 264 1916 2159 2486">
     <span class='ocr_line' id='line_1_20' title="bbox 417 1916 2159 1973; baseline -0.002 -11"><span class='ocrx_word' id='word_1_140' title='bbox 417 1919 454 1962; x_wconf 82' lang='lat' dir='ltr'>b.</span> <span class='ocrx_word' id='word_1_141' title='bbox 491 1918 576 1972; x_wconf 76' lang='lat' dir='ltr'>Qui</span> <span class='ocrx_word' id='word_1_142' title='bbox 626 1917 800 1962; x_wconf 84' lang='lat' dir='ltr'>accedit</span> <span class='ocrx_word' id='word_1_143' title='bbox 849 1918 906 1960; x_wconf 90' lang='lat' dir='ltr'>ad</span> <span class='ocrx_word' id='word_1_144' title='bbox 953 1917 1173 1961; x_wconf 89' lang='lat' dir='ltr'>feminam</span> <span class='ocrx_word' id='word_1_145' title='bbox 1224 1930 1324 1960; x_wconf 92' lang='lat' dir='ltr'>cum</span> <span class='ocrx_word' id='word_1_146' title='bbox 1370 1917 1523 1961; x_wconf 89' lang='lat' dir='ltr'>animo</span> <span class='ocrx_word' id='word_1_147' title='bbox 1571 1916 1844 1973; x_wconf 86' lang='lat' dir='ltr'>fornicandi,</span> <span class='ocrx_word' id='word_1_148' title='bbox 1893 1916 2159 1972; x_wconf 85' lang='lat' dir='ltr'>praemittit</span> 
     </span>
     <span class='ocr_line' id='line_1_21' title="bbox 266 1991 2156 2049; baseline -0.002 -11"><span class='ocrx_word' id='word_1_149' title='bbox 266 1997 434 2049; x_wconf 86' lang='lat' dir='ltr'>tactus,</span> <span class='ocrx_word' id='word_1_150' title='bbox 468 1994 621 2037; x_wconf 86' lang='lat' dir='ltr'>oscula</span> <span class='ocrx_word' id='word_1_151' title='bbox 654 1998 699 2036; x_wconf 88' lang='lat' dir='ltr'>et</span> <span class='ocrx_word' id='word_1_152' title='bbox 733 2005 959 2036; x_wconf 74' lang='lat' dir='ltr'>sermones</span> <span class='ocrx_word' id='word_1_153' title='bbox 992 1991 1248 2047; x_wconf 85' lang='lat' dir='ltr'>impudicos</span> <span class='ocrx_word' id='word_1_154' title='bbox 1285 2005 1335 2035; x_wconf 86' lang='lat' dir='ltr'>ac</span> <span class='ocrx_word' id='word_1_155' title='bbox 1370 1992 1551 2035; x_wconf 89' lang='lat' dir='ltr'>demum</span> <span class='ocrx_word' id='word_1_156' title='bbox 1583 1991 1854 2047; x_wconf 77' lang='lat' dir='ltr'>fornicatur,</span> <span class='ocrx_word' id='word_1_157' title='bbox 1887 2005 2029 2035; x_wconf 89' lang='lat' dir='ltr'>unum</span> <span class='ocrx_word' id='word_1_158' title='bbox 2061 2005 2156 2046; x_wconf 88' lang='lat' dir='ltr'>pec-</span> 
     </span>
     <span class='ocr_line' id='line_1_22' title="bbox 265 2065 2152 2121; baseline -0.003 -8"><span class='ocrx_word' id='word_1_159' title='bbox 265 2076 419 2113; x_wconf 86' lang='lat' dir='ltr'>catum</span> <span class='ocrx_word' id='word_1_160' title='bbox 455 2068 727 2112; x_wconf 88' lang='lat' dir='ltr'>committit:</span> <span class='ocrx_word' id='word_1_161' title='bbox 765 2081 816 2111; x_wconf 89' lang='lat' dir='ltr'>ea</span> <span class='ocrx_word' id='word_1_162' title='bbox 849 2068 967 2111; x_wconf 87' lang='lat' dir='ltr'>enim</span> <span class='ocrx_word' id='word_1_163' title='bbox 1004 2067 1157 2110; x_wconf 89' lang='lat' dir='ltr'>omnia</span> <span class='ocrx_word' id='word_1_164' title='bbox 1197 2072 1306 2110; x_wconf 90' lang='lat' dir='ltr'>sunt</span> <span class='ocrx_word' id='word_1_165' title='bbox 1347 2066 1499 2110; x_wconf 88' lang='lat' dir='ltr'>media</span> <span class='ocrx_word' id='word_1_166' title='bbox 1541 2066 1599 2109; x_wconf 89' lang='lat' dir='ltr'>ad</span> <span class='ocrx_word' id='word_1_167' title='bbox 1642 2067 1781 2109; x_wconf 88' lang='lat' dir='ltr'>finem</span> <span class='ocrx_word' id='word_1_168' title='bbox 1825 2065 2152 2121; x_wconf 87' lang='lat' dir='ltr'>attingendum</span> 
     </span>
     <span class='ocr_line' id='line_1_23' title="bbox 266 2140 2158 2198; baseline -0.001 -12"><span class='ocrx_word' id='word_1_169' title='bbox 266 2154 313 2187; x_wconf 90' lang='lat' dir='ltr'>et</span> <span class='ocrx_word' id='word_1_170' title='bbox 344 2144 393 2186; x_wconf 90' lang='lat' dir='ltr'>in</span> <span class='ocrx_word' id='word_1_171' title='bbox 426 2144 517 2186; x_wconf 88' lang='lat' dir='ltr'>fine</span> <span class='ocrx_word' id='word_1_172' title='bbox 549 2143 729 2186; x_wconf 88' lang='lat' dir='ltr'>intento</span> <span class='ocrx_word' id='word_1_173' title='bbox 771 2142 1006 2185; x_wconf 83' lang='lat' dir='ltr'>moraliter</span> <span class='ocrx_word' id='word_1_174' title='bbox 1042 2141 1280 2185; x_wconf 89' lang='lat' dir='ltr'>uniuntur.</span> <span class='ocrx_word' id='word_1_175' title='bbox 1344 2141 1489 2184; x_wconf 90' lang='lat' dir='ltr'>Immo</span> <span class='ocrx_word' id='word_1_176' title='bbox 1540 2140 1680 2184; x_wconf 87' lang='lat' dir='ltr'>etiam</span> <span class='ocrx_word' id='word_1_177' title='bbox 1719 2144 1888 2198; x_wconf 87' lang='lat' dir='ltr'>tactus,</span> <span class='ocrx_word' id='word_1_178' title='bbox 1930 2153 2158 2184; x_wconf 86' lang='lat' dir='ltr'>sermones</span> 
     </span>
     <span class='ocr_line' id='line_1_24' title="bbox 266 2215 2156 2272; baseline -0.002 -10"><span class='ocrx_word' id='word_1_179' title='bbox 266 2222 310 2262; x_wconf 83' lang='lat' dir='ltr'>et</span> <span class='ocrx_word' id='word_1_180' title='bbox 346 2217 583 2272; x_wconf 89' lang='lat' dir='ltr'>eiusmodi,</span> <span class='ocrx_word' id='word_1_181' title='bbox 607 2217 683 2272; x_wconf 85' lang='lat' dir='ltr'>qui</span> <span class='ocrx_word' id='word_1_182' title='bbox 708 2217 868 2260; x_wconf 86' lang='lat' dir='ltr'>statim</span> <span class='ocrx_word' id='word_1_183' title='bbox 899 2220 1004 2272; x_wconf 87' lang='lat' dir='ltr'>post</span> <span class='ocrx_word' id='word_1_184' title='bbox 1026 2216 1376 2259; x_wconf 72' lang='lat' dir='ltr'>fornicationem</span> <span class='ocrx_word' id='word_1_185' title='bbox 1401 2215 1498 2259; x_wconf 89' lang='lat' dir='ltr'>sine</span> <span class='ocrx_word' id='word_1_186' title='bbox 1520 2215 1780 2259; x_wconf 88' lang='lat' dir='ltr'>intentione</span> <span class='ocrx_word' id='word_1_187' title='bbox 1802 2229 1947 2259; x_wconf 84' lang='lat' dir='ltr'>novae</span> <span class='ocrx_word' id='word_1_188' title='bbox 1969 2216 2156 2270; x_wconf 85' lang='lat' dir='ltr'>copulae</span> 
     </span>
     <span class='ocr_line' id='line_1_25' title="bbox 266 2290 2156 2347; baseline -0.002 -11"><span class='ocrx_word' id='word_1_189' title='bbox 266 2292 670 2347; x_wconf 87' lang='lat' dir='ltr'>committuntur,·</span> <span class='ocrx_word' id='word_1_190' title='bbox 699 2305 842 2335; x_wconf 88' lang='lat' dir='ltr'>unum</span> <span class='ocrx_word' id='word_1_191' title='bbox 887 2305 986 2335; x_wconf 90' lang='lat' dir='ltr'>cum</span> <span class='ocrx_word' id='word_1_192' title='bbox 1040 2291 1142 2346; x_wconf 88' lang='lat' dir='ltr'>ipsa</span> <span class='ocrx_word' id='word_1_193' title='bbox 1195 2291 1498 2334; x_wconf 78' lang='lat' dir='ltr'>fornicatione</span> <span class='ocrx_word' id='word_1_194' title='bbox 1561 2298 1798 2345; x_wconf 85' lang='lat' dir='ltr'>peccatum</span> <span class='ocrx_word' id='word_1_195' title='bbox 1865 2290 2156 2334; x_wconf 88' lang='lat' dir='ltr'>constituunt</span> 
     </span>
     <span class='ocr_line' id='line_1_26' title="bbox 264 2365 2157 2423; baseline -0.002 -13"><span class='ocrx_word' id='word_1_196' title='bbox 264 2371 317 2422; x_wconf 69' lang='lat' dir='ltr'>(s.</span> <span class='ocrx_word' id='word_1_197' title='bbox 344 2368 560 2423; x_wconf 73' lang='lat' dir='ltr'>Alphons.</span> <span class='ocrx_word' id='word_1_198' title='bbox 591 2381 634 2412; x_wconf 89' lang='grc'>11.</span> <span class='ocrx_word' id='word_1_199' title='bbox 658 2367 750 2421; x_wconf 74' lang='lat'>41).</span> <span class='ocrx_word' id='word_1_200' title='bbox 794 2366 901 2410; x_wconf 76' lang='lat' dir='ltr'>ideo</span> <span class='ocrx_word' id='word_1_201' title='bbox 933 2366 982 2409; x_wconf 91' lang='lat' dir='ltr'>in</span> <span class='ocrx_word' id='word_1_202' title='bbox 1017 2365 1296 2409; x_wconf 88' lang='lat' dir='ltr'>confessione</span> <span class='ocrx_word' id='word_1_203' title='bbox 1329 2365 1562 2409; x_wconf 88' lang='lat' dir='ltr'>satisfacit</span> <span class='ocrx_word' id='word_1_204' title='bbox 1596 2365 1771 2409; x_wconf 88' lang='lat' dir='ltr'>dicens:</span> <span class='ocrx_word' id='word_1_205' title='bbox 1797 2365 2157 2421; x_wconf 76' lang='lat' dir='ltr'>fornicationem</span> 
     </span>
     <span class='ocr_line' id='line_1_27' title="bbox 266 2456 480 2486; baseline -0.005 0"><span class='ocrx_word' id='word_1_206' title='bbox 266 2456 480 2486; x_wconf 68' lang='lat' dir='ltr'>commis-1.</span> 
     </span>
    </p>
   </div>
   <div class='ocr_carea' id='block_1_6' title="bbox 266 2543 2155 2828">
    <p class='ocr_par' dir='ltr' id='par_1_6' title="bbox 266 2543 2155 2828">
     <span class='ocr_line' id='line_1_28' title="bbox 418 2543 2154 2601; baseline -0.003 -10"><span class='ocrx_word' id='word_1_207' title='bbox 418 2562 450 2591; x_wconf 78' lang='lat' dir='ltr'>c.</span> <span class='ocrx_word' id='word_1_208' title='bbox 479 2546 566 2601; x_wconf 81' lang='lat' dir='ltr'>Qui</span> <span class='ocrx_word' id='word_1_209' title='bbox 600 2560 653 2591; x_wconf 76' lang='lat' dir='ltr'>ex</span> <span class='ocrx_word' id='word_1_210' title='bbox 686 2547 943 2590; x_wconf 88' lang='lat' dir='ltr'>intentione</span> <span class='ocrx_word' id='word_1_211' title='bbox 975 2545 1163 2590; x_wconf 79' lang='lat' dir='ltr'>furandi</span> <span class='ocrx_word' id='word_1_212' title='bbox 1197 2549 1378 2589; x_wconf 87' lang='lat' dir='ltr'>centum</span> <span class='ocrx_word' id='word_1_213' title='bbox 1413 2546 1607 2588; x_wconf 88' lang='lat' dir='ltr'>florenos</span> <span class='ocrx_word' id='word_1_214' title='bbox 1641 2543 1821 2599; x_wconf 85' lang='lat' dir='ltr'>saepius</span> <span class='ocrx_word' id='word_1_215' title='bbox 1844 2547 2036 2588; x_wconf 87' lang='lat' dir='ltr'>renovat</span> <span class='ocrx_word' id='word_1_216' title='bbox 2059 2557 2154 2598; x_wconf 89' lang='lat' dir='ltr'>pro-</span> 
     </span>
     <span class='ocr_line' id='line_1_29' title="bbox 266 2619 2154 2678; baseline -0.003 -12"><span class='ocrx_word' id='word_1_217' title='bbox 266 2623 463 2678; x_wconf 88' lang='lat' dir='ltr'>positum</span> <span class='ocrx_word' id='word_1_218' title='bbox 500 2623 733 2665; x_wconf 79' lang='lat' dir='ltr'>internum</span> <span class='ocrx_word' id='word_1_219' title='bbox 768 2629 814 2665; x_wconf 90' lang='lat' dir='ltr'>et</span> <span class='ocrx_word' id='word_1_220' title='bbox 849 2622 1000 2665; x_wconf 88' lang='lat' dir='ltr'>decem</span> <span class='ocrx_word' id='word_1_221' title='bbox 1033 2620 1209 2665; x_wconf 78' lang='lat' dir='ltr'>vicibus</span> <span class='ocrx_word' id='word_1_222' title='bbox 1243 2634 1315 2664; x_wconf 92' lang='lat' dir='ltr'>eos</span> <span class='ocrx_word' id='word_1_223' title='bbox 1349 2619 1555 2674; x_wconf 76' lang='lat' dir='ltr'>surripit,</span> <span class='ocrx_word' id='word_1_224' title='bbox 1588 2632 1730 2662; x_wconf 89' lang='lat' dir='ltr'>unum</span> <span class='ocrx_word' id='word_1_225' title='bbox 1772 2622 2009 2673; x_wconf 86' lang='lat' dir='ltr'>peccatum</span> <span class='ocrx_word' id='word_1_226' title='bbox 2042 2631 2154 2661; x_wconf 89' lang='lat' dir='ltr'>com-</span> 
     </span>
     <span class='ocr_line' id='line_1_30' title="bbox 266 2693 2155 2752; baseline -0.003 -12"><span class='ocrx_word' id='word_1_227' title='bbox 266 2698 433 2752; x_wconf 87' lang='lat' dir='ltr'>mittit,</span> <span class='ocrx_word' id='word_1_228' title='bbox 468 2697 574 2752; x_wconf 89' lang='lat' dir='ltr'>quia</span> <span class='ocrx_word' id='word_1_229' title='bbox 607 2697 780 2752; x_wconf 82' lang='lat' dir='ltr'>singuli</span> <span class='ocrx_word' id='word_1_230' title='bbox 809 2702 938 2740; x_wconf 86' lang='lat' dir='ltr'>actus</span> <span class='ocrx_word' id='word_1_231' title='bbox 961 2696 1010 2739; x_wconf 89' lang='lat' dir='ltr'>in</span> <span class='ocrx_word' id='word_1_232' title='bbox 1033 2696 1225 2739; x_wconf 89' lang='lat' dir='ltr'>eundem</span> <span class='ocrx_word' id='word_1_233' title='bbox 1248 2696 1387 2738; x_wconf 89' lang='lat' dir='ltr'>finem</span> <span class='ocrx_word' id='word_1_234' title='bbox 1413 2694 1700 2749; x_wconf 87' lang='lat' dir='ltr'>diriguntur;</span> <span class='ocrx_word' id='word_1_235' title='bbox 1737 2693 1839 2736; x_wconf 90' lang='lat' dir='ltr'>ideo</span> <span class='ocrx_word' id='word_1_236' title='bbox 1870 2693 2155 2736; x_wconf 86' lang='lat' dir='ltr'>sufficienter</span> 
     </span>
     <span class='ocr_line' id='line_1_31' title="bbox 267 2771 1544 2828; baseline -0.003 -13"><span class='ocrx_word' id='word_1_237' title='bbox 267 2785 312 2815; x_wconf 89' lang='lat' dir='ltr'>se</span> <span class='ocrx_word' id='word_1_238' title='bbox 346 2778 528 2815; x_wconf 76' lang='lat' dir='ltr'>accusat</span> <span class='ocrx_word' id='word_1_239' title='bbox 562 2772 734 2816; x_wconf 84' lang='lat' dir='ltr'>dicens:</span> <span class='ocrx_word' id='word_1_240' title='bbox 769 2774 943 2815; x_wconf 79' lang='lat' dir='ltr'>centnm</span> <span class='ocrx_word' id='word_1_241' title='bbox 968 2772 1177 2828; x_wconf 74' lang='lat' dir='ltr'>florenos</span> <span class='ocrx_word' id='word_1_242' title='bbox 1199 2771 1398 2826; x_wconf 78' lang='lat' dir='ltr'>furatus</span> <span class='ocrx_word' id='word_1_243' title='bbox 1430 2783 1544 2813; x_wconf 77' lang='lat' dir='ltr'>snm.</span> 
     </span>
    </p>
   </div>
   <div class='ocr_carea' id='block_1_7' title="bbox 265 2875 2154 3529">
    <p class='ocr_par' dir='ltr' id='par_1_7' title="bbox 265 2875 2154 3529">
     <span class='ocr_line' id='line_1_32' title="bbox 418 2875 2154 2932; baseline -0.003 -13"><span class='ocrx_word' id='word_1_244' title='bbox 418 2877 459 2919; x_wconf 76' lang='lat' dir='ltr'>d.</span> <span class='ocrx_word' id='word_1_245' title='bbox 493 2877 538 2919; x_wconf 83' lang='lat' dir='ltr'>Si</span> <span class='ocrx_word' id='word_1_246' title='bbox 572 2882 808 2932; x_wconf 89' lang='lat' dir='ltr'>peccatum</span> <span class='ocrx_word' id='word_1_247' title='bbox 843 2883 1081 2920; x_wconf 76' lang='lat' dir='ltr'>externum</span> <span class='ocrx_word' id='word_1_248' title='bbox 1133 2876 1369 2931; x_wconf 66' lang='lat' dir='ltr'>inceptum,</span> <span class='ocrx_word' id='word_1_249' title='bbox 1419 2875 1502 2918; x_wconf 79' lang='lat' dir='ltr'>sed</span> <span class='ocrx_word' id='word_1_250' title='bbox 1542 2888 1629 2918; x_wconf 88' lang='lat' dir='ltr'>non</span> <span class='ocrx_word' id='word_1_251' title='bbox 1681 2876 2035 2918; x_wconf 73' lang='lat' dir='ltr'>consummatum</span> <span class='ocrx_word' id='word_1_252' title='bbox 2083 2876 2154 2915; x_wconf 88' lang='lat' dir='ltr'>est</span> 
     </span>
     <span class='ocr_line' id='line_1_33' title="bbox 267 2946 2149 3005; baseline -0.002 -11"><span class='ocrx_word' id='word_1_253' title='bbox 267 2952 363 2995; x_wconf 84' lang='lat' dir='ltr'>sive</span> <span class='ocrx_word' id='word_1_254' title='bbox 396 2951 450 2994; x_wconf 86' lang='lat' dir='ltr'>ob</span> <span class='ocrx_word' id='word_1_255' title='bbox 482 2955 781 2995; x_wconf 85' lang='lat' dir='ltr'>retractatam</span> <span class='ocrx_word' id='word_1_256' title='bbox 825 2951 1113 2994; x_wconf 74' lang='lat' dir='ltr'>voluntatem</span> <span class='ocrx_word' id='word_1_257' title='bbox 1156 2950 1251 2993; x_wconf 81' lang='lat' dir='ltr'>sive</span> <span class='ocrx_word' id='word_1_258' title='bbox 1292 2950 1345 2993; x_wconf 88' lang='lat' dir='ltr'>ob</span> <span class='ocrx_word' id='word_1_259' title='bbox 1388 2949 1769 3005; x_wconf 84' lang='lat' dir='ltr'>impedimentum</span> <span class='ocrx_word' id='word_1_260' title='bbox 1815 2946 2149 3002; x_wconf 86' lang='lat' dir='ltr'>superveniens,</span> 
     </span>
     <span class='ocr_line' id='line_1_34' title="bbox 265 3021 2152 3080; baseline -0.003 -11"><span class='ocrx_word' id='word_1_261' title='bbox 265 3027 334 3069; x_wconf 82' lang='lat' dir='ltr'>ita</span> <span class='ocrx_word' id='word_1_262' title='bbox 368 3025 747 3080; x_wconf 84' lang='lat' dir='ltr'>distinguendum</span> <span class='ocrx_word' id='word_1_263' title='bbox 782 3030 873 3069; x_wconf 86' lang='lat' dir='ltr'>est:</span> <span class='ocrx_word' id='word_1_264' title='bbox 921 3040 961 3067; x_wconf 88' lang='grc' dir='ltr'>α.</span> <span class='ocrx_word' id='word_1_265' title='bbox 997 3024 1042 3068; x_wconf 82' lang='lat' dir='ltr'>Si</span> <span class='ocrx_word' id='word_1_266' title='bbox 1076 3025 1227 3068; x_wconf 84' lang='lat' dir='ltr'>media</span> <span class='ocrx_word' id='word_1_267' title='bbox 1258 3025 1315 3067; x_wconf 87' lang='lat' dir='ltr'>ad</span> <span class='ocrx_word' id='word_1_268' title='bbox 1349 3024 1659 3067; x_wconf 80' lang='lat' dir='ltr'>executionem</span> <span class='ocrx_word' id='word_1_269' title='bbox 1693 3022 1917 3079; x_wconf 88' lang='lat' dir='ltr'>propositi</span> <span class='ocrx_word' id='word_1_270' title='bbox 1940 3021 2152 3065; x_wconf 84' lang='lat' dir='ltr'>adhibita</span> 
     </span>
     <span class='ocr_line' id='line_1_35' title="bbox 265 3098 2151 3155; baseline -0.004 -11"><span class='ocrx_word' id='word_1_271' title='bbox 265 3100 582 3144; x_wconf 83' lang='lat' dir='ltr'>indifferentia</span> <span class='ocrx_word' id='word_1_272' title='bbox 615 3107 723 3144; x_wconf 89' lang='lat' dir='ltr'>sunt</span> <span class='ocrx_word' id='word_1_273' title='bbox 754 3101 954 3154; x_wconf 73' lang='lat' dir='ltr'>&lt;domum</span> <span class='ocrx_word' id='word_1_274' title='bbox 987 3099 1169 3155; x_wconf 86' lang='lat' dir='ltr'>ingredi</span> <span class='ocrx_word' id='word_1_275' title='bbox 1194 3099 1251 3142; x_wconf 83' lang='lat' dir='ltr'>ad</span> <span class='ocrx_word' id='word_1_276' title='bbox 1283 3098 1624 3151; x_wconf 77' lang='lat' dir='ltr'>fornicandum)</span> <span class='ocrx_word' id='word_1_277' title='bbox 1654 3111 1834 3142; x_wconf 89' lang='lat' dir='ltr'>necesse</span> <span class='ocrx_word' id='word_1_278' title='bbox 1865 3111 1957 3140; x_wconf 90' lang='lat' dir='ltr'>non</span> <span class='ocrx_word' id='word_1_279' title='bbox 1991 3099 2074 3151; x_wconf 86' lang='lat' dir='ltr'>est,</span> <span class='ocrx_word' id='word_1_280' title='bbox 2097 3099 2151 3138; x_wconf 91' lang='lat' dir='ltr'>ut</span> 
     </span>
     <span class='ocr_line' id='line_1_36' title="bbox 267 3170 2151 3231; baseline -0.003 -12"><span class='ocrx_word' id='word_1_281' title='bbox 267 3175 570 3231; x_wconf 79' lang='lat' dir='ltr'>explicentur:</span> <span class='ocrx_word' id='word_1_282' title='bbox 605 3189 709 3217; x_wconf 89' lang='lat' dir='ltr'>nam</span> <span class='ocrx_word' id='word_1_283' title='bbox 746 3174 966 3229; x_wconf 84' lang='lat' dir='ltr'>quidquid</span> <span class='ocrx_word' id='word_1_284' title='bbox 1001 3174 1110 3217; x_wconf 89' lang='lat' dir='ltr'>mali</span> <span class='ocrx_word' id='word_1_285' title='bbox 1144 3173 1192 3216; x_wconf 91' lang='lat' dir='ltr'>in</span> <span class='ocrx_word' id='word_1_286' title='bbox 1223 3173 1318 3216; x_wconf 89' lang='lat' dir='ltr'>illis</span> <span class='ocrx_word' id='word_1_287' title='bbox 1352 3178 1435 3228; x_wconf 88' lang='lat' dir='ltr'>est,</span> <span class='ocrx_word' id='word_1_288' title='bbox 1468 3173 1638 3228; x_wconf 89' lang='lat' dir='ltr'>inipso</span> <span class='ocrx_word' id='word_1_289' title='bbox 1661 3172 1895 3228; x_wconf 87' lang='lat' dir='ltr'>proposito</span> <span class='ocrx_word' id='word_1_290' title='bbox 1919 3171 2012 3215; x_wconf 88' lang='lat' dir='ltr'>iam</span> <span class='ocrx_word' id='word_1_291' title='bbox 2036 3170 2151 3213; x_wconf 77' lang='lat' dir='ltr'>satis</span> 
     </span>
     <span class='ocr_line' id='line_1_37' title="bbox 268 3246 2150 3303; baseline -0.004 -9"><span class='ocrx_word' id='word_1_292' title='bbox 268 3252 538 3295; x_wconf 85' lang='lat' dir='ltr'>declaratur.</span> <span class='ocrx_word' id='word_1_293' title='bbox 595 3249 713 3300; x_wconf 46' lang='lat' dir='ltr'>&amp;Si</span> <span class='ocrx_word' id='word_1_294' title='bbox 748 3250 898 3293; x_wconf 89' lang='lat' dir='ltr'>media</span> <span class='ocrx_word' id='word_1_295' title='bbox 929 3250 987 3292; x_wconf 88' lang='lat' dir='ltr'>ad</span> <span class='ocrx_word' id='word_1_296' title='bbox 1021 3248 1332 3292; x_wconf 74' lang='lat' dir='ltr'>executionem</span> <span class='ocrx_word' id='word_1_297' title='bbox 1367 3247 1589 3303; x_wconf 89' lang='lat' dir='ltr'>propositi</span> <span class='ocrx_word' id='word_1_298' title='bbox 1623 3247 1833 3291; x_wconf 81' lang='lat' dir='ltr'>adhibita</span> <span class='ocrx_word' id='word_1_299' title='bbox 1876 3246 1999 3289; x_wconf 86' lang='lat' dir='ltr'>mala</span> <span class='ocrx_word' id='word_1_300' title='bbox 2041 3246 2150 3287; x_wconf 83' lang='lat' dir='ltr'>sunt</span> 
     </span>
     <span class='ocr_line' id='line_1_38' title="bbox 271 3319 2150 3380; baseline -0.003 -13"><span class='ocrx_word' id='word_1_301' title='bbox 271 3328 441 3377; x_wconf 68' lang='lat' dir='ltr'>(stactus</span> <span class='ocrx_word' id='word_1_302' title='bbox 481 3324 655 3380; x_wconf 77' lang='lat' dir='ltr'>praevii</span> <span class='ocrx_word' id='word_1_303' title='bbox 688 3325 746 3367; x_wconf 87' lang='lat' dir='ltr'>ad</span> <span class='ocrx_word' id='word_1_304' title='bbox 781 3325 1017 3379; x_wconf 71' lang='lat' dir='ltr'>copulam),</span> <span class='ocrx_word' id='word_1_305' title='bbox 1067 3328 1186 3366; x_wconf 88' lang='lat' dir='ltr'>certe</span> <span class='ocrx_word' id='word_1_306' title='bbox 1217 3323 1452 3366; x_wconf 86' lang='lat' dir='ltr'>indicandi</span> <span class='ocrx_word' id='word_1_307' title='bbox 1486 3326 1609 3378; x_wconf 88' lang='lat' dir='ltr'>sunt,</span> <span class='ocrx_word' id='word_1_308' title='bbox 1644 3322 1721 3365; x_wconf 89' lang='lat' dir='ltr'>sed</span> <span class='ocrx_word' id='word_1_309' title='bbox 1755 3321 1946 3375; x_wconf 88' lang='lat' dir='ltr'>sufficit,</span> <span class='ocrx_word' id='word_1_310' title='bbox 1981 3319 2019 3363; x_wconf 91' lang='lat' dir='ltr'>si</span> <span class='ocrx_word' id='word_1_311' title='bbox 2052 3332 2150 3362; x_wconf 85' lang='lat' dir='ltr'>con-</span> 
     </span>
     <span class='ocr_line' id='line_1_39' title="bbox 266 3393 2148 3452; baseline -0.003 -10"><span class='ocrx_word' id='word_1_312' title='bbox 266 3401 367 3443; x_wconf 83' lang='lat' dir='ltr'>fuse</span> <span class='ocrx_word' id='word_1_313' title='bbox 401 3404 445 3442; x_wconf 91' lang='lat' dir='ltr'>et</span> <span class='ocrx_word' id='word_1_314' title='bbox 478 3399 747 3442; x_wconf 87' lang='lat' dir='ltr'>indistincte</span> <span class='ocrx_word' id='word_1_315' title='bbox 782 3399 1069 3442; x_wconf 84' lang='lat' dir='ltr'>declarentur</span> <span class='ocrx_word' id='word_1_316' title='bbox 1103 3397 1246 3450; x_wconf 70' lang='lat' dir='ltr'>(volui</span> <span class='ocrx_word' id='word_1_317' title='bbox 1278 3397 1493 3440; x_wconf 86' lang='lat' dir='ltr'>fornicari</span> <span class='ocrx_word' id='word_1_318' title='bbox 1527 3401 1574 3440; x_wconf 88' lang='lat' dir='ltr'>et-</span> <span class='ocrx_word' id='word_1_319' title='bbox 1608 3397 1829 3452; x_wconf 87' lang='lat' dir='ltr'>quaedam</span> <span class='ocrx_word' id='word_1_320' title='bbox 1864 3395 2015 3439; x_wconf 89' lang='lat' dir='ltr'>media</span> <span class='ocrx_word' id='word_1_321' title='bbox 2056 3393 2148 3436; x_wconf 93' lang='lat' dir='ltr'>iam</span> 
     </span>
     <span class='ocr_line' id='line_1_40' title="bbox 267 3468 2148 3529; baseline -0.004 -12"><span class='ocrx_word' id='word_1_322' title='bbox 267 3474 470 3529; x_wconf 81' lang='lat' dir='ltr'>adhibui,</span> <span class='ocrx_word' id='word_1_323' title='bbox 515 3478 666 3518; x_wconf 89' lang='lat' dir='ltr'>actum</span> <span class='ocrx_word' id='word_1_324' title='bbox 717 3478 870 3517; x_wconf 87' lang='lat' dir='ltr'>autem</span> <span class='ocrx_word' id='word_1_325' title='bbox 920 3486 1008 3516; x_wconf 88' lang='lat' dir='ltr'>non</span> <span class='ocrx_word' id='word_1_326' title='bbox 1058 3472 1260 3527; x_wconf 65' lang='lat' dir='ltr'>perfeci&#39;J:</span> <span class='ocrx_word' id='word_1_327' title='bbox 1320 3472 1492 3527; x_wconf 84' lang='lat' dir='ltr'>singuli</span> <span class='ocrx_word' id='word_1_328' title='bbox 1553 3472 1672 3516; x_wconf 89' lang='lat' dir='ltr'>enim</span> <span class='ocrx_word' id='word_1_329' title='bbox 1730 3474 1860 3515; x_wconf 89' lang='lat' dir='ltr'>actus</span> <span class='ocrx_word' id='word_1_330' title='bbox 1918 3468 2148 3512; x_wconf 86' lang='lat' dir='ltr'>unitatem</span> 
     </span>
    </p>
   </div>
  </div>
 </body>
</html>
