2269 3898
295 167 380 208 114
1029 160 1095 201 De
1129 157 1434 201 matrimonio.

296 297 618 343 universaliter
662 296 886 338 declarat:
938 292 1268 347 „affinitatenn
1318 303 1432 345 quae
1479 291 1528 333 in
1577 290 1860 334 infidelitate
1902 291 2182 335 naturaliter

296 371 583 417 contrahitur
615 385 641 413 a
674 369 834 424 copula
865 373 965 410 tum
998 367 1130 410 licita
1162 370 1261 408 tum
1295 365 1478 420 illicita,
1521 379 1612 408 non
1655 378 1751 408 esse
1795 365 2179 421 impedimentum

297 461 376 503 pro
424 443 744 498 matrimoniis,
793 455 906 497 quae
952 441 1000 484 in
1048 440 1331 484 infidelitate
1379 439 1682 494 ineuntur“1).
1747 440 1818 482 Ex
1857 439 1956 484 iure
1986 445 2181 484 naturae

295 521 475 576 quidem
509 524 592 573 est,
626 518 743 572 quod
778 516 953 560 oriatur
985 515 1217 562 affinitas:
1262 514 1340 557 sed
1375 527 1430 557 ex
1462 515 1561 558 iure
1593 519 1787 558 naturae
1818 528 1909 558 non
1942 520 2027 570 est,
2060 516 2180 570 quod

292 596 506 640 affinitas
540 592 885 637 matrimonium
920 591 1129 634 dirimat:
1166 596 1211 633 et
1245 603 1352 633 sane
1386 589 1509 633 inter
1533 602 1751 645 personas
1773 590 1939 632 affines
1961 588 2010 632 in
2033 589 2180 645 primo

294 671 441 726 gradu
473 682 563 712 non
596 668 756 711 existit
789 666 952 710 relatio
986 665 1199 721 principii
1234 671 1280 707 et
1314 678 1368 708 ex
1402 664 1628 720 principio
1662 665 1767 719 orti,
1801 670 1848 708 et
1880 663 2072 719 proinde
2099 677 2180 708 nec

294 744 498 788 debitum
532 742 740 798 specialis
772 740 1054 785 reverentiae
1086 745 1140 783 ut
1181 739 1303 782 inter
1351 743 1531 795 pat-rem
1581 747 1627 783 et
1676 739 1847 791 filiam;
1897 752 2005 794 ergo
2054 739 2181 783 deest

293 819 665 871 fundamentum,
698 830 752 859 ex
785 830 871 871 quo
904 815 1285 871 impedimentum
1319 814 1434 857 iuris
1467 819 1661 858 naturae
1695 814 1885 860 oriatur.

442 909 479 951 b.
514 907 633 951 Olim
668 907 910 950 vehemens
943 905 1168 961 agebatur
1201 904 1513 948 controversia
1550 905 1605 948 de
1638 905 1919 960 quaestione,
1963 918 2074 948 num
2115 919 2180 949 ec-

295 984 432 1027 clesia
463 984 512 1026 in
543 982 871 1037 impedimento
905 980 1157 1024 affinitatis
1191 979 1329 1035 primi
1364 980 1536 1034 gradus
1564 979 1713 1023 lineae
1735 985 1886 1024 rectae
1909 980 2182 1036 dispensare
2232 1037 2239 1045 Ὦ

285 1059 469 1117 pos-sifi:
510 1071 666 1101 verum
710 1057 844 1100 hodie
887 1055 1138 1099 communis
1179 1054 1329 1098 evasit
1362 1055 1484 1098 inter
1521 1056 1761 1110 theologos
1795 1056 2027 1099 sententia
2059 1058 2179 1100 affir-

294 1147 436 1188 mans,
485 1146 565 1176 nec
606 1137 813 1187 superest
855 1131 974 1174 rat-io
1008 1129 1265 1177 dubitandi,
1310 1143 1410 1173 611111
1457 1130 1841 1185 impedimentum
1877 1130 1939 1174 sit
1972 1131 2086 1175 iuris
2120 1145 2181 1175 ec-

295 1208 538 1252 clesiastici
573 1211 617 1250 et
651 1206 837 1250 ecclesia
869 1206 969 1260 ipsa
1004 1205 1327 1249 declaraverit:
1369 1218 1460 1248 non
1503 1219 1599 1249 esse
1633 1205 1939 1250 dubitandum
1975 1207 2029 1250 de
2061 1210 2182 1262 pote-

293 1287 414 1326 state
462 1282 695 1337 pontificis
745 1281 1016 1324 concedendi
1067 1280 1455 1335 dispensationem
1504 1280 1553 1324 in
1601 1281 1685 1324 hoc
1733 1279 1890 1336 casu2).
1959 1283 2182 1326 Attamen

293 1357 480 1401 ecclesia
525 1357 704 1411 saepius
745 1361 909 1412 rogata
950 1363 997 1400 et·
1038 1355 1344 1399 existentibus
1377 1356 1670 1411 gravissimis
1705 1356 2002 1411 dispensandi
2035 1357 2182 1401 causis

295 1432 681 1488 dispensationem
726 1432 774 1474 in
815 1431 1051 1474 affinitate
1095 1431 1243 1475 lineae
1287 1436 1438 1475 rectae
1482 1445 1537 1475 ex
1582 1431 1745 1487 copula
1785 1431 1917 1475 licita
1947 1446 2179 1487 nunquam

295 1508 516 1551 concessit
550 1506 604 1550 ob
637 1519 852 1561 magnam
887 1506 1211 1561 indecentiam,
1252 1520 1387 1561 quam
1434 1507 1737 1550 matrimonia
1780 1507 1903 1551 inter
1935 1508 2101 1551 affines
2134 1507 2182 1550 in

292 1583 413 1626 linea
454 1586 578 1625 recta
626 1595 733 1637 prae
776 1595 821 1625 se
865 1584 1042 1625 ferunt:
1093 1581 1263 1625 etenim
1307 1582 1431 1637 apud
1477 1595 1633 1626 omnes
1679 1586 1842 1638 gentes
1885 1582 2000 1626 satis
2034 1582 2182 1626 cultas

293 1660 458 1701 affines
490 1657 538 1700 in
571 1656 692 1700 linea
724 1664 847 1700 recta
882 1657 1182 1700 descendente
1215 1657 1365 1700 instar
1396 1657 1600 1700 filiorum
1634 1657 1874 1701 habentur.

445 1763 478 1791 e.
530 1747 748 1801 Quamvis
796 1760 902 1802 ergo
954 1747 1178 1802 affinitas,
1228 1747 1396 1803 quippe
1449 1761 1564 1803 quae
1606 1747 1885 1791 naturaliter
1928 1761 1982 1791 ex
2021 1748 2182 1803 copula

295 1824 465 1867 carnali
510 1823 698 1877 oriatur,
747 1823 885 1866 etiam
929 1823 1050 1866 inter
1091 1823 1302 1866 infideles
1352 1823 1540 1878 existat,
1592 1823 1977 1879 impedimentum
2027 1828 2183 1866 tamen

293 1899 543 1943 affinitatis
575 1899 696 1942 inter
729 1912 801 1941 eos
835 1912 924 1942 non
959 1899 1134 1941 existit.
1200 1898 1348 1952 Quare
1382 1899 1419 1942 si
1456 1900 1514 1942 ad
1548 1900 1688 1943 fidem
1722 1903 2068 1953 convertuntur,
2103 1897 2180 1952 qui

294 1988 394 2017 cum
440 1974 677 2018 affinitate
725 1974 1069 2017 matrimonium
1115 1980 1458 2030 contraxerunt,
1508 1989 1599 2018 non
1648 1980 1757 2018 sunt
1807 1973 2070 2029 separandi:
2120 1974 2183 2016 in-

265 2049 448 2168 lfideles
493 2057 645 2092 autem
690 2049 828 2092 soluti
872 2050 930 2093 ad
978 2050 1115 2094 fidem
1156 2050 1360 2094 conversi
1402 2055 1619 2094 tenentur
1660 2049 1991 2105 impedimento
2034 2048 2184 2092 affini-

292 2125 420 2178 tatis,
457 2138 590 2179 quam
624 2124 671 2167 in
704 2125 986 2168 infidelitate
1019 2124 1400 2173 contraxerant&⁸

440 2289 561 2343 113.
641 2290 1117 2345 DeclarationeS.
1207 2312 1254 2344 α.
1325 2291 1586 2361 Afflnitas
1653 2301 1733 2343 est
1799 2292 2183 2361 propinquitas

292 2397 650 2448 personarum
686 2389 802 2432 orta
844 2400 909 2433 663
950 2382 1143 2453 copula
1182 2383 1396 2434 carnali
1426 2382 1677 2453 peofecta
1717 2383 1860 2433 inter
1900 2400 2043 2448 eum,
2087 2382 2181 2451 qui

295 2469 551 2538 copulam
593 2469 804 2536 habuit,
863 2480 916 2523 et
971 2474 1413 2541 consanguineos
1471 2490 1756 2542 personae,
1816 2490 2056 2542 quacum
2100 2490 2181 2524 co-

294 2559 480 2628 pulam
524 2560 747 2612 habuit:
792 2581 887 2631 per
930 2563 1186 2632 copulam
1230 2565 1377 2615 enim
1418 2571 1652 2633 utraque
1695 2581 1822 2632 pars
1864 2562 2181 2630 cognationi

293 2649 517 2701 alterius
584 2652 755 2720 partis
822 2653 1083 2704 inseritur
1150 2672 1246 2705 seu
1325 2653 1463 2705 fines
1543 2653 1891 2720 cognationis
1958 2651 2183 2704 alterius

295 2741 465 2808 partis
507 2741 829 2808 ingreditur.

446 2845 488 2896 Ζ).
534 2846 793 2898 Affinitas
848 2846 1193 2899 contrahitur
1249 2867 1313 2899 eac
1370 2850 1554 2919 quavis
1612 2849 1804 2919 copula
1858 2858 1975 2899 tum
2033 2848 2184 2899 licita

298 2942 413 2985 tum
456 2935 663 3002 illicita,
719 2945 836 2988 tum
889 2937 1063 2989 libera
1115 2947 1232 2990 tum
1284 2947 1490 3005 coacta,
1550 2939 1715 2991 modo
1769 2939 2014 3008 perfecta
2055 2940 2088 2991 i.
2134 2959 2177 2991 6.

297 3024 368 3075 ad
422 3029 831 3094 generationem
887 3027 1055 3097 prolis
1109 3036 1239 3098 apta
1281 3028 1460 3096 fuerit,
1519 3030 1619 3081 etsi
1669 3028 1848 3099 proles
1903 3047 2012 3080 non
2056 3047 2178 3080 con—

297 3115 559 3182 cipiatur:
622 3135 748 3168 nam
808 3119 1124 3170 coniunctio
1184 3118 1378 3170 eadem
1436 3128 1531 3186 est,
1595 3121 1713 3171 sive
1769 3138 1867 3188 per
1924 3118 2178 3188 copulam

295 3202 505 3255 licitam
549 3213 600 3256 et
640 3205 888 3272 liberam,
942 3209 1058 3259 sive
1100 3227 1199 3278 per
1239 3207 1489 3260 illicitam
1537 3217 1589 3260 et
1634 3217 1884 3261 coactam
1927 3217 2045 3260 orta
2087 3218 2184 3262 est.

450 3382 484 3438 1)
520 3383 566 3427 S.
606 3385 811 3441 Officimn
846 3386 916 3429 26.
952 3400 1055 3442 aug.
1093 3388 1220 3431 1891.

451 3456 483 3511 ²)
514 3458 559 3500 S.
600 3459 805 3515 Officium
841 3460 881 3502 4.
916 3467 1030 3516 sept.
1067 3463 1196 3505 1743.

451 3531 482 3585 ³)
519 3533 564 3575 S.
603 3534 645 3576 C.
682 3534 736 3576 de
759 3536 1015 3592 ]}1·0J).fide
1048 3537 1117 3579 23.
1154 3552 1258 3593 aug.
1296 3539 1424 3582 18:3³2.
