2269 3898
853 127 919 169 De
951 125 1250 181 sponsalibus.
1933 124 1987 166 61

262 262 407 305 Nota.
473 261 537 304 Ob
570 261 685 302 hanc
718 264 872 302 autem
905 258 1129 302 rationem
1162 257 1426 300 nullatenus
1474 256 1587 299 solvi
1632 260 1823 311 possunt
1864 269 1988 310 spon-

114 336 244 390 salia,
295 336 411 390 quod
453 334 544 378 alia
588 346 726 388 eaque
774 332 932 375 melior
981 346 1026 375 se
1067 333 1231 374 offerat
1266 331 1435 374 occasio
1468 330 1655 374 ineundi
1690 330 1984 373 matrimonii.

114 411 258 453 Immo
293 409 518 453 ordinarie
551 408 712 450 saltem
750 405 1016 460 dissuaderi,
1056 419 1112 448 ne
1147 405 1326 448 dicatur
1369 405 1594 459 prohiberi
1642 405 1772 448 debet-
1814 417 1991 459 sponsa-

114 484 227 528 lium
262 483 483 538 rescissio,
516 481 724 537 quamvis
748 494 911 536 sponso
945 493 991 523 se
1025 481 1189 523 offerat
1221 479 1312 522 alia
1345 493 1509 534 sponsa
1541 479 1686 522 multo
1734 478 1871 521 ditior
1912 491 1992 521 nec

115 559 260 613 quoad
293 558 406 601 alias
439 557 686 611 qualitates
718 555 918 598 inferior.

263 692 358 745 61.
402 692 547 742 an
588 691 841 742 existente
882 691 1022 740 iusta
1063 706 1225 739 causa
1272 686 1510 737 solvendi
1552 686 1828 755 sponsalia
1869 687 1994 736 haec

116 781 250 833 solvi
280 783 494 851 possint
525 782 760 850 propria
802 780 1133 830 ctzcctorz‘tate.
1216 776 1273 828 Si
1330 777 1472 826 iusta
1530 794 1695 826 causa
1744 775 1992 827 solvendi

117 869 394 940 sponsalia
437 876 582 920 certo
627 868 892 934 subsistit,
947 867 1016 919 ad
1069 886 1132 918 ea
1186 864 1452 917 solvenda
1497 885 1599 935 per
1649 883 1699 916 se
1752 883 1863 916 non
1917 882 1992 915 re-

118 960 356 1029 quiritur
397 959 671 1009 sententia
712 957 930 1023 iudicis,
974 956 1069 1008 sed
1111 955 1333 1025 propria
1375 956 1703 1006 auctoritate
1745 972 1842 1023 per
1883 971 1992 1004 mu—

121 1057 277 1100 tuum
312 1066 636 1100 consensum
672 1047 810 1099 solvi
831 1047 917 1098 vel
947 1045 1187 1098 rescindi
1218 1052 1470 1114 possunt:
1499 1061 1678 1112 neque
1706 1045 1853 1094 enim
1877 1044 1993 1094 iure
2057 1047 2061 1050 ’

117 1145 345 1189 naturae
387 1155 564 1207 neque
605 1138 723 1188 iure
766 1137 1045 1187 communi
1075 1136 1311 1205 positivo
1342 1134 1696 1203 praecipitur,
1742 1142 1802 1184 ut
1831 1150 1988 1202 spon-

120 1226 256 1278 salia
297 1244 408 1277 non
450 1225 751 1292 solvantur,
807 1226 913 1277 nisi
965 1225 1368 1276 interveniente
1411 1223 1736 1274 auctoritate
1778 1221 1994 1274 iudicis

268 1315 365 1358 Per
397 1329 472 1358 se:
506 1329 559 1358 ex
593 1315 767 1370 triplici
801 1315 921 1359 enim
955 1328 1091 1358 causa
1123 1313 1223 1356 fieri
1256 1317 1424 1368 potest,
1457 1315 1509 1355 ut
1543 1312 1599 1354 ad
1634 1311 1850 1354 solvenda
1873 1324 1998 1365 spon-

121 1390 235 1433 salia
267 1389 526 1443 requiratur
559 1390 810 1433 auctoritas
843 1389 1029 1432 iudicis:
1067 1402 1107 1431 α.
1131 1388 1228 1431 iure
1250 1392 1442 1430 naturae
1465 1387 1521 1429 ad
1545 1387 1843 1430 avertendum
1878 1399 1997 1428 scan-

122 1464 289 1517 dalum,
332 1464 369 1507 si
404 1464 633 1519 sponsalia
673 1464 852 1520 publice
899 1467 1023 1518 nota,
1072 1476 1207 1506 causa
1255 1475 1359 1505 vero
1408 1461 1648 1504 solutionis
1696 1460 1858 1515 ignota
1904 1463 1996 1510 est}

122 1539 159 1582 b.
205 1553 259 1582 ex
313 1543 490 1582 statuto
542 1538 809 1594 particulari
858 1539 1058 1593 plurium
1100 1537 1393 1591 dioecesium,
1438 1549 1523 1590 quo
1566 1549 1656 1578 non
1699 1533 2002 1589 permittitur,

122 1620 177 1657 ut
211 1613 454 1668 sponsalia,
488 1626 602 1667 quae
634 1612 812 1668 publice
845 1612 1071 1656 celebrata
1106 1612 1175 1655 vel
1208 1615 1367 1666 postea
1398 1611 1524 1653 facta
1547 1616 1655 1652 sunt
1677 1608 1854 1664 publice
1875 1612 2000 1662 nota,

124 1688 375 1742 solvantur,
410 1687 518 1742 quin
555 1701 691 1731 causa
723 1688 781 1730 ad
814 1687 1072 1742 episcopum
1110 1686 1370 1737 deferatur3
1406 1699 1438 1728 c.
1475 1685 1660 1728 tandem
1694 1683 1771 1726 ubi
1816 1683 1868 1726 de
1912 1684 1999 1726 exi·

123 1762 295 1806 stentia
317 1762 389 1805 vel
414 1761 695 1805 sufficientia
721 1774 882 1805 causae
907 1761 1161 1815 dubitatur,
1195 1759 1363 1803 solutio
1388 1758 1666 1814 sponsalium
1691 1757 2001 1813 permittenda

122 1851 212 1881 non
245 1842 314 1881 est
348 1837 443 1880 sine
476 1837 752 1880 auctoritate
784 1835 963 1890 iudicis,
999 1840 1052 1878 ut
1075 1835 1325 1890 periculum
1350 1833 1611 1877 iniustitiae
1633 1833 1704 1877 vel
1727 1832 2000 1876 inimicitiae

123 1911 245 1955 inter
277 1925 463 1967 sponsos
497 1915 836 1966 praecaveatur.

276 2045 367 2099 62.
410 2046 497 2097 Ad
540 2046 668 2114 quid
710 2053 925 2107 tenetur,
971 2045 1058 2112 qui
1106 2044 1216 2094 sine
1249 2044 1392 2093 iusta
1418 2061 1578 2093 causa
1605 2063 1637 2092 α
1667 2040 2005 2111 sponsalibus

125 2136 359 2187 recedit?

280 2245 327 2278 α.
371 2224 493 2275 Non
539 2223 710 2276 solum
755 2223 818 2289 is,
851 2224 945 2292 qui
975 2224 1093 2274 sine
1123 2223 1266 2273 iusta
1289 2240 1455 2272 causa
1484 2240 1515 2272 a
1545 2219 1893 2290 sponsalibus
1921 2238 1997 2270 re-

129 2314 290 2379 cedit,
334 2313 428 2365 sed
458 2314 623 2365 etiam
653 2313 714 2379 is,
755 2313 848 2382 qui
879 2313 1080 2363 iustam
1108 2310 1391 2363 resiliendi
1422 2329 1646 2362 causam
1676 2318 1770 2362 aut
1797 2310 2003 2363 celavit

127 2412 223 2456 aut
275 2422 372 2455 sua
426 2403 589 2473 culpa
637 2401 890 2468 adduxit,
942 2408 1159 2452 tenetur
1207 2419 1462 2469 reparare
1513 2399 1802 2466 damnum,
1855 2399 1999 2469 quod

127 2492 283 2545 alteri
325 2494 466 2562 parti
509 2490 800 2544 resiliendo
842 2490 1090 2542 infertur.

281 2582 324 2635 b.
367 2582 538 2633 Plena
579 2582 852 2651 reparatio
897 2580 1087 2632 damni
1130 2578 1514 2649 complectitur
1567 2586 1683 2629 tum
1738 2577 2001 2630 damnum

131 2672 430 2740 positivum
487 2680 603 2722 tum
662 2671 927 2722 damnum
990 2671 1331 2739 negativum.
1429 2667 1574 2719 Illud
1638 2669 1886 2719 consistit
1946 2669 2001 2718 in

132 2760 291 2812 donis
319 2769 371 2810 et
397 2761 656 2829 expensis
686 2760 754 2811 ab
783 2759 954 2811 altera
988 2768 1142 2828 parte
1182 2759 1384 2810 intuitu
1425 2757 1625 2808 surturi
1667 2757 2003 2808 matrimonii

131 2849 317 2915 factis3
366 2848 471 2901 hoc
511 2858 629 2901 tum
671 2852 859 2914 oritur,
901 2848 996 2901 ubi
1040 2868 1241 2919 sponsa
1283 2855 1572 2917 propterea
1612 2845 1781 2898 alium
1824 2848 2005 2898 virum

131 2941 371 3009 reperire
412 2941 618 3008 nequit,
661 2947 758 2990 aut
797 2957 829 2990 a
871 2956 1070 3008 sponso
1113 2937 1320 3007 prolem
1365 2937 1632 3005 concepit.

283 3048 322 3083 c.
368 3028 425 3081 Si
467 3028 679 3080 recedit
720 3046 939 3097 sponsa,
985 3027 1263 3079 ordinarie
1305 3025 1527 3092 sufficit,
1583 3033 1642 3076 ut
1689 3043 1887 3094 sponso
1927 3044 2004 3076 re·

134 3127 359 3187 paretur
401 3117 665 3169 damnum
708 3118 945 3186 positive
987 3116 1218 3182 illatum,
1273 3116 1403 3185 quia
1443 3115 1531 3166 vir
1581 3113 1798 3165 facilius
1840 3113 2004 3165 aliam

135 3225 392 3277 sponsam
434 3207 663 3277 reperit3
720 3205 915 3275 quodsi
971 3224 1205 3275 sponsus
1258 3203 1483 3271 recedit,
1527 3203 1691 3274 plena
1731 3205 2006 3273 reparatio

137 3297 325 3349 damni
379 3296 703 3366 plerumque
759 3304 877 3347 tum
935 3295 1109 3348 solum
1166 3294 1418 3362 habetur,
1481 3295 1522 3345 si
1588 3311 1787 3363 sponsa
1841 3293 2003 3344 etiam

137 3387 533 3437 convenienter
574 3385 806 3437 dotetur.

897 3502 1009 3515 x‘aexsxj
1017 3497 1206 3515 ‘xjxdfxvvoef
1216 3494 1248 3508 ν’
