2269 3898
669 180 672 182 ·
740 169 807 212 De
839 167 1018 212 actibus
1051 168 1316 212 meritoriis.
1882 170 1964 214 101

91 302 245 358 gratia
277 301 595 346 sanctificante
627 314 802 356 semper
833 301 1102 345 coniunctus
1136 306 1220 357 est,
1257 301 1478 346 meritorii
1512 302 1619 345 sint.
1674 302 1735 345 Hi
1768 315 1874 357 ergo
1910 303 1967 346 ad

89 376 304 420 meritum
336 377 510 419 nullam
551 375 824 430 peculiarem
856 376 1159 419 intentionem
1207 389 1284 420 seu
1317 380 1469 419 actum
1503 379 1866 431 praevertentem
1903 391 1967 420 33-

90 450 247 495 ritatis
268 450 521 504 requirunt,
555 463 640 504 quo
673 463 808 505 opera
840 463 895 493 ex
918 450 1112 493 caritate
1144 450 1193 492 in
1221 451 1366 493 Deum
1391 450 1672 505 oidinentur‚
1705 451 1782 494 sed
1807 451 1967 503 docent

90 526 148 568 ad
181 524 401 581 merit-um
430 525 653 574 sufficere
670 527 865 567 statum
879 524 1076 579 gratiae,
1122 523 1198 578 qui
1232 523 1471 566 caiitatem
1509 524 1815 567 indissolubili
1848 537 1968 567 nexu

90 584 421 653 complectitur,
455 602 502 641 et
522 599 651 641 illam
675 598 1008 642 ordinationem
1034 598 1309 641 obiectivam
1335 611 1411 641 seu
1433 599 1689 642 naturalem
1723 598 1780 641 ad
1806 599 1967 653 Deum,

91 687 225 728 quam
259 686 393 728 opera
423 672 535 716 iusti
584 686 638 716 ex
670 686 717 716 se
760 678 806 716 et
843 677 1010 716 natura
1044 686 1125 715 sua
1157 672 1340 727 habent,
1395 673 1526 715 modo
1568 672 1660 715 sint
1692 672 1740 714 in
1774 685 1819 716 se
1853 672 1968 716 bona

91 752 136 791 et
170 761 250 802 per
282 747 510 790 influxum
544 747 723 803 gratiae
755 746 1117 802 supernaturalis
1154 746 1317 801 posita.

241 882 334 934 86-
400 897 661 939 Sententia
705 896 1058 950 praeferenda.
1123 909 1163 940 a.
1203 895 1440 950 Rationes,
1484 908 1597 949 quae
1635 895 1749 938 hanc
1781 878 1965 938 tertiam

90 970 365 1014 sententiam
399 970 504 1014 aliis
537 970 717 1013 omnino
750 971 1093 1025 praeferendam
1120 969 1382 1024 ostendunt,
1416 969 1608 1012 conferri
1632 972 1823 1024 possunt
1847 970 1967 1024 apud

92 1045 389 1100 dogmaticos.
454 1045 643 1088 Illarum
678 1045 946 1100 praecipuae
981 1048 1110 1087 sunt:
1147 1058 1188 1086 α.
1223 1044 1272 1087 111
1308 1057 1434 1087 sacra
1467 1044 1693 1098 scriptura
1714 1057 1804 1086 non
1823 1045 1967 1086 solum

89 1119 282 1174 actibus,
331 1119 408 1174 qui
448 1119 599 1174 aliquo
646 1121 778 1163 modo
820 1133 847 1163 a
889 1119 1083 1163 caritate
1132 1118 1303 1162 actuali
1347 1118 1618 1173 procedunt,
1669 1117 1745 1160 sed
1789 1117 1966 1160 actibus

90 1194 283 1237 aliarum
318 1208 493 1248 quoque
525 1194 752 1238 virtutum
795 1194 940 1249 iisque
987 1194 1260 1249 simpliciter
1308 1193 1557 1236 nominatis
1600 1191 1891 1247 promittitur
1923 1197 1969 1235 et

89 1269 313 1312 tribuitur
344 1269 445 1323 ipsa
477 1269 714 1314 beatitudo
747 1269 953 1313 aeterna¹
964 1278 985 1316 1.
1032 1270 1070 1318 β.
1114 1268 1364 1311 Concilium
1398 1268 1703 1311 tridentinum
1735 1264 1982 1326 recensens}

91 1357 243 1400 omnes
277 1343 558 1386 conthciones
591 1344 655 1400 ad
681 1343 895 1404 meritum
932 1343 985 1386 de
1010 1342 1262 1400 condigno
1283 1342 1540 1401 requisitaS,
1579 1342 1706 1385 nulla
1709 1327 1989 1411 mentionel

88 1420 234 1482 facta>
238 1423 384 1479 actus
407 1398 618 1477 caritatis
652 1419 723 1461 vel
751 1400 945 1473 alterius
980 1417 1134 1472 bonae
1158 1416 1447 1481 intentionis,
1491 1416 1643 1459 omnia
1687 1429 1820 1471 opera
1852 1402 1990 1459 110113ξ

89 1476 217 1548 iusti,
267 1506 380 1547 quae
422 1506 501 1548 per
532 1492 730 1547 gratiam
774 1493 909 1546 fiunt,
960 1491 1194 1534 meritoria
1238 1504 1334 1535 esse
1385 1489 1641 1538 declarat2).
1705 1490 1858 1544 Neque
1890 1503 1969 1544 per

90 1568 250 1612 verba:
300 1581 414 1622 qnae
447 1568 491 1609 in
526 1567 624 1609 Deo
657 1569 763 1609 sunt
784 1568 918 1622 faeta
952 1565 1079 1609 aliud
1129 1565 1365 1620 significat
1415 1579 1548 1619 quam
1593 1578 1740 1619 opera,
1775 1577 1888 1619 quae
1920 1564 1968 1607 in

91 1642 244 1696 gratia
277 1646 323 1684 et
355 1654 434 1696 per
465 1641 665 1696 gratiam
711 1642 845 1684 fiunt.
909 1641 1032 1684 Haec
1065 1640 1202 1684 verba
1246 1640 1315 1683 ita
1358 1640 1662 1695 intelligenda
1694 1653 1803 1694 esse,
1837 1643 1968 1694 patet

91 1729 146 1760 ex
179 1715 327 1759 verbis
378 1715 426 1758 in
468 1729 635 1759 canone
669 1716 761 1770 (32)
800 1715 986 1770 positis:
1039 1728 1154 1770 qnae
1186 1728 1278 1771 per
1311 1715 1404 1757 Dei
1441 1715 1643 1770 ¹{Jratz'am
1678 1716 1826 1770 fiunt:
1859 1715 1970 1758 11333

91 1790 211 1834 3111111
234 1789 328 1833 11113
351 1790 656 1844 aequivalent.
698 1791 767 1833 Ex
791 1793 943 1833 mente
966 1789 1146 1832 concilii
1173 1789 1416 1833 tridentini
1449 1802 1555 1844 ergo
1588 1793 1769 1844 praeter
1792 1793 1966 1832 statum

91 1865 271 1920 gratiae
304 1868 349 1908 et
383 1865 609 1908 influxum
644 1865 822 1920 gratiae
855 1864 1050 1908 actualis
1084 1865 1141 1908 ad
1177 1864 1391 1908 meritum
1426 1864 1553 1908 aliud
1586 1878 1676 1907 non
1704 1863 1968 1918 requiritur.

92 1954 130 1991 γ.
176 1940 236 1983 Et-
270 1952 378 1983 sane
411 1953 564 1983 omnes
596 1944 725 1983 actus
759 1939 863 1983 boni
907 1943 951 1982 et
1002 1940 1386 1994 supernaturales,
1435 1939 1511 1993 qui
1544 1939 1600 1982 ab
1633 1938 1814 1982 homine
1845 1938 1967 1981 iusto

94 2017 373 2069 exercentur,
421 2019 588 2058 natura
621 2029 703 2058 sua
736 2014 947 2058 ordinata
981 2018 1088 2057 sunt
1132 2014 1179 2057 in
1212 2015 1356 2057 Deum
1390 2015 1527 2057 finem
1562 2013 1968 2068 supernaturalem,

93 2089 261 2131 cedunt
304 2089 352 2131 in
386 2089 695 2151 glor-iameei
729 2092 774 2132 et
807 2089 890 2131 hoc
921 2088 1019 2144 ipso
1054 2092 1162 2131 sunt
1197 2088 1348 2131 media
1389 2088 1553 2131 ultimo
1597 2087 1679 2130 fini
1720 2087 1966 2142 proportio-

91 2167 222 2214 nata;
258 2176 363 2218 ergo
390 2163 542 2206 onmia
564 2164 746 2218 habent,
777 2177 890 2218 quae
922 2163 979 2206 ad
1004 2162 1218 2206 meritum
1246 2163 1299 2206 de
1322 2162 1546 2217 condigno
1569 2161 1738 2217 requiri
1762 2166 1966 2216 possunt.

91 2237 205 2280 Nam
240 2250 319 2292 per
351 2237 559 2280 habitum
593 2238 816 2293 caritatis,
850 2238 925 2292 qui
960 2237 1159 2292 gratiam
1191 2236 1555 2280 sanctificantem
1588 2236 1838 2280 necessario
1873 2250 1968 2279 con-

93 2312 311 2366 sequitur,
345 2312 476 2354 homo
511 2312 749 2356 ordinatur
780 2313 828 2355 in
861 2313 1007 2356 Deum
1041 2314 1179 2356 finem
1214 2313 1622 2367 supernaturalem,
1667 2314 1712 2354 et
1757 2324 1855 2353 cum
1890 2323 1968 2365 per

92 2387 279 2430 eandem
314 2387 514 2441 gratiam
549 2391 593 2430 et
627 2388 866 2431 caritatem
901 2388 1213 2431 constituatur
1246 2387 1371 2430 filius
1404 2390 1450 2429 et
1483 2386 1654 2429 amicus
1684 2385 1782 2440 Dei,
1816 2385 1967 2428 omnia

92 2460 188 2503 eius
223 2474 356 2515 opera
388 2461 613 2516 implicite
646 2465 690 2504 et
723 2461 1024 2505 habitualiter
1056 2463 1324 2504 referuntur
1365 2461 1423 2503 ad
1455 2461 1599 2503 Deum
1644 2459 1773 2514 eique
1810 2472 1965 2513 ⁸conse-

92 2540 299 2586 crantur;
335 2536 436 2579 ideo
470 2537 527 2579 ad
557 2536 772 2579 meritum
806 2550 896 2579 non
928 2535 1192 2591 requiritur,
1226 2538 1281 2578 ut
1314 2535 1452 2578 etiam
1487 2548 1540 2578 ex
1573 2538 1703 2590 parte
1737 2533 1966 2588 operantis

92 2611 150 2653 ad
183 2611 328 2653 Deum
363 2623 589 2653 summum
624 2610 789 2653 bonum
824 2610 1073 2655 ordinetur.

243 2684 279 2726 b.
313 2684 520 2727 Aliarum
545 2684 875 2728 sententiarum
899 2685 1058 2741 prima
1083 2684 1337 2740 gratuitam
1362 2682 1763 2738 exaggerationem
1791 2683 1966 2737 profert

93 2762 140 2802 et
180 2758 229 2801 in
263 2772 343 2802 3110
393 2763 664 2814 argumento
713 2760 1050 2803 confirmatorie
1092 2759 1362 2814 pet-itionem
1402 2757 1617 2813 principii
1661 2756 1882 2800 continet:
1918 2756 1965 2799 id

248 2938 282 2994 1)
317 2939 383 2981 Cf.
417 2939 583 2981 Matth.
619 2938 688 2992 19,
723 2938 777 2980 16
812 2951 868 2981 33.
902 2938 973 2992 25,
1007 2937 1065 2980 34
1097 2951 1153 2980 ss.
1190 2938 1228 2979 1.
1263 2937 1379 2979 Tim.
1414 2937 1456 2991 6,
1492 2937 1545 2978 17
1579 2950 1635 2981 33.

245 3012 279 3068 ²)
313 3012 424 3056 Sess
461 3014 499 3055 6.
535 3026 569 3056 3.
605 3012 673 3055 16.
718 3012 827 3055 11333
857 3012 1099 3067 leguntur:
1149 3011 1274 3054 Nihil
1315 3010 1428 3066 ipsis
1467 3009 1735 3054 iustificatis
1767 3008 1965 3063 amplius

94 3088 245 3131 deesse
278 3087 549 3130 credendum
583 3090 666 3142 est,
700 3100 785 3141 quo
819 3086 969 3129 minus
1003 3087 1134 3140 plene
1173 3085 1268 3128 illis
1303 3085 1482 3139 quidem
1517 3084 1739 3139 operibus,
1773 3096 1886 3137 quae
1917 3083 1964 3125 in

92 3162 200 3206 Deo·
220 3167 329 3204 sunt
360 3163 485 3204 facta
520 3197 527 3204 .
564 3195 572 3203 .
607 3194 617 3205 .
650 3160 795 3204 vitam
829 3164 1060 3204 aeternam
1095 3173 1173 3203 suo
1212 3168 1429 3214 tempore,
1473 3159 1511 3202 si
1544 3162 1699 3202 tamen
1731 3158 1778 3200 in
1812 3157 1965 3212 gratia

93 3235 381 3290 decesserint,
429 3236 787 3290 consequendam
834 3247 938 3278 vere
986 3233 1287 3289 promeruisse
1324 3236 1606 3277 censeantur.
1670 3233 1730 3275 Et
1764 3245 1858 3274 can.
1893 3230 1963 3273 32.

91 3312 201 3354 haec
232 3311 475 3354 habentur:
526 3309 571 3352 Si
605 3309 705 3364 quis
740 3309 907 3352 dixerit
941 3343 950 3352 .
987 3344 996 3354 .
1032 3342 1040 3351 .
1088 3308 1394 3352 iustificatum
1434 3307 1560 3351 bonis
1596 3305 1817 3361 operibus,
1851 3317 1965 3360 quae

91 3385 148 3429 ab
180 3398 230 3428 eo
262 3398 341 3440 per
362 3383 446 3427 Dei
478 3383 677 3439 gratiam
711 3387 757 3426 et
788 3383 888 3427 Iesu
910 3383 1080 3426 Christi
1115 3382 1345 3437 meritum,
1379 3381 1507 3425 cuius
1529 3380 1685 3423 vivum
1710 3378 1963 3422 membrum

91 3450 174 3513 est,
195 3460 332 3513 fiunt,
354 3472 443 3501 non
465 3471 568 3501 vere
590 3458 750 3502 mereri
773 3461 1074 3513 augmentum
1100 3457 1295 3512 gratiae,
1327 3456 1472 3499 vitam
1498 3459 1729 3498 aeternam
1754 3457 1800 3497 et
1818 3453 1963 3508 ipsius

90 3533 216 3577 vit-ae
247 3537 458 3577 aeternae
481 3565 490 3575 .
516 3565 525 3575 .
550 3565 559 3574 .
593 3533 952 3575 consecutionem
985 3535 1123 3587 atque
1156 3531 1296 3575 etiam
1320 3529 1491 3586 gloriae
1513 3532 1828 3584 augmentum,
1862 3541 1900 3571 a.
1928 3540 1964 3570 3.
