2269 3898
716 82 782 125 De
815 81 1094 136 obligatione
1125 81 1255 136 legis.
1836 83 1918 125 157

51 216 200 268 enim
258 222 311 266 et
365 214 669 266 essentialis
723 215 949 266 effectus
1000 214 1136 283 legis
1191 222 1271 266 est
1328 213 1621 282 obligat-i03
1666 217 1923 285 quocirca

49 304 158 366 lex,
201 322 340 374 quae
381 302 532 355 nulla
570 304 782 354 ratione
824 322 892 354 ne
933 303 1003 354 ad
1030 322 1265 372 poenam
1308 304 1533 374 quidem
1576 303 1921 357 subeundam

52 396 108 444 in
151 394 486 444 conscientia
528 392 750 462 obligat,
793 410 902 443 non
945 400 1026 443 est
1065 392 1173 444 lex.

200 497 321 551 Ergo
354 496 639 550 exploratum
674 499 744 538 est
776 495 916 538 etiam
949 495 1257 551 legyislalorem
1294 496 1465 538 cicilem
1500 497 1686 540 condere
1717 497 1842 552 leges
1872 497 1920 539 in

55 570 332 614 conscientia
365 570 636 625 obligantes.
702 570 893 613 Constat
942 584 982 612 a.
1029 583 1082 613 ex
1114 574 1282 612 natura
1315 572 1561 624 potestatis
1605 572 1659 615 ab
1699 571 1796 626 ipso
1829 571 1922 614 Deo

51 646 258 699 collatae,
293 644 364 688 cui
396 644 516 687 inest
550 644 753 687 officium
788 644 998 687 servandi
1033 644 1137 686 boni
1172 644 1424 687 communis
1450 645 1719 699 arcendique
1742 659 1767 688 a
1791 645 1923 687 socie-

51 723 149 762 tate
182 719 306 762 civili
340 718 646 762 condicionem
681 719 990 769 anarchicam;
1027 719 1064 760 b.
1099 731 1152 761 ex
1194 731 1225 761 s.
1269 718 1513 773 scriptura:
1563 719 1742 761 Snbditi
1787 722 1924 762 estote

49 807 136 837 non
170 794 313 837 solnm
335 796 530 849 propfer
561 794 679 836 [ram
713 793 796 836 sed
827 794 961 836 etiam
984 796 1180 849 propfer
1213 790 1588 850 censcientiam).

200 885 248 936 2.
312 884 363 934 A
408 882 691 934 voluntate
744 881 1069 950 legislatoris
1125 882 1417 952 dependet,
1491 901 1657 953 quam
1715 882 1923 950 obliga-

50 975 273 1039 tionem,
317 980 499 1023 utrum
549 971 619 1023 ad
662 970 897 1040 culpam,
952 991 1023 1023 an
1066 972 1136 1023 ad
1179 971 1398 1041 culpam
1454 981 1507 1023 et
1559 971 1630 1023 ad
1688 989 1922 1041 poenam

51 1063 139 1114 vel
182 1062 359 1114 solum
400 1062 470 1113 ad
512 1079 764 1130 poenam,
815 1062 1096 1130 imponere
1137 1062 1254 1131 ipse
1296 1061 1445 1114 velit.

200 1166 324 1209 Haec
356 1166 571 1209 voluntas
603 1164 883 1219 legislatoris
918 1164 1225 1219 dignoscitur:

203 1270 244 1298 a.
278 1255 357 1298 Ex
388 1257 558 1297 natura
590 1253 730 1310 leffl's:
761 1254 885 1308 leges
917 1253 1037 1296 enim
1072 1253 1242 1308 civiles,
1287 1253 1335 1296 in
1374 1253 1536 1308 quibus
1579 1253 1686 1296 finis
1726 1267 1753 1296 a
1794 1253 1924 1307 legis-

50 1330 198 1373 latore
229 1329 438 1373 intentus
472 1329 588 1371 citra
606 1328 933 1384 obligationem
957 1329 1014 1371 ad
1039 1330 1217 1383 culpam
1245 1328 1439 1371 obtineri
1462 1328 1635 1383 nequit,
1669 1329 1726 1371 ad
1745 1329 1924 1383 culpam

55 1404 258 1460 obligare
291 1408 554 1454 censentur;
601 1416 678 1446 eae
710 1416 830 1457 vero,
865 1416 1055 1457 quarum
1099 1402 1206 1445 finis
1251 1402 1391 1446 etiam
1437 1402 1553 1446 citra
1598 1402 1924 1457 obligationem

53 1480 111 1522 ad
146 1479 325 1534 culpam
361 1476 556 1521 obtineri
590 1481 756 1532 potest,
790 1478 935 1519 solum
969 1478 1027 1520 ad
1060 1490 1250 1532 poenam
1287 1476 1490 1531 obligare
1524 1480 1776 1519 censentur.

203 1561 241 1603 b.
277 1560 355 1602 Ex
387 1559 719 1613 consuetudine,
755 1573 869 1614 quae
902 1562 971 1603 est
994 1559 1170 1614 optima
1191 1560 1345 1614 legum
1370 1559 1616 1613 interpres:
1654 1557 1690 1600 si
1709 1557 1924 1600 nimirum

53 1634 193 1679 etiam
228 1633 417 1688 subditi,
451 1633 528 1687 qui
561 1633 809 1677 timoratae
842 1638 950 1676 sunt
982 1632 1300 1688 conscientiae,
1333 1634 1481 1689 legem
1515 1633 1713 1688 practice
1757 1632 1925 1676 habent

53 1709 304 1764 poenalem,
338 1707 447 1751 talis
480 1708 651 1752 censeri
685 1712 851 1763 potest.

202 1805 235 1834 c.
270 1791 348 1832 Ex
381 1789 690 1833 deelaratione
723 1791 868 1846 ipsias
899 1791 1194 1847 leffl'slatoris‘,
1228 1790 1375 1845 qualis
1418 1791 1612 1834 habetur
1653 1791 1707 1834 de
1752 1789 1925 1845 regulis

53 1865 334 1919 quorundam
369 1865 577 1908 ordinum
611 1864 941 1920 religiosorum.

202 1946 243 1990 cl.
278 1947 356 1989 Ex
389 1947 537 1990 verbis
569 1947 681 2002 ipsis
713 1947 852 2003 leqiss
892 1947 931 1990 si
963 1948 1036 1991 lex
1080 1949 1224 1991 solum
1274 1961 1464 2003 poenam
1514 1946 1782 2002 praescribit
1831 1945 1925 2000 (qui

53 2021 136 2064 hoc
167 2021 343 2077 fecerit,
379 2021 538 2064 subeat
570 2022 687 2064 hanc
720 2024 941 2077 poenam),
975 2022 1063 2065 erit
1095 2022 1324 2077 poenalis3
1359 2022 1395 2065 si
1430 2020 1654 2077 praecipit
1700 2025 1746 2063 et
1790 2020 1926 2063 simul

53 2108 242 2151 poenam
276 2096 488 2151 imponit,
522 2096 610 2139 erit
642 2096 816 2147 mixta;
867 2096 978 2140 item
1012 2097 1051 2140 si
1083 2111 1173 2140 non
1207 2096 1410 2140 continet
1442 2096 1579 2139 verba
1621 2094 1926 2151 praeceptiva,

52 2170 280 2213 ordinarie
312 2170 399 2213 erit
432 2170 649 2225 poenalis,
682 2171 841 2225 quodsi
874 2172 990 2214 talia
1013 2171 1230 2226 continet,
1264 2170 1491 2214 ordinarie
1513 2170 1600 2214 erit
1623 2169 1925 2225 praeceptiva.

53 2244 155 2287 Etsi
189 2244 308 2288 enim
344 2245 548 2288 defectus
581 2245 818 2288 verborum
852 2245 1230 2301 praecipientium
1278 2259 1368 2288 non
1412 2245 1474 2288 sit
1522 2248 1694 2288 certum
1744 2242 1925 2297 signum

52 2319 170 2374 legis
203 2319 421 2374 poenalis,
456 2319 695 2362 ordinarie
728 2322 895 2367 tamen,
932 2320 967 2363 si
1002 2320 1075 2363 lex
1106 2322 1255 2364 fertur
1286 2333 1407 2364 mere
1447 2319 1681 2374 assertive,
1722 2321 1927 2362 censetur

52 2406 148 2437 esse
180 2394 398 2449 poenalis,
431 2398 477 2437 et
510 2393 548 2438 si
581 2395 728 2437 fertur
761 2407 839 2449 per
872 2395 1054 2437 modum
1089 2394 1321 2450 praecepti
1355 2395 1426 2438 vel
1460 2393 1797 2449 prohibitionis,
1830 2405 1927 2435 cen-

56 2473 182 2512 setur
215 2481 310 2512 esse
342 2468 647 2523 praeceptiva.

203 2564 240 2593 e.
274 2550 353 2593 Ex
381 2550 611 2606 yravz'tctte
631 2563 840 2606 poenae:
873 2551 1041 2594 etenim
1075 2551 1112 2594 si
1146 2550 1239 2605 legi
1272 2550 1394 2594 cicili
1426 2549 1614 2593 additur
1654 2549 1927 2604 gravissima

53 2638 197 2681 poena
230 2624 512 2680 temporaliS,
555 2638 669 2680 quae
712 2625 1050 2680 proportionem
1094 2639 1184 2669 non
1227 2614 1365 2669 habet
1409 2638 1505 2668 cum
1553 2623 1926 2679 transgressione,

52 2703 234 2743 constat
266 2698 537 2756 legemgesse
558 2700 807 2755 poenalem.
871 2700 986 2744 Sane
1007 2700 1246 2755 legislator
1262 2713 1353 2743 non
1376 2702 1583 2743 censetur
1604 2699 1662 2742 ad
1684 2702 1928 2753 utrumque

52 2774 257 2830 obligare
289 2775 420 2829 velle,
454 2775 512 2818 ad
543 2774 858 2819 incurrendam
885 2777 1064 2830 culpam
1088 2779 1133 2819 et
1156 2775 1292 2819 simul
1316 2775 1373 2818 ad
1396 2774 1712 2817 incurrendam
1737 2786 1925 2829 poenam

53 2848 403 2903 exorbitantem,
435 2849 524 2892 nisi
557 2854 725 2904 agatur
759 2850 814 2893 de
845 2850 946 2905 lege
978 2849 1242 2905 gravissimi
1277 2848 1510 2892 momenti.

200 2998 328 3052 137.
397 2998 664 3071 Qualitas
719 2999 1131 3066 obligationis.
1211 2997 1493 3066 obligatio
1559 2996 1695 3065 legis
1749 3004 1927 3066 potest

51 3106 170 3139 esse
209 3089 388 3157 yravis
428 3088 513 3140 vel
557 3087 718 3154 levi3,·
761 3106 1034 3158 quaenam
1075 3095 1259 3140 autem
1302 3086 1566 3155 obligatio
1609 3089 1666 3138 in
1698 3085 1926 3154 singulis

53 3176 271 3245 legibus
323 3178 655 3247 imponatur,
706 3186 822 3230 tum
880 3196 950 3229 ex
998 3178 1244 3242 materia,
1299 3196 1368 3229 ex
1408 3176 1686 3228 adiunctis
1727 3183 1780 3226 et
1820 3175 1926 3225 fine

51 3266 205 3336 legiS,
249 3274 365 3318 tum
407 3286 476 3318 ex
517 3266 800 3319 voluntate
839 3266 1166 3337 legislatoris
1209 3266 1503 3336 dependet.

211 3448 240 3500 ¹)
276 3447 409 3490 Rom.
445 3446 514 3500 13,
548 3446 589 3489 5.
