<?xml version="1.0" encoding="UTF-8"?>
<!DOCTYPE html PUBLIC "-//W3C//DTD XHTML 1.0 Transitional//EN"
    "http://www.w3.org/TR/xhtml1/DTD/xhtml1-transitional.dtd">
<html xmlns="http://www.w3.org/1999/xhtml" xml:lang="en" lang="en">
 <head>
  <title>
</title>
<meta http-equiv="Content-Type" content="text/html;charset=utf-8" />
  <meta name='ocr-system' content='tesseract 3.04.00' />
  <meta name='ocr-capabilities' content='ocr_page ocr_carea ocr_par ocr_line ocrx_word'/>
</head>
<body>
  <div class='ocr_page' id='page_1' title='image "./summatheologiaem00nold_0451.png"; bbox 0 0 2269 3898; ppageno 0'>
   <div class='ocr_carea' id='block_1_1' title="bbox 687 143 2011 197">
    <p class='ocr_par' dir='ltr' id='par_1_1' title="bbox 687 143 2011 197">
     <span class='ocr_line' id='line_1_1' title="bbox 687 143 2011 197; baseline 0.003 -12"><span class='ocrx_word' id='word_1_1' title='bbox 687 143 754 185; x_wconf 87' lang='lat' dir='ltr'>De</span> <span class='ocrx_word' id='word_1_2' title='bbox 784 143 1128 197; x_wconf 80' lang='lat' dir='ltr'>impedimentis</span> <span class='ocrx_word' id='word_1_3' title='bbox 1161 143 1455 187; x_wconf 81' lang='lat' dir='ltr'>matrimonii.</span> <span class='ocrx_word' id='word_1_4' title='bbox 1955 147 2011 189; x_wconf 73' lang='lat'>83</span> 
     </span>
    </p>
   </div>
   <div class='ocr_carea' id='block_1_2' title="bbox 138 275 2006 433">
    <p class='ocr_par' dir='ltr' id='par_1_2' title="bbox 138 275 2006 433">
     <span class='ocr_line' id='line_1_2' title="bbox 138 275 2006 346; baseline 0.002 -20"><span class='ocrx_word' id='word_1_5' title='bbox 138 277 348 326; x_wconf 87' lang='lat' dir='ltr'>ratione</span> <span class='ocrx_word' id='word_1_6' title='bbox 391 294 436 327; x_wconf 90' lang='lat' dir='ltr'>e.</span> <span class='ocrx_word' id='word_1_7' title='bbox 476 295 527 344; x_wconf 82' lang='lat' dir='ltr'>g.</span> <span class='ocrx_word' id='word_1_8' title='bbox 581 275 754 326; x_wconf 91' lang='lat' dir='ltr'>solum</span> <span class='ocrx_word' id='word_1_9' title='bbox 803 275 1071 328; x_wconf 85' lang='lat' dir='ltr'>lubidinis</span> <span class='ocrx_word' id='word_1_10' title='bbox 1125 276 1432 346; x_wconf 75' lang='lat' dir='ltr'>explendae</span> <span class='ocrx_word' id='word_1_11' title='bbox 1484 279 1659 345; x_wconf 83' lang='lat' dir='ltr'>gratia</span> <span class='ocrx_word' id='word_1_12' title='bbox 1711 277 2006 329; x_wconf 89' lang='lat' dir='ltr'>abducitur</span> 
     </span>
     <span class='ocr_line' id='line_1_3' title="bbox 139 363 1611 433; baseline 0.001 -18"><span class='ocrx_word' id='word_1_13' title='bbox 139 363 348 428; x_wconf 88' lang='lat' dir='ltr'>mulier,</span> <span class='ocrx_word' id='word_1_14' title='bbox 393 382 501 416; x_wconf 90' lang='lat' dir='ltr'>non</span> <span class='ocrx_word' id='word_1_15' title='bbox 544 365 715 415; x_wconf 90' lang='lat' dir='ltr'>oritur</span> <span class='ocrx_word' id='word_1_16' title='bbox 755 364 1216 433; x_wconf 79' lang='lat' dir='ltr'>impedimentum</span> <span class='ocrx_word' id='word_1_17' title='bbox 1258 367 1611 419; x_wconf 87' lang='lat' dir='ltr'>matrimonii.</span> 
     </span>
    </p>
   </div>
   <div class='ocr_carea' id='block_1_3' title="bbox 907 543 1246 597">
    <p class='ocr_par' dir='ltr' id='par_1_3' title="bbox 907 543 1246 597">
     <span class='ocr_line' id='line_1_4' title="bbox 907 543 1246 597; baseline -0.003 -11"><span class='ocrx_word' id='word_1_18' title='bbox 907 543 940 597; x_wconf 61' lang='grc' dir='ltr'>ἑ·</span> <span class='ocrx_word' id='word_1_19' title='bbox 972 545 1025 587; x_wconf 89' lang='grc'>5.</span> <span class='ocrx_word' id='word_1_20' title='bbox 1061 544 1246 587; x_wconf 75' lang='lat' dir='ltr'>Aetas.</span> 
     </span>
    </p>
   </div>
   <div class='ocr_carea' id='block_1_4' title="bbox 134 660 2011 908">
    <p class='ocr_par' dir='ltr' id='par_1_4' title="bbox 134 660 2011 908">
     <span class='ocr_line' id='line_1_5' title="bbox 286 660 2011 729; baseline 0 -15"><span class='ocrx_word' id='word_1_21' title='bbox 286 661 377 715; x_wconf 81' lang='lat'>83.</span> <span class='ocrx_word' id='word_1_22' title='bbox 432 660 652 713; x_wconf 87' lang='lat' dir='ltr'>Natura</span> <span class='ocrx_word' id='word_1_23' title='bbox 702 660 1142 727; x_wconf 82' lang='lat' dir='ltr'>impedimenti.</span> <span class='ocrx_word' id='word_1_24' title='bbox 1226 663 1271 713; x_wconf 82' lang='lat'>1.</span> <span class='ocrx_word' id='word_1_25' title='bbox 1316 661 1783 729; x_wconf 85' lang='lat' dir='ltr'>Impedimentum</span> <span class='ocrx_word' id='word_1_26' title='bbox 1822 665 2011 714; x_wconf 69' lang='lat' dir='ltr'>aetatis</span> 
     </span>
     <span class='ocr_line' id='line_1_6' title="bbox 134 749 2009 819; baseline 0.001 -18"><span class='ocrx_word' id='word_1_27' title='bbox 134 753 193 801; x_wconf 88' lang='lat' dir='ltr'>in</span> <span class='ocrx_word' id='word_1_28' title='bbox 240 768 300 800; x_wconf 89' lang='lat' dir='ltr'>eo</span> <span class='ocrx_word' id='word_1_29' title='bbox 357 751 619 815; x_wconf 78' lang='lat' dir='ltr'>consistit,</span> <span class='ocrx_word' id='word_1_30' title='bbox 679 749 824 817; x_wconf 93' lang='lat' dir='ltr'>quod</span> <span class='ocrx_word' id='word_1_31' title='bbox 883 750 1294 800; x_wconf 83' lang='lat' dir='ltr'>matrimonium</span> <span class='ocrx_word' id='word_1_32' title='bbox 1350 758 1475 801; x_wconf 89' lang='lat' dir='ltr'>ante</span> <span class='ocrx_word' id='word_1_33' title='bbox 1524 750 1869 819; x_wconf 82' lang='lat' dir='ltr'>pubertatem</span> <span class='ocrx_word' id='word_1_34' title='bbox 1913 754 2009 803; x_wconf 91' lang='lat' dir='ltr'>ini-</span> 
     </span>
     <span class='ocr_line' id='line_1_7' title="bbox 137 837 2008 908; baseline 0.001 -18"><span class='ocrx_word' id='word_1_35' title='bbox 137 849 252 890; x_wconf 89' lang='lat' dir='ltr'>tum</span> <span class='ocrx_word' id='word_1_36' title='bbox 295 838 506 890; x_wconf 89' lang='lat' dir='ltr'>nullum</span> <span class='ocrx_word' id='word_1_37' title='bbox 550 840 633 903; x_wconf 87' lang='lat' dir='ltr'>sit,</span> <span class='ocrx_word' id='word_1_38' title='bbox 687 839 792 888; x_wconf 89' lang='lat' dir='ltr'>nisi</span> <span class='ocrx_word' id='word_1_39' title='bbox 836 837 1045 889; x_wconf 87' lang='lat' dir='ltr'>malitia</span> <span class='ocrx_word' id='word_1_40' title='bbox 1085 837 1422 906; x_wconf 78' lang='lat' dir='ltr'>(prudentia)</span> <span class='ocrx_word' id='word_1_41' title='bbox 1464 839 1716 908; x_wconf 80' lang='lat' dir='ltr'>suppleat</span> <span class='ocrx_word' id='word_1_42' title='bbox 1756 849 2008 892; x_wconf 87' lang='lat' dir='ltr'>aetatem.</span> 
     </span>
    </p>
   </div>
   <div class='ocr_carea' id='block_1_5' title="bbox 132 941 2012 1969">
    <p class='ocr_par' dir='ltr' id='par_1_5' title="bbox 134 941 2012 1440">
     <span class='ocr_line' id='line_1_8' title="bbox 287 941 2008 995; baseline 0.002 -12"><span class='ocrx_word' id='word_1_43' title='bbox 287 956 327 983; x_wconf 73' lang='lat' dir='ltr'>a.</span> <span class='ocrx_word' id='word_1_44' title='bbox 361 941 494 984; x_wconf 91' lang='lat' dir='ltr'>Pueri</span> <span class='ocrx_word' id='word_1_45' title='bbox 529 954 634 995; x_wconf 76' lang='lat' dir='ltr'>ergo</span> <span class='ocrx_word' id='word_1_46' title='bbox 668 944 774 983; x_wconf 86' lang='lat' dir='ltr'>ante</span> <span class='ocrx_word' id='word_1_47' title='bbox 810 942 894 994; x_wconf 65' lang='lat'>14,</span> <span class='ocrx_word' id='word_1_48' title='bbox 944 942 1120 995; x_wconf 82' lang='lat' dir='ltr'>puellae</span> <span class='ocrx_word' id='word_1_49' title='bbox 1168 947 1320 984; x_wconf 88' lang='lat' dir='ltr'>autem</span> <span class='ocrx_word' id='word_1_50' title='bbox 1371 947 1478 984; x_wconf 89' lang='lat' dir='ltr'>ante</span> <span class='ocrx_word' id='word_1_51' title='bbox 1524 942 1590 984; x_wconf 71' lang='lat'>12.</span> <span class='ocrx_word' id='word_1_52' title='bbox 1633 943 1801 986; x_wconf 87' lang='lat' dir='ltr'>aetatis</span> <span class='ocrx_word' id='word_1_53' title='bbox 1842 958 2008 987; x_wconf 88' lang='lat' dir='ltr'>annum</span> 
     </span>
     <span class='ocr_line' id='line_1_9' title="bbox 136 1015 2010 1071; baseline 0.001 -12"><span class='ocrx_word' id='word_1_54' title='bbox 136 1017 411 1071; x_wconf 88' lang='lat' dir='ltr'>completum</span> <span class='ocrx_word' id='word_1_55' title='bbox 446 1016 649 1059; x_wconf 74' lang='lat' dir='ltr'>validum</span> <span class='ocrx_word' id='word_1_56' title='bbox 685 1015 1029 1058; x_wconf 85' lang='lat' dir='ltr'>matrimonium</span> <span class='ocrx_word' id='word_1_57' title='bbox 1074 1016 1189 1058; x_wconf 90' lang='lat' dir='ltr'>inire</span> <span class='ocrx_word' id='word_1_58' title='bbox 1230 1015 1512 1070; x_wconf 70' lang='lat' dir='ltr'>nequeunt¹),</span> <span class='ocrx_word' id='word_1_59' title='bbox 1557 1022 1715 1071; x_wconf 87' lang='lat' dir='ltr'>postea</span> <span class='ocrx_word' id='word_1_60' title='bbox 1754 1022 1907 1061; x_wconf 88' lang='lat' dir='ltr'>autem</span> <span class='ocrx_word' id='word_1_61' title='bbox 1940 1033 2010 1061; x_wconf 74' lang='lat' dir='ltr'>va-</span> 
     </span>
     <span class='ocr_line' id='line_1_10' title="bbox 137 1089 2012 1147; baseline 0.002 -15"><span class='ocrx_word' id='word_1_62' title='bbox 137 1091 228 1132; x_wconf 81' lang='lat' dir='ltr'>lide</span> <span class='ocrx_word' id='word_1_63' title='bbox 261 1090 525 1132; x_wconf 79' lang='lat' dir='ltr'>contrahere</span> <span class='ocrx_word' id='word_1_64' title='bbox 559 1095 762 1144; x_wconf 83' lang='lat' dir='ltr'>possunt,</span> <span class='ocrx_word' id='word_1_65' title='bbox 799 1089 905 1144; x_wconf 82' lang='lat' dir='ltr'>quia</span> <span class='ocrx_word' id='word_1_66' title='bbox 938 1103 996 1132; x_wconf 71' lang='lat' dir='ltr'>ex</span> <span class='ocrx_word' id='word_1_67' title='bbox 1028 1091 1130 1132; x_wconf 79' lang='lat' dir='ltr'>z&#39;m’e</span> <span class='ocrx_word' id='word_1_68' title='bbox 1163 1090 1373 1133; x_wconf 77' lang='lat' dir='ltr'>canonico</span> <span class='ocrx_word' id='word_1_69' title='bbox 1403 1091 1485 1133; x_wconf 87' lang='lat' dir='ltr'>hac</span> <span class='ocrx_word' id='word_1_70' title='bbox 1507 1096 1660 1134; x_wconf 85' lang='lat' dir='ltr'>aetate</span> <span class='ocrx_word' id='word_1_71' title='bbox 1682 1091 1772 1134; x_wconf 91' lang='lat' dir='ltr'>iam</span> <span class='ocrx_word' id='word_1_72' title='bbox 1797 1091 2012 1147; x_wconf 83' lang='lat' dir='ltr'>pubertas</span> 
     </span>
     <span class='ocr_line' id='line_1_11' title="bbox 137 1163 2011 1218; baseline 0.002 -12"><span class='ocrx_word' id='word_1_73' title='bbox 137 1164 342 1207; x_wconf 85' lang='lat' dir='ltr'>habetur.</span> <span class='ocrx_word' id='word_1_74' title='bbox 408 1163 590 1206; x_wconf 83' lang='lat' dir='ltr'>Codices</span> <span class='ocrx_word' id='word_1_75' title='bbox 623 1168 824 1206; x_wconf 85' lang='lat' dir='ltr'>recentes</span> <span class='ocrx_word' id='word_1_76' title='bbox 858 1164 914 1206; x_wconf 87' lang='lat' dir='ltr'>ad</span> <span class='ocrx_word' id='word_1_77' title='bbox 950 1165 1127 1218; x_wconf 84' lang='lat' dir='ltr'>plenam</span> <span class='ocrx_word' id='word_1_78' title='bbox 1164 1163 1451 1218; x_wconf 85' lang='lat' dir='ltr'>pubertatem</span> <span class='ocrx_word' id='word_1_79' title='bbox 1496 1179 1664 1207; x_wconf 89' lang='lat' dir='ltr'>annum</span> <span class='ocrx_word' id='word_1_80' title='bbox 1700 1167 1768 1209; x_wconf 81' lang='lat'>18.</span> <span class='ocrx_word' id='word_1_81' title='bbox 1810 1166 1858 1209; x_wconf 90' lang='lat' dir='ltr'>in</span> <span class='ocrx_word' id='word_1_82' title='bbox 1901 1167 2011 1209; x_wconf 74' lang='lat' dir='ltr'>viris</span> 
     </span>
     <span class='ocr_line' id='line_1_12' title="bbox 134 1237 2007 1291; baseline 0.002 -10"><span class='ocrx_word' id='word_1_83' title='bbox 134 1245 182 1281; x_wconf 89' lang='lat' dir='ltr'>et</span> <span class='ocrx_word' id='word_1_84' title='bbox 216 1238 285 1281; x_wconf 80' lang='lat'>16.</span> <span class='ocrx_word' id='word_1_85' title='bbox 319 1238 367 1281; x_wconf 88' lang='lat' dir='ltr'>in</span> <span class='ocrx_word' id='word_1_86' title='bbox 399 1238 583 1281; x_wconf 79' lang='lat' dir='ltr'>feminis</span> <span class='ocrx_word' id='word_1_87' title='bbox 617 1237 834 1291; x_wconf 75' lang='lat' dir='ltr'>exigunt;</span> <span class='ocrx_word' id='word_1_88' title='bbox 871 1238 1094 1281; x_wconf 79' lang='lat' dir='ltr'>diversam</span> <span class='ocrx_word' id='word_1_89' title='bbox 1131 1245 1287 1282; x_wconf 86' lang='lat' dir='ltr'>autem</span> <span class='ocrx_word' id='word_1_90' title='bbox 1322 1239 1369 1281; x_wconf 90' lang='lat' dir='ltr'>in</span> <span class='ocrx_word' id='word_1_91' title='bbox 1393 1238 1503 1281; x_wconf 80' lang='lat' dir='ltr'>viris</span> <span class='ocrx_word' id='word_1_92' title='bbox 1537 1244 1582 1282; x_wconf 88' lang='lat' dir='ltr'>et</span> <span class='ocrx_word' id='word_1_93' title='bbox 1604 1240 1789 1283; x_wconf 79' lang='lat' dir='ltr'>feminis</span> <span class='ocrx_word' id='word_1_94' title='bbox 1812 1245 2007 1285; x_wconf 88' lang='lat' dir='ltr'>aetatem</span> 
     </span>
     <span class='ocr_line' id='line_1_13' title="bbox 135 1312 2011 1370; baseline 0.002 -15"><span class='ocrx_word' id='word_1_95' title='bbox 135 1313 289 1355; x_wconf 87' lang='lat' dir='ltr'>omnia</span> <span class='ocrx_word' id='word_1_96' title='bbox 321 1313 419 1355; x_wconf 87' lang='lat' dir='ltr'>iura</span> <span class='ocrx_word' id='word_1_97' title='bbox 454 1312 661 1367; x_wconf 79' lang='lat' dir='ltr'>exigunt,</span> <span class='ocrx_word' id='word_1_98' title='bbox 695 1313 801 1366; x_wconf 92' lang='lat' dir='ltr'>quia</span> <span class='ocrx_word' id='word_1_99' title='bbox 835 1313 1044 1367; x_wconf 87' lang='lat' dir='ltr'>potentia</span> <span class='ocrx_word' id='word_1_100' title='bbox 1076 1313 1325 1367; x_wconf 82' lang='lat' dir='ltr'>generandi</span> <span class='ocrx_word' id='word_1_101' title='bbox 1359 1313 1405 1355; x_wconf 89' lang='lat' dir='ltr'>in</span> <span class='ocrx_word' id='word_1_102' title='bbox 1438 1313 1623 1356; x_wconf 78' lang='lat' dir='ltr'>feminis</span> <span class='ocrx_word' id='word_1_103' title='bbox 1654 1314 1790 1357; x_wconf 77' lang='lat' dir='ltr'>citius</span> <span class='ocrx_word' id='word_1_104' title='bbox 1814 1315 2011 1370; x_wconf 86' lang='lat' dir='ltr'>incipere</span> 
     </span>
     <span class='ocr_line' id='line_1_14' title="bbox 135 1386 774 1440; baseline 0 -12"><span class='ocrx_word' id='word_1_105' title='bbox 135 1387 265 1440; x_wconf 86' lang='lat' dir='ltr'>solet,</span> <span class='ocrx_word' id='word_1_106' title='bbox 300 1400 433 1440; x_wconf 90' lang='lat' dir='ltr'>quam</span> <span class='ocrx_word' id='word_1_107' title='bbox 468 1387 515 1428; x_wconf 89' lang='lat' dir='ltr'>in</span> <span class='ocrx_word' id='word_1_108' title='bbox 549 1386 774 1429; x_wconf 88' lang='lat' dir='ltr'>masculis.</span> 
     </span>
    </p>

    <p class='ocr_par' dir='ltr' id='par_1_6' title="bbox 132 1467 2011 1969">
     <span class='ocr_line' id='line_1_15' title="bbox 287 1467 2009 1526; baseline 0.003 -17"><span class='ocrx_word' id='word_1_109' title='bbox 287 1469 322 1509; x_wconf 75' lang='lat' dir='ltr'>h.</span> <span class='ocrx_word' id='word_1_110' title='bbox 358 1469 427 1510; x_wconf 88' lang='lat' dir='ltr'>Ex</span> <span class='ocrx_word' id='word_1_111' title='bbox 461 1468 630 1523; x_wconf 79' lang='lat' dir='ltr'>duplici</span> <span class='ocrx_word' id='word_1_112' title='bbox 664 1469 841 1510; x_wconf 87' lang='lat' dir='ltr'>ratione</span> <span class='ocrx_word' id='word_1_113' title='bbox 876 1467 1018 1510; x_wconf 81' lang='lat' dir='ltr'>maior</span> <span class='ocrx_word' id='word_1_114' title='bbox 1060 1474 1188 1510; x_wconf 87' lang='lat' dir='ltr'>aetas</span> <span class='ocrx_word' id='word_1_115' title='bbox 1228 1469 1285 1511; x_wconf 84' lang='lat' dir='ltr'>ad</span> <span class='ocrx_word' id='word_1_116' title='bbox 1319 1469 1517 1512; x_wconf 77' lang='lat' dir='ltr'>valorem</span> <span class='ocrx_word' id='word_1_117' title='bbox 1560 1471 1842 1514; x_wconf 84' lang='lat' dir='ltr'>matrimonii</span> <span class='ocrx_word' id='word_1_118' title='bbox 1877 1485 2009 1526; x_wconf 86' lang='lat' dir='ltr'>quam</span> 
     </span>
     <span class='ocr_line' id='line_1_16' title="bbox 135 1542 2010 1598; baseline 0.002 -12"><span class='ocrx_word' id='word_1_119' title='bbox 135 1543 417 1598; x_wconf 84' lang='lat' dir='ltr'>sponsalium</span> <span class='ocrx_word' id='word_1_120' title='bbox 452 1542 714 1596; x_wconf 85' lang='lat' dir='ltr'>requiritur,</span> <span class='ocrx_word' id='word_1_121' title='bbox 749 1542 854 1596; x_wconf 91' lang='lat' dir='ltr'>quia</span> <span class='ocrx_word' id='word_1_122' title='bbox 888 1542 1233 1584; x_wconf 85' lang='lat' dir='ltr'>matrimonium</span> <span class='ocrx_word' id='word_1_123' title='bbox 1269 1548 1366 1585; x_wconf 90' lang='lat' dir='ltr'>tum</span> <span class='ocrx_word' id='word_1_124' title='bbox 1402 1543 1617 1586; x_wconf 87' lang='lat' dir='ltr'>maiorem</span> <span class='ocrx_word' id='word_1_125' title='bbox 1644 1544 1801 1588; x_wconf 90' lang='lat' dir='ltr'>iudicii</span> <span class='ocrx_word' id='word_1_126' title='bbox 1827 1547 2010 1589; x_wconf 89' lang='lat' dir='ltr'>maturi-</span> 
     </span>
     <span class='ocr_line' id='line_1_17' title="bbox 134 1616 2009 1675; baseline 0.002 -16"><span class='ocrx_word' id='word_1_127' title='bbox 134 1622 281 1660; x_wconf 83' lang='lat' dir='ltr'>tatem</span> <span class='ocrx_word' id='word_1_128' title='bbox 316 1624 414 1658; x_wconf 90' lang='lat' dir='ltr'>tum</span> <span class='ocrx_word' id='word_1_129' title='bbox 453 1616 591 1659; x_wconf 89' lang='lat' dir='ltr'>etiam</span> <span class='ocrx_word' id='word_1_130' title='bbox 627 1616 881 1670; x_wconf 88' lang='lat' dir='ltr'>potentiam</span> <span class='ocrx_word' id='word_1_131' title='bbox 917 1616 1163 1670; x_wconf 76' lang='lat' dir='ltr'>generandi</span> <span class='ocrx_word' id='word_1_132' title='bbox 1198 1617 1417 1671; x_wconf 85' lang='lat' dir='ltr'>postulat.</span> <span class='ocrx_word' id='word_1_133' title='bbox 1472 1617 1569 1660; x_wconf 89' lang='lat' dir='ltr'>Iure</span> <span class='ocrx_word' id='word_1_134' title='bbox 1604 1624 1796 1663; x_wconf 89' lang='lat' dir='ltr'>naturae</span> <span class='ocrx_word' id='word_1_135' title='bbox 1830 1620 2009 1675; x_wconf 87' lang='lat' dir='ltr'>quidem</span> 
     </span>
     <span class='ocr_line' id='line_1_18' title="bbox 132 1691 2010 1748; baseline 0.003 -15"><span class='ocrx_word' id='word_1_136' title='bbox 132 1691 192 1733; x_wconf 87' lang='lat' dir='ltr'>ad</span> <span class='ocrx_word' id='word_1_137' title='bbox 227 1691 430 1734; x_wconf 80' lang='lat' dir='ltr'>validum</span> <span class='ocrx_word' id='word_1_138' title='bbox 467 1691 810 1734; x_wconf 87' lang='lat' dir='ltr'>matrimonium</span> <span class='ocrx_word' id='word_1_139' title='bbox 835 1691 1083 1734; x_wconf 88' lang='lat' dir='ltr'>ineundum</span> <span class='ocrx_word' id='word_1_140' title='bbox 1109 1691 1284 1734; x_wconf 81' lang='lat' dir='ltr'>sufficit</span> <span class='ocrx_word' id='word_1_141' title='bbox 1309 1693 1516 1746; x_wconf 85' lang='lat' dir='ltr'>potentia</span> <span class='ocrx_word' id='word_1_142' title='bbox 1539 1694 1786 1748; x_wconf 82' lang='lat' dir='ltr'>generandi</span> <span class='ocrx_word' id='word_1_143' title='bbox 1811 1700 2010 1739; x_wconf 83' lang='lat' dir='ltr'>remota:</span> 
     </span>
     <span class='ocr_line' id='line_1_19' title="bbox 135 1765 2011 1822; baseline 0.003 -15"><span class='ocrx_word' id='word_1_144' title='bbox 135 1765 233 1808; x_wconf 90' lang='lat' dir='ltr'>iure</span> <span class='ocrx_word' id='word_1_145' title='bbox 266 1765 568 1808; x_wconf 83' lang='lat' dir='ltr'>ecclesiastico</span> <span class='ocrx_word' id='word_1_146' title='bbox 602 1771 754 1808; x_wconf 90' lang='lat' dir='ltr'>autem</span> <span class='ocrx_word' id='word_1_147' title='bbox 790 1765 998 1820; x_wconf 87' lang='lat' dir='ltr'>potentia</span> <span class='ocrx_word' id='word_1_148' title='bbox 1032 1766 1238 1820; x_wconf 80' lang='lat' dir='ltr'>proxima</span> <span class='ocrx_word' id='word_1_149' title='bbox 1270 1766 1541 1820; x_wconf 87' lang='lat' dir='ltr'>requiritur:</span> <span class='ocrx_word' id='word_1_150' title='bbox 1585 1769 1703 1822; x_wconf 84' lang='lat' dir='ltr'>quod</span> <span class='ocrx_word' id='word_1_151' title='bbox 1737 1777 1890 1812; x_wconf 89' lang='lat' dir='ltr'>tamen</span> <span class='ocrx_word' id='word_1_152' title='bbox 1923 1784 2011 1812; x_wconf 85' lang='lat' dir='ltr'>non</span> 
     </span>
     <span class='ocr_line' id='line_1_20' title="bbox 133 1839 2011 1897; baseline 0.003 -16"><span class='ocrx_word' id='word_1_153' title='bbox 133 1839 203 1882; x_wconf 89' lang='lat' dir='ltr'>ita</span> <span class='ocrx_word' id='word_1_154' title='bbox 235 1839 588 1894; x_wconf 82' lang='lat' dir='ltr'>intelligendum</span> <span class='ocrx_word' id='word_1_155' title='bbox 622 1846 704 1894; x_wconf 86' lang='lat' dir='ltr'>est,</span> <span class='ocrx_word' id='word_1_156' title='bbox 739 1840 856 1893; x_wconf 87' lang='lat' dir='ltr'>quod</span> <span class='ocrx_word' id='word_1_157' title='bbox 893 1840 1235 1883; x_wconf 83' lang='lat' dir='ltr'>matrimonium</span> <span class='ocrx_word' id='word_1_158' title='bbox 1269 1841 1390 1883; x_wconf 85' lang='lat' dir='ltr'>inter</span> <span class='ocrx_word' id='word_1_159' title='bbox 1415 1841 1613 1896; x_wconf 70' lang='lat' dir='ltr'>puberes</span> <span class='ocrx_word' id='word_1_160' title='bbox 1646 1842 1900 1886; x_wconf 81' lang='lat' dir='ltr'>invalidum</span> <span class='ocrx_word' id='word_1_161' title='bbox 1936 1844 2011 1897; x_wconf 84' lang='lat' dir='ltr'>sit,</span> 
     </span>
     <span class='ocr_line' id='line_1_21' title="bbox 133 1914 1531 1969; baseline 0.001 -13"><span class='ocrx_word' id='word_1_162' title='bbox 133 1914 173 1957; x_wconf 87' lang='lat' dir='ltr'>si</span> <span class='ocrx_word' id='word_1_163' title='bbox 206 1914 405 1956; x_wconf 90' lang='lat' dir='ltr'>nondum</span> <span class='ocrx_word' id='word_1_164' title='bbox 441 1914 643 1968; x_wconf 79' lang='lat' dir='ltr'>proxime</span> <span class='ocrx_word' id='word_1_165' title='bbox 676 1915 733 1957; x_wconf 86' lang='lat' dir='ltr'>ad</span> <span class='ocrx_word' id='word_1_166' title='bbox 767 1915 1074 1969; x_wconf 80' lang='lat' dir='ltr'>generandum</span> <span class='ocrx_word' id='word_1_167' title='bbox 1110 1914 1282 1957; x_wconf 86' lang='lat' dir='ltr'>habiles</span> <span class='ocrx_word' id='word_1_168' title='bbox 1315 1915 1531 1959; x_wconf 73' lang='lat' dir='ltr'>existant.</span> 
     </span>
    </p>
   </div>
   <div class='ocr_carea' id='block_1_6' title="bbox 134 1996 2012 2424">
    <p class='ocr_par' dir='ltr' id='par_1_7' title="bbox 134 1996 2012 2424">
     <span class='ocr_line' id='line_1_22' title="bbox 286 1996 2008 2052; baseline 0.001 -13"><span class='ocrx_word' id='word_1_169' title='bbox 286 2012 320 2040; x_wconf 83' lang='lat' dir='ltr'>c.</span> <span class='ocrx_word' id='word_1_170' title='bbox 356 1996 441 2049; x_wconf 83' lang='lat' dir='ltr'>Qui</span> <span class='ocrx_word' id='word_1_171' title='bbox 476 1997 630 2051; x_wconf 82' lang='lat' dir='ltr'>adepti</span> <span class='ocrx_word' id='word_1_172' title='bbox 655 2004 761 2039; x_wconf 89' lang='lat' dir='ltr'>sunt</span> <span class='ocrx_word' id='word_1_173' title='bbox 786 2011 925 2039; x_wconf 89' lang='lat' dir='ltr'>annos</span> <span class='ocrx_word' id='word_1_174' title='bbox 950 1996 1222 2051; x_wconf 76' lang='lat' dir='ltr'>pubertatis,</span> <span class='ocrx_word' id='word_1_175' title='bbox 1255 1997 1453 2040; x_wconf 89' lang='lat' dir='ltr'>nondum</span> <span class='ocrx_word' id='word_1_176' title='bbox 1479 1998 1645 2052; x_wconf 86' lang='lat' dir='ltr'>ubique</span> <span class='ocrx_word' id='word_1_177' title='bbox 1668 1998 2008 2042; x_wconf 86' lang='lat' dir='ltr'>matrimonium</span> 
     </span>
     <span class='ocr_line' id='line_1_23' title="bbox 134 2071 2012 2127; baseline 0.002 -14"><span class='ocrx_word' id='word_1_178' title='bbox 134 2071 256 2114; x_wconf 74' lang='lat' dir='ltr'>licile</span> <span class='ocrx_word' id='word_1_179' title='bbox 302 2071 417 2114; x_wconf 89' lang='lat' dir='ltr'>inire</span> <span class='ocrx_word' id='word_1_180' title='bbox 461 2078 664 2126; x_wconf 87' lang='lat' dir='ltr'>possunt.</span> <span class='ocrx_word' id='word_1_181' title='bbox 730 2072 912 2114; x_wconf 86' lang='lat' dir='ltr'>Etenim</span> <span class='ocrx_word' id='word_1_182' title='bbox 962 2085 1051 2114; x_wconf 91' lang='lat' dir='ltr'>non</span> <span class='ocrx_word' id='word_1_183' title='bbox 1099 2071 1145 2114; x_wconf 89' lang='lat' dir='ltr'>in</span> <span class='ocrx_word' id='word_1_184' title='bbox 1191 2071 1397 2114; x_wconf 88' lang='lat' dir='ltr'>omnibus</span> <span class='ocrx_word' id='word_1_185' title='bbox 1431 2072 1691 2127; x_wconf 79' lang='lat' dir='ltr'>regionibus</span> <span class='ocrx_word' id='word_1_186' title='bbox 1724 2086 1822 2115; x_wconf 89' lang='lat' dir='ltr'>cum</span> <span class='ocrx_word' id='word_1_187' title='bbox 1858 2073 2012 2127; x_wconf 89' lang='lat' dir='ltr'>puber-</span> 
     </span>
     <span class='ocr_line' id='line_1_24' title="bbox 135 2145 2010 2202; baseline 0.001 -14"><span class='ocrx_word' id='word_1_188' title='bbox 135 2151 234 2192; x_wconf 86' lang='lat' dir='ltr'>tate</span> <span class='ocrx_word' id='word_1_189' title='bbox 266 2145 433 2200; x_wconf 86' lang='lat' dir='ltr'>incipit</span> <span class='ocrx_word' id='word_1_190' title='bbox 468 2151 671 2200; x_wconf 80' lang='lat' dir='ltr'>potestas</span> <span class='ocrx_word' id='word_1_191' title='bbox 705 2146 950 2201; x_wconf 80' lang='lat' dir='ltr'>generandi</span> <span class='ocrx_word' id='word_1_192' title='bbox 971 2159 978 2187; x_wconf 89' lang='lat'><strong>:</strong></span> <span class='ocrx_word' id='word_1_193' title='bbox 1014 2146 1089 2188; x_wconf 89' lang='lat' dir='ltr'>sed</span> <span class='ocrx_word' id='word_1_194' title='bbox 1113 2153 1357 2200; x_wconf 84' lang='lat' dir='ltr'>antequam</span> <span class='ocrx_word' id='word_1_195' title='bbox 1382 2147 1504 2189; x_wconf 82' lang='lat' dir='ltr'>adsit</span> <span class='ocrx_word' id='word_1_196' title='bbox 1528 2147 1742 2202; x_wconf 88' lang='lat' dir='ltr'>aptitudo</span> <span class='ocrx_word' id='word_1_197' title='bbox 1765 2148 2010 2202; x_wconf 81' lang='lat' dir='ltr'>generandi</span> 
     </span>
     <span class='ocr_line' id='line_1_25' title="bbox 136 2220 2010 2275; baseline 0.001 -13"><span class='ocrx_word' id='word_1_198' title='bbox 136 2233 214 2275; x_wconf 88' lang='lat' dir='ltr'>per</span> <span class='ocrx_word' id='word_1_199' title='bbox 248 2233 292 2262; x_wconf 90' lang='lat' dir='ltr'>se</span> <span class='ocrx_word' id='word_1_200' title='bbox 325 2234 413 2262; x_wconf 88' lang='lat' dir='ltr'>non</span> <span class='ocrx_word' id='word_1_201' title='bbox 447 2221 552 2263; x_wconf 86' lang='lat' dir='ltr'>licet</span> <span class='ocrx_word' id='word_1_202' title='bbox 586 2220 700 2263; x_wconf 87' lang='lat' dir='ltr'>inire</span> <span class='ocrx_word' id='word_1_203' title='bbox 734 2220 1091 2262; x_wconf 87' lang='lat' dir='ltr'>matrimonium.</span> <span class='ocrx_word' id='word_1_204' title='bbox 1144 2220 1262 2273; x_wconf 80' lang='lat' dir='ltr'>Quin</span> <span class='ocrx_word' id='word_1_205' title='bbox 1294 2221 1433 2263; x_wconf 85' lang='lat' dir='ltr'>etiam</span> <span class='ocrx_word' id='word_1_206' title='bbox 1468 2221 1633 2275; x_wconf 89' lang='lat' dir='ltr'>ubique</span> <span class='ocrx_word' id='word_1_207' title='bbox 1657 2221 2010 2264; x_wconf 81' lang='lat' dir='ltr'>dissuadendum</span> 
     </span>
     <span class='ocr_line' id='line_1_26' title="bbox 135 2295 2011 2349; baseline 0.001 -12"><span class='ocrx_word' id='word_1_208' title='bbox 135 2300 221 2349; x_wconf 85' lang='lat' dir='ltr'>est,</span> <span class='ocrx_word' id='word_1_209' title='bbox 260 2304 311 2337; x_wconf 83' lang='lat' dir='ltr'>ut</span> <span class='ocrx_word' id='word_1_210' title='bbox 347 2300 499 2338; x_wconf 85' lang='lat' dir='ltr'>aetate</span> <span class='ocrx_word' id='word_1_211' title='bbox 533 2301 626 2337; x_wconf 89' lang='lat' dir='ltr'>tam</span> <span class='ocrx_word' id='word_1_212' title='bbox 662 2300 816 2338; x_wconf 88' lang='lat' dir='ltr'>tenera</span> <span class='ocrx_word' id='word_1_213' title='bbox 851 2295 1149 2338; x_wconf 87' lang='lat' dir='ltr'>contrahatur</span> <span class='ocrx_word' id='word_1_214' title='bbox 1182 2295 1541 2349; x_wconf 88' lang='lat' dir='ltr'>matrimonium,</span> <span class='ocrx_word' id='word_1_215' title='bbox 1575 2295 1782 2349; x_wconf 76' lang='lat' dir='ltr'>quamvis</span> <span class='ocrx_word' id='word_1_216' title='bbox 1815 2295 1905 2338; x_wconf 83' lang='lat' dir='ltr'>iam</span> <span class='ocrx_word' id='word_1_217' title='bbox 1940 2297 2011 2339; x_wconf 84' lang='lat' dir='ltr'>ad-</span> 
     </span>
     <span class='ocr_line' id='line_1_27' title="bbox 136 2370 730 2424; baseline 0.002 -13"><span class='ocrx_word' id='word_1_218' title='bbox 136 2370 198 2411; x_wconf 87' lang='lat' dir='ltr'>sit</span> <span class='ocrx_word' id='word_1_219' title='bbox 231 2370 438 2423; x_wconf 87' lang='lat' dir='ltr'>potentia</span> <span class='ocrx_word' id='word_1_220' title='bbox 471 2370 730 2424; x_wconf 73' lang='lat' dir='ltr'>generandi.</span> 
     </span>
    </p>
   </div>
   <div class='ocr_carea' id='block_1_7' title="bbox 134 2520 2011 2769">
    <p class='ocr_par' dir='ltr' id='par_1_8' title="bbox 134 2520 2011 2769">
     <span class='ocr_line' id='line_1_28' title="bbox 286 2520 2011 2588; baseline 0.003 -19"><span class='ocrx_word' id='word_1_221' title='bbox 286 2520 333 2570; x_wconf 73' lang='grc'>2.</span> <span class='ocrx_word' id='word_1_222' title='bbox 381 2521 502 2571; x_wconf 88' lang='lat' dir='ltr'>Hoc</span> <span class='ocrx_word' id='word_1_223' title='bbox 531 2520 989 2588; x_wconf 85' lang='lat' dir='ltr'>impedimentum</span> <span class='ocrx_word' id='word_1_224' title='bbox 1021 2522 1433 2571; x_wconf 89' lang='lat' dir='ltr'>matrimonium</span> <span class='ocrx_word' id='word_1_225' title='bbox 1477 2522 1685 2572; x_wconf 89' lang='lat' dir='ltr'>dirimit</span> <span class='ocrx_word' id='word_1_226' title='bbox 1718 2523 1831 2573; x_wconf 77' lang='lat' dir='ltr'>iure</span> <span class='ocrx_word' id='word_1_227' title='bbox 1862 2523 2011 2574; x_wconf 79' lang='lat' dir='ltr'>eccle-</span> 
     </span>
     <span class='ocr_line' id='line_1_29' title="bbox 134 2608 2011 2678; baseline 0.002 -20"><span class='ocrx_word' id='word_1_228' title='bbox 134 2610 367 2673; x_wconf 71' lang='lat' dir='ltr'>siastice,</span> <span class='ocrx_word' id='word_1_229' title='bbox 425 2608 570 2678; x_wconf 91' lang='lat' dir='ltr'>quod</span> <span class='ocrx_word' id='word_1_230' title='bbox 613 2627 785 2660; x_wconf 88' lang='lat' dir='ltr'>annos</span> <span class='ocrx_word' id='word_1_231' title='bbox 840 2608 1144 2678; x_wconf 88' lang='lat' dir='ltr'>pubertatis</span> <span class='ocrx_word' id='word_1_232' title='bbox 1196 2609 1266 2660; x_wconf 89' lang='lat' dir='ltr'>ad</span> <span class='ocrx_word' id='word_1_233' title='bbox 1308 2609 1556 2661; x_wconf 86' lang='lat' dir='ltr'>validum</span> <span class='ocrx_word' id='word_1_234' title='bbox 1600 2612 2011 2662; x_wconf 83' lang='lat' dir='ltr'>matrimonium</span> 
     </span>
     <span class='ocr_line' id='line_1_30' title="bbox 138 2697 1720 2769; baseline 0.002 -21"><span class='ocrx_word' id='word_1_235' title='bbox 138 2716 394 2767; x_wconf 80' lang='lat' dir='ltr'>expresse</span> <span class='ocrx_word' id='word_1_236' title='bbox 436 2699 680 2767; x_wconf 85' lang='lat' dir='ltr'>requirit.</span> <span class='ocrx_word' id='word_1_237' title='bbox 725 2699 829 2749; x_wconf 88' lang='lat' dir='ltr'>nisi</span> <span class='ocrx_word' id='word_1_238' title='bbox 873 2697 1082 2749; x_wconf 86' lang='lat' dir='ltr'>malitia</span> <span class='ocrx_word' id='word_1_239' title='bbox 1125 2698 1377 2768; x_wconf 88' lang='lat' dir='ltr'>suppleat</span> <span class='ocrx_word' id='word_1_240' title='bbox 1417 2700 1720 2769; x_wconf 78' lang='lat' dir='ltr'>aetatem2).</span> 
     </span>
    </p>
   </div>
   <div class='ocr_carea' id='block_1_8' title="bbox 290 2802 317 2822">
    <p class='ocr_par' dir='ltr' id='par_1_9' title="bbox 290 2802 317 2822">
     <span class='ocr_line' id='line_1_31' title="bbox 290 2802 317 2822; baseline 0 -5"><span class='ocrx_word' id='word_1_241' title='bbox 290 2802 317 2822; x_wconf 72' lang='lat' dir='ltr'>c)</span> 
     </span>
    </p>
   </div>
   <div class='ocr_carea' id='block_1_9' title="bbox 134 2801 2013 3230">
    <p class='ocr_par' dir='ltr' id='par_1_10' title="bbox 134 2801 2013 3230">
     <span class='ocr_line' id='line_1_32' title="bbox 287 2801 2010 2871; baseline 0.002 -18"><span class='ocrx_word' id='word_1_242' title='bbox 287 2823 338 2853; x_wconf 74' lang='grc' dir='ltr'>ε).</span> <span class='ocrx_word' id='word_1_243' title='bbox 404 2801 548 2866; x_wconf 79' lang='lat' dir='ltr'>Quia</span> <span class='ocrx_word' id='word_1_244' title='bbox 609 2801 712 2853; x_wconf 87' lang='lat' dir='ltr'>hoc</span> <span class='ocrx_word' id='word_1_245' title='bbox 772 2802 1232 2871; x_wconf 88' lang='lat' dir='ltr'>impedimentum</span> <span class='ocrx_word' id='word_1_246' title='bbox 1300 2812 1378 2853; x_wconf 84' lang='lat' dir='ltr'>est</span> <span class='ocrx_word' id='word_1_247' title='bbox 1439 2804 1572 2853; x_wconf 86' lang='lat' dir='ltr'>iuris</span> <span class='ocrx_word' id='word_1_248' title='bbox 1633 2803 2010 2870; x_wconf 74' lang='lat' dir='ltr'>ecclesiastici,</span> 
     </span>
     <span class='ocr_line' id='line_1_33' title="bbox 134 2891 2013 2962; baseline 0.002 -21"><span class='ocrx_word' id='word_1_249' title='bbox 134 2909 386 2942; x_wconf 87' lang='lat' dir='ltr'>summus</span> <span class='ocrx_word' id='word_1_250' title='bbox 428 2891 678 2960; x_wconf 81' lang='lat' dir='ltr'>pontifex</span> <span class='ocrx_word' id='word_1_251' title='bbox 718 2910 815 2960; x_wconf 88' lang='lat' dir='ltr'>per</span> <span class='ocrx_word' id='word_1_252' title='bbox 856 2911 911 2943; x_wconf 89' lang='lat' dir='ltr'>se</span> <span class='ocrx_word' id='word_1_253' title='bbox 953 2894 1006 2943; x_wconf 91' lang='lat' dir='ltr'>in</span> <span class='ocrx_word' id='word_1_254' title='bbox 1058 2911 1120 2944; x_wconf 90' lang='lat' dir='ltr'>eo</span> <span class='ocrx_word' id='word_1_255' title='bbox 1165 2893 1482 2962; x_wconf 89' lang='lat' dir='ltr'>dispensare</span> <span class='ocrx_word' id='word_1_256' title='bbox 1524 2901 1702 2962; x_wconf 87' lang='lat' dir='ltr'>potest</span> <span class='ocrx_word' id='word_1_257' title='bbox 1742 2904 1794 2944; x_wconf 90' lang='lat' dir='ltr'>et</span> <span class='ocrx_word' id='word_1_258' title='bbox 1833 2894 2013 2962; x_wconf 89' lang='lat' dir='ltr'>reipsa</span> 
     </span>
     <span class='ocr_line' id='line_1_34' title="bbox 138 2981 2011 3052; baseline 0.003 -23"><span class='ocrx_word' id='word_1_259' title='bbox 138 2999 207 3030; x_wconf 86' lang='lat' dir='ltr'>ex</span> <span class='ocrx_word' id='word_1_260' title='bbox 247 2981 575 3047; x_wconf 78' lang='lat' dir='ltr'>gravissima</span> <span class='ocrx_word' id='word_1_261' title='bbox 631 2999 796 3032; x_wconf 88' lang='lat' dir='ltr'>causa</span> <span class='ocrx_word' id='word_1_262' title='bbox 853 2983 1184 3052; x_wconf 88' lang='lat' dir='ltr'>quandoque</span> <span class='ocrx_word' id='word_1_263' title='bbox 1228 2984 1598 3052; x_wconf 83' lang='lat' dir='ltr'>dispensavit3</span> <span class='ocrx_word' id='word_1_264' title='bbox 1658 2985 1786 3052; x_wconf 88' lang='lat' dir='ltr'>quia</span> <span class='ocrx_word' id='word_1_265' title='bbox 1826 2993 2011 3035; x_wconf 89' lang='lat' dir='ltr'>tamen</span> 
     </span>
     <span class='ocr_line' id='line_1_35' title="bbox 140 3069 2012 3142; baseline 0.002 -22"><span class='ocrx_word' id='word_1_266' title='bbox 140 3069 476 3138; x_wconf 86' lang='lat' dir='ltr'>dispensatio</span> <span class='ocrx_word' id='word_1_267' title='bbox 519 3072 795 3121; x_wconf 90' lang='lat' dir='ltr'>rarissime</span> <span class='ocrx_word' id='word_1_268' title='bbox 838 3073 1175 3139; x_wconf 84' lang='lat' dir='ltr'>conceditur,</span> <span class='ocrx_word' id='word_1_269' title='bbox 1221 3073 1323 3123; x_wconf 89' lang='lat' dir='ltr'>hoc</span> <span class='ocrx_word' id='word_1_270' title='bbox 1365 3073 1823 3142; x_wconf 90' lang='lat' dir='ltr'>impedimentum</span> <span class='ocrx_word' id='word_1_271' title='bbox 1870 3076 2012 3123; x_wconf 90' lang='lat' dir='ltr'>inter</span> 
     </span>
     <span class='ocr_line' id='line_1_36' title="bbox 138 3159 1599 3230; baseline 0.005 -21"><span class='ocrx_word' id='word_1_272' title='bbox 138 3177 202 3208; x_wconf 88' lang='lat' dir='ltr'>ea</span> <span class='ocrx_word' id='word_1_273' title='bbox 243 3166 579 3224; x_wconf 82' lang='lat' dir='ltr'>numeratur,</span> <span class='ocrx_word' id='word_1_274' title='bbox 622 3160 677 3210; x_wconf 89' lang='lat' dir='ltr'>in</span> <span class='ocrx_word' id='word_1_275' title='bbox 721 3159 921 3229; x_wconf 91' lang='lat' dir='ltr'>quibus</span> <span class='ocrx_word' id='word_1_276' title='bbox 963 3161 1269 3230; x_wconf 72' lang='lat' dir='ltr'>dispensari</span> <span class='ocrx_word' id='word_1_277' title='bbox 1308 3181 1412 3213; x_wconf 75' lang='lat' dir='ltr'>non</span> <span class='ocrx_word' id='word_1_278' title='bbox 1455 3162 1599 3216; x_wconf 77' lang='lat' dir='ltr'>solet.</span> 
     </span>
    </p>
   </div>
   <div class='ocr_carea' id='block_1_10' title="bbox 285 3288 404 3290">
    <p class='ocr_par' dir='ltr' id='par_1_11' title="bbox 285 3288 404 3290">
     <span class='ocr_line' id='line_1_37' title="bbox 285 3288 404 3290; baseline 0 0"><span class='ocrx_word' id='word_1_279' title='bbox 285 3288 404 3290; x_wconf 95' lang='lat' dir='ltr'> </span> 
     </span>
    </p>
   </div>
   <div class='ocr_carea' id='block_1_11' title="bbox 134 3351 2011 3556">
    <p class='ocr_par' dir='ltr' id='par_1_12' title="bbox 134 3351 2011 3556">
     <span class='ocr_line' id='line_1_38' title="bbox 295 3351 1571 3412; baseline 0.004 -18"><span class='ocrx_word' id='word_1_280' title='bbox 295 3351 323 3403; x_wconf 85' lang='lat'>¹)</span> <span class='ocrx_word' id='word_1_281' title='bbox 359 3351 403 3394; x_wconf 85' lang='lat' dir='ltr'>C.</span> <span class='ocrx_word' id='word_1_282' title='bbox 439 3352 526 3395; x_wconf 78' lang='lat' dir='ltr'>Ubi</span> <span class='ocrx_word' id='word_1_283' title='bbox 559 3366 648 3396; x_wconf 87' lang='lat' dir='ltr'>non</span> <span class='ocrx_word' id='word_1_284' title='bbox 681 3358 749 3396; x_wconf 90' lang='lat' dir='ltr'>est</span> <span class='ocrx_word' id='word_1_285' title='bbox 784 3354 809 3395; x_wconf 73' lang='lat'><strong>2</strong></span> <span class='ocrx_word' id='word_1_286' title='bbox 843 3354 915 3396; x_wconf 80' lang='lat' dir='ltr'>De</span> <span class='ocrx_word' id='word_1_287' title='bbox 948 3355 1152 3411; x_wconf 71' lang='lat' dir='ltr'>despons.</span> <span class='ocrx_word' id='word_1_288' title='bbox 1187 3357 1347 3412; x_wconf 79' lang='lat' dir='ltr'>impub.</span> <span class='ocrx_word' id='word_1_289' title='bbox 1382 3357 1477 3410; x_wconf 62' lang='lat' dir='ltr'>(IV.</span> <span class='ocrx_word' id='word_1_290' title='bbox 1511 3357 1571 3405; x_wconf 67' lang='lat'>21.</span> 
     </span>
     <span class='ocr_line' id='line_1_39' title="bbox 290 3424 2011 3485; baseline 0.002 -17"><span class='ocrx_word' id='word_1_291' title='bbox 290 3424 426 3483; x_wconf 38' lang='lat' dir='ltr'>2)·Ex</span> <span class='ocrx_word' id='word_1_292' title='bbox 459 3426 664 3480; x_wconf 85' lang='lat' dir='ltr'>pluribus</span> <span class='ocrx_word' id='word_1_293' title='bbox 703 3427 813 3470; x_wconf 84' lang='lat' dir='ltr'>loeis</span> <span class='ocrx_word' id='word_1_294' title='bbox 855 3427 967 3471; x_wconf 88' lang='lat' dir='ltr'>iuris</span> <span class='ocrx_word' id='word_1_295' title='bbox 1008 3430 1210 3473; x_wconf 88' lang='lat' dir='ltr'>canonici</span> <span class='ocrx_word' id='word_1_296' title='bbox 1251 3443 1287 3473; x_wconf 90' lang='lat' dir='ltr'>e.</span> <span class='ocrx_word' id='word_1_297' title='bbox 1329 3444 1371 3485; x_wconf 80' lang='lat' dir='ltr'>g.</span> <span class='ocrx_word' id='word_1_298' title='bbox 1419 3445 1478 3473; x_wconf 85' lang='lat' dir='ltr'>cc.</span> <span class='ocrx_word' id='word_1_299' title='bbox 1522 3431 1562 3472; x_wconf 67' lang='grc' dir='ltr'>ἰ).</span> <span class='ocrx_word' id='word_1_300' title='bbox 1604 3430 1642 3472; x_wconf 84' lang='grc'>6.</span> <span class='ocrx_word' id='word_1_301' title='bbox 1688 3430 1726 3471; x_wconf 76' lang='lat'>7.</span> <span class='ocrx_word' id='word_1_302' title='bbox 1761 3430 1800 3471; x_wconf 81' lang='lat'>9.</span> <span class='ocrx_word' id='word_1_303' title='bbox 1838 3430 1905 3472; x_wconf 87' lang='lat'>10.</span> <span class='ocrx_word' id='word_1_304' title='bbox 1942 3429 2011 3472; x_wconf 74' lang='lat'>14.</span> 
     </span>
     <span class='ocr_line' id='line_1_40' title="bbox 134 3499 870 3556; baseline 0.003 -15"><span class='ocrx_word' id='word_1_305' title='bbox 134 3500 210 3542; x_wconf 83' lang='lat' dir='ltr'>De</span> <span class='ocrx_word' id='word_1_306' title='bbox 244 3499 447 3555; x_wconf 69' lang='lat' dir='ltr'>(lespons.</span> <span class='ocrx_word' id='word_1_307' title='bbox 481 3501 640 3556; x_wconf 74' lang='lat' dir='ltr'>impul).</span> <span class='ocrx_word' id='word_1_308' title='bbox 677 3501 773 3554; x_wconf 79' lang='lat' dir='ltr'>(IV.</span> <span class='ocrx_word' id='word_1_309' title='bbox 808 3501 870 3555; x_wconf 70' lang='grc' dir='ltr'>ς2).</span> 
     </span>
    </p>
   </div>
   <div class='ocr_carea' id='block_1_12' title="bbox 1776 3579 1829 3620">
    <p class='ocr_par' dir='ltr' id='par_1_13' title="bbox 1776 3579 1829 3620">
     <span class='ocr_line' id='line_1_41' title="bbox 1776 3579 1829 3620; baseline 0 -6"><span class='ocrx_word' id='word_1_310' title='bbox 1776 3579 1829 3620; x_wconf 72' lang='grc'><strong>13*</strong></span> 
     </span>
    </p>
   </div>
  </div>
 </body>
</html>
