2269 3898
249 106 334 148 172
978 97 1062 140 ΠΙ.
1096 96 1164 139 De
1195 95 1389 150 legibus.

397 238 523 293 150.
578 236 662 289 De
719 233 916 287 causis
975 247 1007 284 a
1062 231 1194 298 lege
1253 229 1707 283 excusantibus.
1802 226 2007 280 Causae
2060 226 2132 279 ab

249 329 635 381 observatione
678 324 813 392 legis
848 330 1160 373 excusantes
1202 329 1331 372 sunt
1369 321 1686 387 ignorantia
1725 327 1778 369 et
1806 319 1881 368 im
1926 325 2049 369 oten
2083 318 2134 368 'a

249 428 364 471 tum
407 416 636 486 physica
677 421 792 464 tum
836 410 1076 464 moralis,
1126 410 1509 478 Ignorantiam
1540 407 1926 460 invincibilem
1957 415 2010 458 et
2037 408 2133 458 im·

248 508 553 578 potentiam
595 502 888 574 physicam
932 501 1001 553 ab
1045 499 1385 568 obligatione
1427 498 1563 567 legis
1615 517 1899 561 excusare,
1959 498 2134 549 mani—

249 598 448 648 festum
492 601 602 646 est:
644 592 715 645 ad
758 590 1101 662 impossibile
1145 591 1294 640 enim
1336 607 1497 640 nemo
1541 596 1778 640 tenetur.
1843 586 2022 639 Immo
2065 605 2137 637 ex

250 694 447 738 natura
499 683 636 753 legis
694 689 930 747 constat,
992 680 1376 750 impotentiam
1435 696 1656 748 quoque
1716 677 1981 729 moralem
2041 695 2136 727 seu

250 794 420 845 grave
460 774 726 825 damnum
770 771 859 823 vel
902 769 1336 834 incommodum,
1381 768 1528 838 quod
1572 787 1669 837 per
1708 766 1969 820 accidens
2010 784 2137 817 cum

252 866 638 919 observatione
679 863 818 932 legis
862 862 1222 914 coniunctum
1266 867 1362 926 est,
1405 857 1475 910 ab
1519 860 1637 910 eius
1671 857 2011 926 obligatione
2046 876 2135 908 ex-

253 975 444 1009 cusare
489 958 563 1022 (n.
599 954 738 1021 116).
801 951 908 1004 Sed
954 969 1076 1002 cum
1120 949 1268 1017 leges
1311 950 1421 999 sint
1463 948 1718 1000 diversae
1760 948 1982 1017 speciei,
2025 948 2137 998 iam

254 1047 551 1117 quaeritur,
590 1063 713 1095 num
747 1043 803 1093 in
837 1042 1021 1110 quavis
1060 1040 1165 1108 Zeye
1191 1040 1368 1109 gyravis
1398 1047 1561 1089 metus
1586 1056 1677 1088 seu
1703 1056 1860 1108 yrave
1890 1037 2140 1088 damnum

250 1137 332 1188 vel
372 1133 751 1187 incommodum
794 1131 857 1182 ab
901 1130 1264 1182 observat-ione
1307 1129 1417 1180 eius
1459 1137 1685 1181 excuset.

406 1242 451 1293 1.
508 1240 562 1291 A
617 1238 724 1308 2696
776 1246 1005 1288 naturae
1058 1235 1310 1305 ozeyativa
1365 1250 1474 1284 non
1531 1239 1763 1283 excusat
1804 1250 1872 1283 ne
1915 1230 2138 1301 quidem

254 1329 563 1401 periculum
607 1328 826 1380 mortis:
880 1326 1018 1377 haec
1060 1342 1301 1394 namque
1343 1322 1432 1374 lex
1475 1321 1750 1392 prohibet,
1796 1321 1943 1392 quod
1985 1324 2042 1372 in
2085 1339 2142 1372 se

255 1429 308 1473 et
348 1421 681 1472 intrinsecus
733 1415 942 1468 malum
997 1422 1108 1479 est3
1165 1414 1319 1483 atqui
1377 1432 1445 1464 ne
1498 1412 1570 1464 ad
1624 1420 1858 1464 mortem
1914 1410 2140 1481 quidem

255 1510 546 1562 vitandam
588 1508 716 1559 licet
756 1506 956 1573 facere,
1014 1504 1160 1574 quod
1214 1505 1271 1554 in
1314 1521 1371 1555 se
1415 1502 1622 1554 malum
1666 1512 1747 1554 est
1789 1511 1848 1553 ut
1890 1501 2143 1571 blasphe-

259 1619 425 1666 mare,
468 1600 736 1669 peierare,
781 1596 1019 1648 mentiri.

407 1705 456 1757 2.
511 1703 561 1755 A
616 1702 724 1772 Zeye
782 1701 1112 1773 affirmativa
1169 1701 1287 1751 sive
1330 1699 1524 1751 divina
1580 1700 1699 1751 sive
1740 1698 1988 1750 humana
2030 1716 2141 1750 non

258 1801 486 1848 excusat
527 1812 594 1844 ne
637 1791 862 1862 quidem
906 1789 1215 1860 periculum
1260 1791 1466 1856 mortis,
1523 1791 1567 1840 si
1622 1790 1740 1840 eius
1783 1788 2009 1840 violatio
2063 1806 2144 1839 ce-

259 1887 411 1938 deret
452 1904 499 1938 α.
541 1886 597 1934 in
641 1882 909 1934 damnum
953 1898 1277 1945 commune3
1335 1879 1378 1932 b.
1425 1880 1482 1930 in
1526 1888 1830 1931 extremum
1874 1877 2141 1930 damnum

259 1972 543 2044 spirituale
585 1972 827 2024 hominis
869 1970 1252 2041 particularis3
1309 1990 1349 2024 ο.
1402 1972 1459 2021 in
1502 1969 1693 2021 odium
1736 1968 1843 2020 Dei
1887 1976 1984 2019 aut
2023 1965 2144 2018 reli-

261 2066 438 2136 gionis
481 2061 570 2114 vel
613 2064 669 2114 in
714 2071 1053 2114 contemtum
1097 2059 1380 2113 ecclesiae.

408 2153 548 2197 Ratio
578 2153 727 2209 primi
757 2156 840 2207 est,
885 2151 992 2206 quia
1036 2151 1202 2194 bonum
1249 2163 1486 2193 commune
1528 2149 1878 2205 praeferendum
1921 2150 1990 2191 est
2032 2146 2146 2190 bono

259 2230 384 2274 vitae
416 2228 614 2272 hominis
647 2227 843 2283 privati:
878 2227 979 2270 ideo
1013 2226 1235 2281 parochus
1259 2228 1464 2281 tempore
1486 2224 1630 2281 pestis
1654 2223 1795 2267 etiam
1820 2236 1920 2266 cum
1945 2221 2145 2278 periculo

260 2306 384 2349 vitae
418 2307 602 2348 tenetur
634 2302 728 2346 suis
762 2301 1050 2357 parochianis
1082 2301 1252 2344 adesse.

410 2379 548 2423 Ratio
591 2377 781 2422 secmtdi
820 2382 902 2430 est,
954 2376 1060 2431 quia
1109 2376 1322 2419 ordinata
1369 2374 1538 2418 caritas
1582 2372 1746 2428 exigit,
1786 2377 1841 2416 ut
1883 2369 2147 2427 'supremum

262 2456 428 2499 bonum
473 2453 715 2509 spirituale
757 2451 954 2508 proximi
999 2453 1287 2507 praeferatur
1334 2448 1516 2505 proprio
1562 2448 1677 2491 bono
1718 2447 1963 2503 temporali
1995 2446 2145 2498 vitae:

262 2531 362 2575 ideo
398 2535 606 2574 tenemur
640 2543 741 2572 cum
775 2528 975 2584 periculo
1008 2527 1134 2571 vitae
1167 2528 1368 2569 conferre
1392 2524 1674 2580 baptismum
1700 2536 1839 2579 puero
1863 2522 2146 2566 moribundo.

413 2604 552 2648 Ratio
587 2604 716 2647 tertii
746 2607 831 2657 est,
865 2602 986 2657 quia,
1020 2601 1097 2656 qui
1130 2600 1260 2655 facit,
1294 2601 1413 2655 quod
1446 2600 1495 2643 in
1528 2599 1683 2643 odium
1714 2599 1800 2642 Dei
1833 2604 1880 2642 et
1913 2597 2151 2653 religionis

264 2681 336 2724 vel
368 2681 416 2723 in
450 2684 731 2723 contemtum
767 2676 980 2721 ecclesiae
1013 2675 1232 2731 exigitur,
1266 2689 1316 2719 eo
1348 2675 1448 2731 ipso
1482 2674 1712 2718 consentit
1743 2673 1995 2718 intentioni
2028 2686 2152 2729 prae-

267 2755 479 2810 cipientis
515 2760 560 2798 et
594 2753 847 2797 contemnit
881 2752 1029 2795 Deum
1062 2751 1135 2794 vel
1169 2750 1422 2805 ecclesiam,
1458 2750 1506 2793 id
1549 2750 1667 2805 quod
1700 2749 1749 2792 in
1782 2762 1828 2792 se
1861 2750 2035 2793 malum
2067 2752 2153 2793 est.

265 2828 372 2872 Ideo
413 2842 503 2871 non
546 2829 654 2871 licet
695 2841 851 2871 carnes
901 2827 1132 2870 comedere
1189 2825 1262 2869 (lie
1302 2825 1547 2881 prohibito,
1597 2825 1635 2868 si
1681 2824 1729 2868 id
1776 2823 1826 2867 in
1869 2826 2151 2867 contemtum

270 2903 487 2949 ecclesiae
520 2904 737 2958 exigitur,
772 2902 859 2947 etsi
893 2902 974 2945 sub
1009 2901 1362 2945 comminatione
1395 2900 1610 2955 mortis‘).

419 2993 468 3047 3.
509 2994 727 3045 Demtis
769 2993 921 3045 hisce
967 2993 1189 3044 casibus
1232 2991 1481 3042 damnum
1521 2989 1602 3042 vel
1628 2988 2153 3058 incommodumpro-

260 3085 569 3155 portionale
608 3101 766 3153 gyrat-e
807 3102 838 3134 a
865 3082 985 3151 lege
1027 3090 1144 3133 tum
1176 3080 1415 3133 naturali
1443 3080 1782 3131 affirmativa
1809 3086 1928 3130 tum
1959 3077 2154 3129 divina

267 3183 383 3224 tum
425 3172 673 3230 humana
714 3181 961 3226 excusat.

419 3262 559 3306 Ratio
584 3262 732 3318 primi
765 3266 848 3317 est,
882 3261 1003 3316 quia,
1038 3275 1138 3304 cum
1172 3261 1257 3303 hae
1290 3260 1413 3315 leges
1446 3273 1537 3302 non
1562 3258 1657 3302 sint
1680 3257 1729 3301 in
1752 3256 1950 3312 singulis
1976 3255 2155 3300 casibus

271 3338 477 3381 absolute
509 3337 803 3392 necessariae,
837 3337 959 3380 Deus
991 3350 1082 3379 non
1116 3338 1323 3379 censetur
1355 3335 1473 3378 velle
1506 3334 1709 3390 obligare
1742 3345 1842 3375 cum
1881 3330 2156 3387 gravissimo

431 3490 456 3540 ¹)
491 3489 557 3534 Cf.
593 3488 633 3530 2.
668 3486 811 3530 Mac-h.
847 3486 888 3538 6,
930 3486 984 3529 18
1019 3499 1077 3529 ss.
