<?xml version="1.0" encoding="UTF-8"?>
<!DOCTYPE html PUBLIC "-//W3C//DTD XHTML 1.0 Transitional//EN"
    "http://www.w3.org/TR/xhtml1/DTD/xhtml1-transitional.dtd">
<html xmlns="http://www.w3.org/1999/xhtml" xml:lang="en" lang="en">
 <head>
  <title>
</title>
<meta http-equiv="Content-Type" content="text/html;charset=utf-8" />
  <meta name='ocr-system' content='tesseract 3.04.00' />
  <meta name='ocr-capabilities' content='ocr_page ocr_carea ocr_par ocr_line ocrx_word'/>
</head>
<body>
  <div class='ocr_page' id='page_1' title='image "./summatheologiaem00nold_0441.png"; bbox 0 0 2269 3898; ppageno 0'>
   <div class='ocr_carea' id='block_1_1' title="bbox 663 165 1988 221">
    <p class='ocr_par' dir='ltr' id='par_1_1' title="bbox 663 165 1988 221">
     <span class='ocr_line' id='line_1_1' title="bbox 663 165 1988 221; baseline 0.002 -13"><span class='ocrx_word' id='word_1_1' title='bbox 663 165 730 209; x_wconf 90' lang='lat' dir='ltr'>De</span> <span class='ocrx_word' id='word_1_2' title='bbox 762 165 1105 221; x_wconf 80' lang='lat' dir='ltr'>impedimentis</span> <span class='ocrx_word' id='word_1_3' title='bbox 1138 166 1433 209; x_wconf 80' lang='lat' dir='ltr'>matrimonii.</span> <span class='ocrx_word' id='word_1_4' title='bbox 1744 170 1749 174; x_wconf 84' lang='lat'>&#39;</span> <span class='ocrx_word' id='word_1_5' title='bbox 1934 170 1988 211; x_wconf 75' lang='lat'>73</span> 
     </span>
    </p>
   </div>
   <div class='ocr_carea' id='block_1_2' title="bbox 31 297 1991 1691">
    <p class='ocr_par' dir='ltr' id='par_1_2' title="bbox 105 297 1991 903">
     <span class='ocr_line' id='line_1_2' title="bbox 108 297 1988 370; baseline 0.003 -22"><span class='ocrx_word' id='word_1_6' title='bbox 108 298 338 349; x_wconf 85' lang='lat' dir='ltr'>versalis</span> <span class='ocrx_word' id='word_1_7' title='bbox 381 297 663 365; x_wconf 74' lang='lat' dir='ltr'>ecclesiae,</span> <span class='ocrx_word' id='word_1_8' title='bbox 707 298 852 349; x_wconf 88' lang='lat' dir='ltr'>solus</span> <span class='ocrx_word' id='word_1_9' title='bbox 882 317 1127 350; x_wconf 90' lang='lat' dir='ltr'>summus</span> <span class='ocrx_word' id='word_1_10' title='bbox 1168 300 1419 368; x_wconf 83' lang='lat' dir='ltr'>pontifex</span> <span class='ocrx_word' id='word_1_11' title='bbox 1461 302 1519 352; x_wconf 92' lang='lat' dir='ltr'>in</span> <span class='ocrx_word' id='word_1_12' title='bbox 1562 319 1626 352; x_wconf 92' lang='lat' dir='ltr'>ea</span> <span class='ocrx_word' id='word_1_13' title='bbox 1668 301 1988 370; x_wconf 80' lang='lat' dir='ltr'>dispensar&#39;c</span> 
     </span>
     <span class='ocr_line' id='line_1_3' title="bbox 110 387 1990 459; baseline 0.002 -21"><span class='ocrx_word' id='word_1_14' title='bbox 110 396 303 455; x_wconf 90' lang='lat' dir='ltr'>potest.</span> <span class='ocrx_word' id='word_1_15' title='bbox 382 387 675 456; x_wconf 87' lang='lat' dir='ltr'>Episcopis</span> <span class='ocrx_word' id='word_1_16' title='bbox 734 406 907 456; x_wconf 90' lang='lat' dir='ltr'>usque</span> <span class='ocrx_word' id='word_1_17' title='bbox 963 388 1034 439; x_wconf 90' lang='lat' dir='ltr'>ad</span> <span class='ocrx_word' id='word_1_18' title='bbox 1087 391 1396 440; x_wconf 80' lang='lat' dir='ltr'>recentiora</span> <span class='ocrx_word' id='word_1_19' title='bbox 1451 398 1699 459; x_wconf 89' lang='lat' dir='ltr'>tempora</span> <span class='ocrx_word' id='word_1_20' title='bbox 1756 391 1990 442; x_wconf 80' lang='lat' dir='ltr'>facultas</span> 
     </span>
     <span class='ocr_line' id='line_1_4' title="bbox 109 476 1988 547; baseline 0.003 -21"><span class='ocrx_word' id='word_1_21' title='bbox 109 476 469 545; x_wconf 90' lang='lat' dir='ltr'>dispensandi</span> <span class='ocrx_word' id='word_1_22' title='bbox 520 494 627 527; x_wconf 91' lang='lat' dir='ltr'>non</span> <span class='ocrx_word' id='word_1_23' title='bbox 686 476 1111 545; x_wconf 76' lang='lat' dir='ltr'>concedebatur,</span> <span class='ocrx_word' id='word_1_24' title='bbox 1168 496 1316 528; x_wconf 90' lang='lat' dir='ltr'>nunc</span> <span class='ocrx_word' id='word_1_25' title='bbox 1371 497 1499 530; x_wconf 87' lang='lat' dir='ltr'>vero</span> <span class='ocrx_word' id='word_1_26' title='bbox 1557 482 1877 547; x_wconf 86' lang='lat' dir='ltr'>praesertim</span> <span class='ocrx_word' id='word_1_27' title='bbox 1931 482 1988 531; x_wconf 90' lang='lat' dir='ltr'>in</span> 
     </span>
     <span class='ocr_line' id='line_1_5' title="bbox 108 564 1987 634; baseline 0.003 -18"><span class='ocrx_word' id='word_1_28' title='bbox 108 564 242 616; x_wconf 89' lang='lat' dir='ltr'>locis</span> <span class='ocrx_word' id='word_1_29' title='bbox 284 564 449 616; x_wconf 90' lang='lat' dir='ltr'>valde</span> <span class='ocrx_word' id='word_1_30' title='bbox 490 567 714 616; x_wconf 88' lang='lat' dir='ltr'>remotis</span> <span class='ocrx_word' id='word_1_31' title='bbox 744 564 970 634; x_wconf 89' lang='lat' dir='ltr'>speciali</span> <span class='ocrx_word' id='word_1_32' title='bbox 1013 565 1227 617; x_wconf 89' lang='lat' dir='ltr'>indulto</span> <span class='ocrx_word' id='word_1_33' title='bbox 1261 568 1337 618; x_wconf 92' lang='lat' dir='ltr'>eis</span> <span class='ocrx_word' id='word_1_34' title='bbox 1381 568 1716 633; x_wconf 79' lang='lat' dir='ltr'>conceditur,</span> <span class='ocrx_word' id='word_1_35' title='bbox 1762 577 1821 620; x_wconf 91' lang='lat' dir='ltr'>ut</span> <span class='ocrx_word' id='word_1_36' title='bbox 1863 588 1987 621; x_wconf 91' lang='lat' dir='ltr'>cum</span> 
     </span>
     <span class='ocr_line' id='line_1_6' title="bbox 105 653 1989 723; baseline 0.003 -19"><span class='ocrx_word' id='word_1_37' title='bbox 105 653 344 705; x_wconf 86' lang='lat' dir='ltr'>subditis</span> <span class='ocrx_word' id='word_1_38' title='bbox 387 655 515 720; x_wconf 80' lang='lat' dir='ltr'>suis7</span> <span class='ocrx_word' id='word_1_39' title='bbox 574 656 668 723; x_wconf 92' lang='lat' dir='ltr'>qui</span> <span class='ocrx_word' id='word_1_40' title='bbox 725 663 852 705; x_wconf 88' lang='lat' dir='ltr'>actu</span> <span class='ocrx_word' id='word_1_41' title='bbox 912 656 969 706; x_wconf 92' lang='lat' dir='ltr'>in</span> <span class='ocrx_word' id='word_1_42' title='bbox 1027 655 1265 707; x_wconf 90' lang='lat' dir='ltr'>dioecesi</span> <span class='ocrx_word' id='word_1_43' title='bbox 1323 657 1585 722; x_wconf 76' lang='lat' dir='ltr'>existunt,</span> <span class='ocrx_word' id='word_1_44' title='bbox 1650 660 1706 708; x_wconf 93' lang='lat' dir='ltr'>in</span> <span class='ocrx_word' id='word_1_45' title='bbox 1749 657 1852 709; x_wconf 91' lang='lat' dir='ltr'>hoc</span> <span class='ocrx_word' id='word_1_46' title='bbox 1894 660 1989 709; x_wconf 91' lang='lat' dir='ltr'>im-</span> 
     </span>
     <span class='ocr_line' id='line_1_7' title="bbox 107 742 1991 813; baseline 0.002 -19"><span class='ocrx_word' id='word_1_47' title='bbox 107 742 424 813; x_wconf 88' lang='lat' dir='ltr'>pedimento</span> <span class='ocrx_word' id='word_1_48' title='bbox 507 743 827 812; x_wconf 88' lang='lat' dir='ltr'>dispensare</span> <span class='ocrx_word' id='word_1_49' title='bbox 906 745 1132 813; x_wconf 86' lang='lat' dir='ltr'>possint.</span> <span class='ocrx_word' id='word_1_50' title='bbox 1216 744 1448 795; x_wconf 84' lang='lat' dir='ltr'>Servare</span> <span class='ocrx_word' id='word_1_51' title='bbox 1528 753 1712 796; x_wconf 84' lang='lat' dir='ltr'>autem</span> <span class='ocrx_word' id='word_1_52' title='bbox 1785 746 1991 798; x_wconf 89' lang='lat' dir='ltr'>debent</span> 
     </span>
     <span class='ocr_line' id='line_1_8' title="bbox 108 832 1650 903; baseline 0.002 -19"><span class='ocrx_word' id='word_1_53' title='bbox 108 834 343 902; x_wconf 80' lang='lat' dir='ltr'>praxim,</span> <span class='ocrx_word' id='word_1_54' title='bbox 388 851 552 901; x_wconf 89' lang='lat' dir='ltr'>quam</span> <span class='ocrx_word' id='word_1_55' title='bbox 597 834 654 882; x_wconf 90' lang='lat' dir='ltr'>in</span> <span class='ocrx_word' id='word_1_56' title='bbox 697 832 800 883; x_wconf 90' lang='lat' dir='ltr'>hac</span> <span class='ocrx_word' id='word_1_57' title='bbox 842 851 899 883; x_wconf 87' lang='lat' dir='ltr'>re</span> <span class='ocrx_word' id='word_1_58' title='bbox 942 835 1190 902; x_wconf 84' lang='lat' dir='ltr'>sequitur</span> <span class='ocrx_word' id='word_1_59' title='bbox 1229 835 1351 903; x_wconf 90' lang='lat' dir='ltr'>ipsa</span> <span class='ocrx_word' id='word_1_60' title='bbox 1392 853 1431 887; x_wconf 83' lang='lat' dir='ltr'>s,</span> <span class='ocrx_word' id='word_1_61' title='bbox 1477 834 1650 888; x_wconf 81' lang='lat' dir='ltr'>sedes,</span> 
     </span>
    </p>

    <p class='ocr_par' dir='ltr' id='par_1_3' title="bbox 105 920 1988 1081">
     <span class='ocr_line' id='line_1_9' title="bbox 259 920 1988 992; baseline 0.002 -19"><span class='ocrx_word' id='word_1_62' title='bbox 259 923 307 975; x_wconf 79' lang='lat'>2.</span> <span class='ocrx_word' id='word_1_63' title='bbox 344 920 689 974; x_wconf 73' lang='lat' dir='ltr'>Condiciones</span> <span class='ocrx_word' id='word_1_64' title='bbox 730 923 1030 991; x_wconf 69' lang='lat' dir='ltr'>requisitae.</span> <span class='ocrx_word' id='word_1_65' title='bbox 1112 923 1203 974; x_wconf 87' lang='lat' dir='ltr'>Ad</span> <span class='ocrx_word' id='word_1_66' title='bbox 1231 923 1700 992; x_wconf 89' lang='lat' dir='ltr'>dispensationem</span> <span class='ocrx_word' id='word_1_67' title='bbox 1743 924 1988 976; x_wconf 89' lang='lat' dir='ltr'>obtinen-</span> 
     </span>
     <span class='ocr_line' id='line_1_10' title="bbox 105 1011 1149 1081; baseline 0.001 -19"><span class='ocrx_word' id='word_1_68' title='bbox 105 1011 236 1063; x_wconf 88' lang='lat' dir='ltr'>dam</span> <span class='ocrx_word' id='word_1_69' title='bbox 280 1011 487 1080; x_wconf 82' lang='lat' dir='ltr'>duplex</span> <span class='ocrx_word' id='word_1_70' title='bbox 530 1011 781 1063; x_wconf 85' lang='lat' dir='ltr'>condicio</span> <span class='ocrx_word' id='word_1_71' title='bbox 824 1014 1149 1081; x_wconf 85' lang='lat' dir='ltr'>requiritur:</span> 
     </span>
    </p>

    <p class='ocr_par' dir='ltr' id='par_1_4' title="bbox 31 1100 1991 1691">
     <span class='ocr_line' id='line_1_11' title="bbox 258 1100 1991 1172; baseline 0.002 -22"><span class='ocrx_word' id='word_1_72' title='bbox 258 1121 304 1152; x_wconf 82' lang='grc' dir='ltr'>α.</span> <span class='ocrx_word' id='word_1_73' title='bbox 359 1101 424 1152; x_wconf 76' lang='lat' dir='ltr'>Ut</span> <span class='ocrx_word' id='word_1_74' title='bbox 466 1100 671 1152; x_wconf 76' lang='lat' dir='ltr'>debitae</span> <span class='ocrx_word' id='word_1_75' title='bbox 724 1103 994 1153; x_wconf 72' lang='lat' dir='ltr'>cautiones</span> <span class='ocrx_word' id='word_1_76' title='bbox 1024 1111 1383 1171; x_wconf 67' lang='lat' dir='ltr'>praestentur,</span> <span class='ocrx_word' id='word_1_77' title='bbox 1441 1121 1582 1172; x_wconf 90' lang='lat' dir='ltr'>quae</span> <span class='ocrx_word' id='word_1_78' title='bbox 1634 1112 1789 1154; x_wconf 88' lang='lat' dir='ltr'>sunt:</span> <span class='ocrx_word' id='word_1_79' title='bbox 1835 1120 1887 1155; x_wconf 86' lang='grc' dir='ltr'>α.</span> <span class='ocrx_word' id='word_1_80' title='bbox 1932 1119 1991 1153; x_wconf 85' lang='lat' dir='ltr'>ut</span> 
     </span>
     <span class='ocr_line' id='line_1_12' title="bbox 107 1190 1987 1263; baseline 0.001 -22"><span class='ocrx_word' id='word_1_81' title='bbox 107 1193 372 1242; x_wconf 89' lang='lat' dir='ltr'>universa</span> <span class='ocrx_word' id='word_1_82' title='bbox 430 1190 608 1260; x_wconf 90' lang='lat' dir='ltr'>proles</span> <span class='ocrx_word' id='word_1_83' title='bbox 673 1193 727 1242; x_wconf 91' lang='lat' dir='ltr'>in</span> <span class='ocrx_word' id='word_1_84' title='bbox 790 1191 1055 1259; x_wconf 81' lang='lat' dir='ltr'>religione</span> <span class='ocrx_word' id='word_1_85' title='bbox 1117 1190 1388 1243; x_wconf 90' lang='lat' dir='ltr'>catholica</span> <span class='ocrx_word' id='word_1_86' title='bbox 1449 1192 1743 1259; x_wconf 78' lang='lat' dir='ltr'>educet-ur3</span> <span class='ocrx_word' id='word_1_87' title='bbox 1811 1195 1860 1263; x_wconf 78' lang='grc' dir='ltr'>β.</span> <span class='ocrx_word' id='word_1_88' title='bbox 1928 1203 1987 1243; x_wconf 90' lang='lat' dir='ltr'>ut</span> 
     </span>
     <span class='ocr_line' id='line_1_13' title="bbox 31 1279 1986 1350; baseline 0.002 -20"><span class='ocrx_word' id='word_1_89' title='bbox 31 1284 37 1288; x_wconf 84' lang='grc'><strong>’</strong></span> <span class='ocrx_word' id='word_1_90' title='bbox 106 1281 248 1349; x_wconf 86' lang='lat' dir='ltr'>parti</span> <span class='ocrx_word' id='word_1_91' title='bbox 293 1279 595 1331; x_wconf 90' lang='lat' dir='ltr'>catholicae</span> <span class='ocrx_word' id='word_1_92' title='bbox 637 1279 800 1350; x_wconf 90' lang='lat' dir='ltr'>plena</span> <span class='ocrx_word' id='word_1_93' title='bbox 840 1280 1066 1332; x_wconf 89' lang='lat' dir='ltr'>libertas</span> <span class='ocrx_word' id='word_1_94' title='bbox 1108 1281 1444 1333; x_wconf 86' lang='lat' dir='ltr'>concedatur</span> <span class='ocrx_word' id='word_1_95' title='bbox 1490 1281 1788 1333; x_wconf 84' lang='lat' dir='ltr'>exercendi</span> <span class='ocrx_word' id='word_1_96' title='bbox 1832 1301 1986 1333; x_wconf 90' lang='lat' dir='ltr'>suam</span> 
     </span>
     <span class='ocr_line' id='line_1_14' title="bbox 103 1369 1985 1439; baseline 0.001 -19"><span class='ocrx_word' id='word_1_97' title='bbox 103 1369 459 1438; x_wconf 78' lang='lat' dir='ltr'>religionem3</span> <span class='ocrx_word' id='word_1_98' title='bbox 528 1388 578 1433; x_wconf 76' lang='grc' dir='ltr'>γ.</span> <span class='ocrx_word' id='word_1_99' title='bbox 643 1378 702 1420; x_wconf 93' lang='lat' dir='ltr'>ut</span> <span class='ocrx_word' id='word_1_100' title='bbox 742 1388 869 1439; x_wconf 90' lang='lat' dir='ltr'>pars</span> <span class='ocrx_word' id='word_1_101' title='bbox 930 1370 1202 1422; x_wconf 89' lang='lat' dir='ltr'>catholica</span> <span class='ocrx_word' id='word_1_102' title='bbox 1266 1372 1549 1439; x_wconf 78' lang='lat' dir='ltr'>promittat</span> <span class='ocrx_word' id='word_1_103' title='bbox 1609 1389 1666 1423; x_wconf 90' lang='lat' dir='ltr'>se</span> <span class='ocrx_word' id='word_1_104' title='bbox 1732 1389 1985 1439; x_wconf 90' lang='lat' dir='ltr'>procura-</span> 
     </span>
     <span class='ocr_line' id='line_1_15' title="bbox 104 1459 1988 1530; baseline 0.001 -20"><span class='ocrx_word' id='word_1_105' title='bbox 104 1468 287 1510; x_wconf 86' lang='lat' dir='ltr'>turam</span> <span class='ocrx_word' id='word_1_106' title='bbox 348 1477 463 1510; x_wconf 91' lang='lat' dir='ltr'>esse</span> <span class='ocrx_word' id='word_1_107' title='bbox 524 1462 943 1510; x_wconf 82' lang='lat' dir='ltr'>conversionem</span> <span class='ocrx_word' id='word_1_108' title='bbox 1008 1462 1177 1528; x_wconf 88' lang='lat' dir='ltr'>partis</span> <span class='ocrx_word' id='word_1_109' title='bbox 1236 1459 1603 1526; x_wconf 79' lang='lat' dir='ltr'>acatholicae3</span> <span class='ocrx_word' id='word_1_110' title='bbox 1668 1460 1869 1530; x_wconf 86' lang='lat' dir='ltr'>quibus</span> <span class='ocrx_word' id='word_1_111' title='bbox 1933 1463 1988 1512; x_wconf 89' lang='lat' dir='ltr'>in</span> 
     </span>
     <span class='ocr_line' id='line_1_16' title="bbox 106 1547 1990 1619; baseline 0.002 -20"><span class='ocrx_word' id='word_1_112' title='bbox 106 1548 385 1600; x_wconf 86' lang='lat' dir='ltr'>nonnullis</span> <span class='ocrx_word' id='word_1_113' title='bbox 425 1547 746 1617; x_wconf 82' lang='lat' dir='ltr'>regionibus</span> <span class='ocrx_word' id='word_1_114' title='bbox 788 1549 1012 1601; x_wconf 88' lang='lat' dir='ltr'>additur</span> <span class='ocrx_word' id='word_1_115' title='bbox 1062 1549 1111 1602; x_wconf 76' lang='grc' dir='ltr'>ὃ.</span> <span class='ocrx_word' id='word_1_116' title='bbox 1157 1551 1445 1618; x_wconf 84' lang='lat' dir='ltr'>promissio</span> <span class='ocrx_word' id='word_1_117' title='bbox 1488 1551 1777 1619; x_wconf 86' lang='lat' dir='ltr'>utriusque</span> <span class='ocrx_word' id='word_1_118' title='bbox 1819 1553 1990 1619; x_wconf 88' lang='lat' dir='ltr'>partis</span> 
     </span>
     <span class='ocr_line' id='line_1_17' title="bbox 105 1638 1808 1691; baseline 0.001 -2"><span class='ocrx_word' id='word_1_119' title='bbox 105 1657 215 1689; x_wconf 92' lang='lat' dir='ltr'>non</span> <span class='ocrx_word' id='word_1_120' title='bbox 260 1638 489 1689; x_wconf 88' lang='lat' dir='ltr'>ineundi</span> <span class='ocrx_word' id='word_1_121' title='bbox 533 1639 948 1689; x_wconf 88' lang='lat' dir='ltr'>matrimonium</span> <span class='ocrx_word' id='word_1_122' title='bbox 992 1657 1175 1690; x_wconf 89' lang='lat' dir='ltr'>coram</span> <span class='ocrx_word' id='word_1_123' title='bbox 1220 1640 1470 1689; x_wconf 89' lang='lat' dir='ltr'>ministro</span> <span class='ocrx_word' id='word_1_124' title='bbox 1514 1640 1808 1691; x_wconf 89' lang='lat' dir='ltr'>haeretico.</span> 
     </span>
    </p>
   </div>
   <div class='ocr_carea' id='block_1_3' title="bbox 102 1727 1992 3128">
    <p class='ocr_par' dir='ltr' id='par_1_5' title="bbox 104 1727 1992 2007">
     <span class='ocr_line' id='line_1_18' title="bbox 257 1727 1990 1784; baseline 0.002 -15"><span class='ocrx_word' id='word_1_125' title='bbox 257 1741 298 1769; x_wconf 85' lang='grc' dir='ltr'>α.</span> <span class='ocrx_word' id='word_1_126' title='bbox 331 1727 603 1781; x_wconf 89' lang='lat' dir='ltr'>Antiquitus</span> <span class='ocrx_word' id='word_1_127' title='bbox 637 1727 823 1771; x_wconf 89' lang='lat' dir='ltr'>ecclesia</span> <span class='ocrx_word' id='word_1_128' title='bbox 857 1727 1151 1771; x_wconf 88' lang='lat' dir='ltr'>matrimonia</span> <span class='ocrx_word' id='word_1_129' title='bbox 1194 1727 1342 1770; x_wconf 84' lang='lat' dir='ltr'>mixta</span> <span class='ocrx_word' id='word_1_130' title='bbox 1384 1741 1616 1783; x_wconf 87' lang='lat' dir='ltr'>nunquam</span> <span class='ocrx_word' id='word_1_131' title='bbox 1660 1729 1869 1784; x_wconf 83' lang='lat' dir='ltr'>permisit</span> <span class='ocrx_word' id='word_1_132' title='bbox 1903 1730 1990 1772; x_wconf 89' lang='lat' dir='ltr'>nisi</span> 
     </span>
     <span class='ocr_line' id='line_1_19' title="bbox 106 1801 1989 1857; baseline 0.002 -13"><span class='ocrx_word' id='word_1_133' title='bbox 106 1803 189 1845; x_wconf 85' lang='lat' dir='ltr'>hac</span> <span class='ocrx_word' id='word_1_134' title='bbox 231 1801 504 1857; x_wconf 89' lang='lat' dir='ltr'>condicione,</span> <span class='ocrx_word' id='word_1_135' title='bbox 555 1803 674 1856; x_wconf 87' lang='lat' dir='ltr'>quod</span> <span class='ocrx_word' id='word_1_136' title='bbox 718 1816 822 1856; x_wconf 86' lang='lat' dir='ltr'>pars</span> <span class='ocrx_word' id='word_1_137' title='bbox 876 1803 1130 1845; x_wconf 85' lang='lat' dir='ltr'>acatholica</span> <span class='ocrx_word' id='word_1_138' title='bbox 1170 1802 1428 1857; x_wconf 86' lang='lat' dir='ltr'>promiserit</span> <span class='ocrx_word' id='word_1_139' title='bbox 1475 1816 1520 1846; x_wconf 92' lang='lat' dir='ltr'>se</span> <span class='ocrx_word' id='word_1_140' title='bbox 1563 1804 1622 1846; x_wconf 89' lang='lat' dir='ltr'>ad</span> <span class='ocrx_word' id='word_1_141' title='bbox 1655 1817 1806 1846; x_wconf 75' lang='lat' dir='ltr'>veram</span> <span class='ocrx_word' id='word_1_142' title='bbox 1853 1805 1989 1848; x_wconf 88' lang='lat' dir='ltr'>fidem</span> 
     </span>
     <span class='ocr_line' id='line_1_20' title="bbox 107 1876 1992 1922; baseline 0.001 -2"><span class='ocrx_word' id='word_1_143' title='bbox 107 1877 359 1920; x_wconf 88' lang='lat' dir='ltr'>redituram</span> <span class='ocrx_word' id='word_1_144' title='bbox 394 1890 500 1920; x_wconf 89' lang='lat' dir='ltr'>esse.</span> <span class='ocrx_word' id='word_1_145' title='bbox 566 1877 676 1920; x_wconf 88' lang='lat' dir='ltr'>Post</span> <span class='ocrx_word' id='word_1_146' title='bbox 724 1881 874 1919; x_wconf 87' lang='lat' dir='ltr'>ortum</span> <span class='ocrx_word' id='word_1_147' title='bbox 925 1890 1029 1920; x_wconf 77' lang='lat' dir='ltr'>vero</span> <span class='ocrx_word' id='word_1_148' title='bbox 1072 1876 1269 1920; x_wconf 85' lang='lat' dir='ltr'>haeresis</span> <span class='ocrx_word' id='word_1_149' title='bbox 1313 1877 1581 1921; x_wconf 88' lang='lat' dir='ltr'>lutheranae</span> <span class='ocrx_word' id='word_1_150' title='bbox 1625 1891 1676 1920; x_wconf 90' lang='lat' dir='ltr'>ea</span> <span class='ocrx_word' id='word_1_151' title='bbox 1721 1878 1859 1921; x_wconf 91' lang='lat' dir='ltr'>etiam</span> <span class='ocrx_word' id='word_1_152' title='bbox 1896 1879 1992 1922; x_wconf 87' lang='lat' dir='ltr'>sine</span> 
     </span>
     <span class='ocr_line' id='line_1_21' title="bbox 104 1951 1003 2007; baseline -0.001 -13"><span class='ocrx_word' id='word_1_153' title='bbox 104 1952 191 1995; x_wconf 88' lang='lat' dir='ltr'>hac</span> <span class='ocrx_word' id='word_1_154' title='bbox 227 1951 486 1995; x_wconf 87' lang='lat' dir='ltr'>condicione</span> <span class='ocrx_word' id='word_1_155' title='bbox 520 1952 786 2006; x_wconf 86' lang='lat' dir='ltr'>permittere</span> <span class='ocrx_word' id='word_1_156' title='bbox 819 1951 1003 2007; x_wconf 82' lang='lat' dir='ltr'>incepit.</span> 
     </span>
    </p>

    <p class='ocr_par' dir='ltr' id='par_1_6' title="bbox 104 2025 1990 2232">
     <span class='ocr_line' id='line_1_22' title="bbox 256 2025 1990 2070; baseline 0.001 -2"><span class='ocrx_word' id='word_1_157' title='bbox 256 2027 292 2068; x_wconf 88' lang='lat' dir='ltr'>b.</span> <span class='ocrx_word' id='word_1_158' title='bbox 335 2027 446 2070; x_wconf 84' lang='lat' dir='ltr'>Cum</span> <span class='ocrx_word' id='word_1_159' title='bbox 491 2026 562 2069; x_wconf 88' lang='lat' dir='ltr'>his</span> <span class='ocrx_word' id='word_1_160' title='bbox 606 2025 893 2069; x_wconf 85' lang='lat' dir='ltr'>cautionibus</span> <span class='ocrx_word' id='word_1_161' title='bbox 935 2040 1024 2069; x_wconf 87' lang='lat' dir='ltr'>non</span> <span class='ocrx_word' id='word_1_162' title='bbox 1067 2025 1286 2068; x_wconf 76' lang='lat' dir='ltr'>exhibitis</span> <span class='ocrx_word' id='word_1_163' title='bbox 1319 2026 1662 2070; x_wconf 85' lang='lat' dir='ltr'>matrimonium</span> <span class='ocrx_word' id='word_1_164' title='bbox 1698 2027 1895 2070; x_wconf 80' lang='lat' dir='ltr'>mixtum</span> <span class='ocrx_word' id='word_1_165' title='bbox 1931 2027 1990 2070; x_wconf 84' lang='lat' dir='ltr'>sit</span> 
     </span>
     <span class='ocr_line' id='line_1_23' title="bbox 104 2100 1988 2157; baseline 0.001 -14"><span class='ocrx_word' id='word_1_166' title='bbox 104 2108 263 2144; x_wconf 88' lang='lat' dir='ltr'>contra</span> <span class='ocrx_word' id='word_1_167' title='bbox 295 2101 441 2156; x_wconf 82' lang='lat' dir='ltr'>legem</span> <span class='ocrx_word' id='word_1_168' title='bbox 475 2102 732 2144; x_wconf 83' lang='lat' dir='ltr'>naturalem</span> <span class='ocrx_word' id='word_1_169' title='bbox 768 2106 813 2144; x_wconf 89' lang='lat' dir='ltr'>et</span> <span class='ocrx_word' id='word_1_170' title='bbox 848 2101 1067 2155; x_wconf 77' lang='lat' dir='ltr'>divinam,</span> <span class='ocrx_word' id='word_1_171' title='bbox 1101 2105 1232 2155; x_wconf 88' lang='lat' dir='ltr'>patet</span> <span class='ocrx_word' id='word_1_172' title='bbox 1264 2100 1320 2144; x_wconf 90' lang='lat' dir='ltr'>ab</span> <span class='ocrx_word' id='word_1_173' title='bbox 1353 2100 1410 2143; x_wconf 92' lang='lat' dir='ltr'>iis</span> <span class='ocrx_word' id='word_1_174' title='bbox 1444 2102 1732 2156; x_wconf 84' lang='lat' dir='ltr'>praestandis</span> <span class='ocrx_word' id='word_1_175' title='bbox 1755 2115 1988 2157; x_wconf 88' lang='lat' dir='ltr'>nunquam</span> 
     </span>
     <span class='ocr_line' id='line_1_24' title="bbox 104 2175 576 2232; baseline -0.004 -12"><span class='ocrx_word' id='word_1_176' title='bbox 104 2176 359 2232; x_wconf 88' lang='lat' dir='ltr'>dispensari</span> <span class='ocrx_word' id='word_1_177' title='bbox 393 2175 576 2231; x_wconf 70' lang='lat' dir='ltr'>posse1).</span> 
     </span>
    </p>

    <p class='ocr_par' dir='ltr' id='par_1_7' title="bbox 103 2250 1992 2828">
     <span class='ocr_line' id='line_1_25' title="bbox 257 2250 1992 2306; baseline -0.001 -12"><span class='ocrx_word' id='word_1_178' title='bbox 257 2266 289 2294; x_wconf 80' lang='lat' dir='ltr'>c.</span> <span class='ocrx_word' id='word_1_179' title='bbox 326 2251 483 2294; x_wconf 88' lang='lat' dir='ltr'>Tertia</span> <span class='ocrx_word' id='word_1_180' title='bbox 516 2251 718 2294; x_wconf 90' lang='lat' dir='ltr'>condicio</span> <span class='ocrx_word' id='word_1_181' title='bbox 753 2252 806 2294; x_wconf 92' lang='lat' dir='ltr'>de</span> <span class='ocrx_word' id='word_1_182' title='bbox 840 2251 1123 2305; x_wconf 87' lang='lat' dir='ltr'>procuranda</span> <span class='ocrx_word' id='word_1_183' title='bbox 1163 2264 1242 2305; x_wconf 91' lang='lat' dir='ltr'>pro</span> <span class='ocrx_word' id='word_1_184' title='bbox 1284 2250 1458 2294; x_wconf 72' lang='lat' dir='ltr'>viribus</span> <span class='ocrx_word' id='word_1_185' title='bbox 1508 2250 1798 2294; x_wconf 81' lang='lat' dir='ltr'>conversione</span> <span class='ocrx_word' id='word_1_186' title='bbox 1846 2251 1992 2306; x_wconf 87' lang='lat' dir='ltr'>partis</span> 
     </span>
     <span class='ocr_line' id='line_1_26' title="bbox 103 2325 1991 2381; baseline -0.001 -12"><span class='ocrx_word' id='word_1_187' title='bbox 103 2326 384 2369; x_wconf 86' lang='lat' dir='ltr'>acatholicae</span> <span class='ocrx_word' id='word_1_188' title='bbox 417 2326 621 2369; x_wconf 89' lang='lat' dir='ltr'>continet</span> <span class='ocrx_word' id='word_1_189' title='bbox 657 2326 980 2381; x_wconf 76' lang='lat' dir='ltr'>obligationem</span> <span class='ocrx_word' id='word_1_190' title='bbox 1020 2325 1244 2380; x_wconf 86' lang='lat' dir='ltr'>caritatis,</span> <span class='ocrx_word' id='word_1_191' title='bbox 1291 2326 1347 2368; x_wconf 90' lang='lat' dir='ltr'>ad</span> <span class='ocrx_word' id='word_1_192' title='bbox 1395 2339 1529 2380; x_wconf 89' lang='lat' dir='ltr'>quam</span> <span class='ocrx_word' id='word_1_193' title='bbox 1573 2325 1852 2380; x_wconf 89' lang='lat' dir='ltr'>implendam</span> <span class='ocrx_word' id='word_1_194' title='bbox 1888 2339 1991 2380; x_wconf 89' lang='lat' dir='ltr'>pars</span> 
     </span>
     <span class='ocr_line' id='line_1_27' title="bbox 104 2399 1990 2455; baseline -0.001 -12"><span class='ocrx_word' id='word_1_195' title='bbox 104 2400 331 2444; x_wconf 89' lang='lat' dir='ltr'>catholica</span> <span class='ocrx_word' id='word_1_196' title='bbox 364 2401 472 2443; x_wconf 88' lang='lat' dir='ltr'>haec</span> <span class='ocrx_word' id='word_1_197' title='bbox 507 2401 594 2444; x_wconf 92' lang='lat' dir='ltr'>duo</span> <span class='ocrx_word' id='word_1_198' title='bbox 628 2400 918 2455; x_wconf 87' lang='lat' dir='ltr'>potissimum</span> <span class='ocrx_word' id='word_1_199' title='bbox 955 2404 1185 2455; x_wconf 84' lang='lat' dir='ltr'>praestare</span> <span class='ocrx_word' id='word_1_200' title='bbox 1221 2399 1373 2442; x_wconf 90' lang='lat' dir='ltr'>debet:</span> <span class='ocrx_word' id='word_1_201' title='bbox 1411 2415 1451 2442; x_wconf 89' lang='grc' dir='ltr'>α.</span> <span class='ocrx_word' id='word_1_202' title='bbox 1485 2403 1539 2443; x_wconf 89' lang='lat' dir='ltr'>ut</span> <span class='ocrx_word' id='word_1_203' title='bbox 1572 2413 1723 2454; x_wconf 87' lang='lat' dir='ltr'>preces</span> <span class='ocrx_word' id='word_1_204' title='bbox 1757 2400 1814 2442; x_wconf 89' lang='lat' dir='ltr'>ad</span> <span class='ocrx_word' id='word_1_205' title='bbox 1846 2400 1990 2442; x_wconf 87' lang='lat' dir='ltr'>Deum</span> 
     </span>
     <span class='ocr_line' id='line_1_28' title="bbox 105 2474 1990 2530; baseline -0.001 -12"><span class='ocrx_word' id='word_1_206' title='bbox 105 2475 296 2525; x_wconf 54' lang='lat' dir='ltr'>fundam</span> <span class='ocrx_word' id='word_1_207' title='bbox 335 2477 373 2525; x_wconf 67' lang='lat'>[13.</span> <span class='ocrx_word' id='word_1_208' title='bbox 407 2479 460 2518; x_wconf 89' lang='lat' dir='ltr'>ut</span> <span class='ocrx_word' id='word_1_209' title='bbox 493 2475 762 2530; x_wconf 77' lang='lat' dir='ltr'>virtutibus,</span> <span class='ocrx_word' id='word_1_210' title='bbox 796 2489 906 2529; x_wconf 87' lang='lat' dir='ltr'>quas</span> <span class='ocrx_word' id='word_1_211' title='bbox 949 2480 1136 2525; x_wconf 70' lang='lat' dir='ltr'>exercet,</span> <span class='ocrx_word' id='word_1_212' title='bbox 1172 2474 1439 2529; x_wconf 88' lang='lat' dir='ltr'>praesertim</span> <span class='ocrx_word' id='word_1_213' title='bbox 1475 2474 1714 2528; x_wconf 88' lang='lat' dir='ltr'>modestia,</span> <span class='ocrx_word' id='word_1_214' title='bbox 1749 2474 1990 2528; x_wconf 86' lang='lat' dir='ltr'>patientia,</span> 
     </span>
     <span class='ocr_line' id='line_1_29' title="bbox 104 2548 1991 2604; baseline -0.001 -12"><span class='ocrx_word' id='word_1_215' title='bbox 104 2549 347 2604; x_wconf 88' lang='lat' dir='ltr'>obsequiis,</span> <span class='ocrx_word' id='word_1_216' title='bbox 392 2549 429 2592; x_wconf 87' lang='lat' dir='ltr'>si</span> <span class='ocrx_word' id='word_1_217' title='bbox 473 2549 566 2592; x_wconf 89' lang='lat' dir='ltr'>sint</span> <span class='ocrx_word' id='word_1_218' title='bbox 612 2549 840 2604; x_wconf 88' lang='lat' dir='ltr'>mulieres,</span> <span class='ocrx_word' id='word_1_219' title='bbox 882 2549 1085 2592; x_wconf 90' lang='lat' dir='ltr'>animum</span> <span class='ocrx_word' id='word_1_220' title='bbox 1129 2549 1254 2592; x_wconf 90' lang='lat' dir='ltr'>illius</span> <span class='ocrx_word' id='word_1_221' title='bbox 1295 2548 1466 2592; x_wconf 82' lang='lat' dir='ltr'>excitet</span> <span class='ocrx_word' id='word_1_222' title='bbox 1508 2548 1566 2592; x_wconf 85' lang='lat' dir='ltr'>ad</span> <span class='ocrx_word' id='word_1_223' title='bbox 1600 2548 1774 2591; x_wconf 88' lang='lat' dir='ltr'>cultum</span> <span class='ocrx_word' id='word_1_224' title='bbox 1816 2548 1991 2591; x_wconf 88' lang='lat' dir='ltr'>christi-</span> 
     </span>
     <span class='ocr_line' id='line_1_30' title="bbox 106 2622 1991 2678; baseline -0.001 -11"><span class='ocrx_word' id='word_1_225' title='bbox 106 2638 298 2667; x_wconf 88' lang='lat' dir='ltr'>anarum</span> <span class='ocrx_word' id='word_1_226' title='bbox 331 2622 620 2677; x_wconf 76' lang='lat' dir='ltr'>virtutum‘2).</span> <span class='ocrx_word' id='word_1_227' title='bbox 686 2623 964 2678; x_wconf 84' lang='lat' dir='ltr'>Quandoque</span> <span class='ocrx_word' id='word_1_228' title='bbox 1007 2623 1193 2667; x_wconf 87' lang='lat' dir='ltr'>ecclesia</span> <span class='ocrx_word' id='word_1_229' title='bbox 1236 2624 1351 2666; x_wconf 92' lang='lat' dir='ltr'>hanc</span> <span class='ocrx_word' id='word_1_230' title='bbox 1394 2622 1739 2678; x_wconf 89' lang='lat' dir='ltr'>promissionem</span> <span class='ocrx_word' id='word_1_231' title='bbox 1775 2622 1991 2678; x_wconf 83' lang='lat' dir='ltr'>explicite</span> 
     </span>
     <span class='ocr_line' id='line_1_31' title="bbox 105 2697 1988 2754; baseline -0.001 -13"><span class='ocrx_word' id='word_1_232' title='bbox 105 2703 152 2742; x_wconf 90' lang='lat' dir='ltr'>et</span> <span class='ocrx_word' id='word_1_233' title='bbox 185 2698 443 2742; x_wconf 75' lang='lat' dir='ltr'>formaliter</span> <span class='ocrx_word' id='word_1_234' title='bbox 474 2712 564 2742; x_wconf 91' lang='lat' dir='ltr'>non</span> <span class='ocrx_word' id='word_1_235' title='bbox 597 2699 759 2754; x_wconf 76' lang='lat' dir='ltr'>exigit,</span> <span class='ocrx_word' id='word_1_236' title='bbox 808 2699 1075 2754; x_wconf 88' lang='lat' dir='ltr'>praesertim</span> <span class='ocrx_word' id='word_1_237' title='bbox 1118 2698 1195 2741; x_wconf 91' lang='lat' dir='ltr'>ubi</span> <span class='ocrx_word' id='word_1_238' title='bbox 1228 2703 1455 2754; x_wconf 85' lang='lat' dir='ltr'>repugnet</span> <span class='ocrx_word' id='word_1_239' title='bbox 1486 2697 1579 2752; x_wconf 84' lang='lat' dir='ltr'>legi</span> <span class='ocrx_word' id='word_1_240' title='bbox 1614 2697 1762 2748; x_wconf 85' lang='lat' dir='ltr'>civili;</span> <span class='ocrx_word' id='word_1_241' title='bbox 1808 2697 1988 2752; x_wconf 90' lang='lat' dir='ltr'>parochi</span> 
     </span>
     <span class='ocr_line' id='line_1_32' title="bbox 106 2773 1702 2828; baseline -0.001 -12"><span class='ocrx_word' id='word_1_242' title='bbox 106 2779 263 2816; x_wconf 86' lang='lat' dir='ltr'>tamen</span> <span class='ocrx_word' id='word_1_243' title='bbox 296 2777 473 2828; x_wconf 88' lang='lat' dir='ltr'>partem</span> <span class='ocrx_word' id='word_1_244' title='bbox 508 2774 777 2816; x_wconf 87' lang='lat' dir='ltr'>catholicam</span> <span class='ocrx_word' id='word_1_245' title='bbox 814 2775 867 2817; x_wconf 89' lang='lat' dir='ltr'>de</span> <span class='ocrx_word' id='word_1_246' title='bbox 900 2774 983 2817; x_wconf 89' lang='lat' dir='ltr'>hac</span> <span class='ocrx_word' id='word_1_247' title='bbox 1018 2773 1298 2828; x_wconf 82' lang='lat' dir='ltr'>obligatione</span> <span class='ocrx_word' id='word_1_248' title='bbox 1330 2786 1509 2816; x_wconf 89' lang='lat' dir='ltr'>monere</span> <span class='ocrx_word' id='word_1_249' title='bbox 1543 2773 1702 2815; x_wconf 88' lang='lat' dir='ltr'>solent.</span> 
     </span>
    </p>

    <p class='ocr_par' dir='ltr' id='par_1_8' title="bbox 102 2847 1992 3128">
     <span class='ocr_line' id='line_1_33' title="bbox 255 2847 1990 2904; baseline -0.001 -14"><span class='ocrx_word' id='word_1_250' title='bbox 255 2847 296 2890; x_wconf 75' lang='lat' dir='ltr'>cl.</span> <span class='ocrx_word' id='word_1_251' title='bbox 333 2847 576 2891; x_wconf 89' lang='lat' dir='ltr'>Cautiones</span> <span class='ocrx_word' id='word_1_252' title='bbox 599 2848 767 2904; x_wconf 73' lang='lat' dir='ltr'>scripto</span> <span class='ocrx_word' id='word_1_253' title='bbox 800 2862 879 2903; x_wconf 90' lang='lat' dir='ltr'>per</span> <span class='ocrx_word' id='word_1_254' title='bbox 901 2849 1082 2892; x_wconf 88' lang='lat' dir='ltr'>litteras</span> <span class='ocrx_word' id='word_1_255' title='bbox 1108 2848 1354 2891; x_wconf 81' lang='lat' dir='ltr'>reversales</span> <span class='ocrx_word' id='word_1_256' title='bbox 1378 2847 1576 2891; x_wconf 83' lang='lat' dir='ltr'>exhiberi</span> <span class='ocrx_word' id='word_1_257' title='bbox 1605 2847 1796 2900; x_wconf 88' lang='lat' dir='ltr'>debent;</span> <span class='ocrx_word' id='word_1_258' title='bbox 1831 2847 1990 2902; x_wconf 88' lang='lat' dir='ltr'>quodsi</span> 
     </span>
     <span class='ocr_line' id='line_1_34' title="bbox 102 2921 1991 2978; baseline -0.001 -13"><span class='ocrx_word' id='word_1_259' title='bbox 102 2921 321 2977; x_wconf 84' lang='lat' dir='ltr'>speciales</span> <span class='ocrx_word' id='word_1_260' title='bbox 368 2923 568 2966; x_wconf 88' lang='lat' dir='ltr'>rationes</span> <span class='ocrx_word' id='word_1_261' title='bbox 616 2923 873 2978; x_wconf 86' lang='lat' dir='ltr'>impediant</span> <span class='ocrx_word' id='word_1_262' title='bbox 921 2923 1154 2966; x_wconf 88' lang='lat' dir='ltr'>cautiones</span> <span class='ocrx_word' id='word_1_263' title='bbox 1195 2923 1363 2977; x_wconf 86' lang='lat' dir='ltr'>scripto</span> <span class='ocrx_word' id='word_1_264' title='bbox 1411 2922 1703 2976; x_wconf 86' lang='lat' dir='ltr'>exhibendas,</span> <span class='ocrx_word' id='word_1_265' title='bbox 1754 2921 1991 2977; x_wconf 89' lang='lat' dir='ltr'>episcopus</span> 
     </span>
     <span class='ocr_line' id='line_1_35' title="bbox 106 2996 1989 3053; baseline -0.001 -13"><span class='ocrx_word' id='word_1_266' title='bbox 106 2997 373 3052; x_wconf 89' lang='lat' dir='ltr'>permittere</span> <span class='ocrx_word' id='word_1_267' title='bbox 415 3002 582 3052; x_wconf 85' lang='lat' dir='ltr'>potest,</span> <span class='ocrx_word' id='word_1_268' title='bbox 630 3004 682 3041; x_wconf 88' lang='lat' dir='ltr'>ut</span> <span class='ocrx_word' id='word_1_269' title='bbox 726 3011 831 3053; x_wconf 89' lang='lat' dir='ltr'>pars</span> <span class='ocrx_word' id='word_1_270' title='bbox 871 2998 1125 3041; x_wconf 84' lang='lat' dir='ltr'>acatholica</span> <span class='ocrx_word' id='word_1_271' title='bbox 1157 2997 1305 3040; x_wconf 86' lang='lat' dir='ltr'>verbis</span> <span class='ocrx_word' id='word_1_272' title='bbox 1350 2997 1487 3040; x_wconf 90' lang='lat' dir='ltr'>fidem</span> <span class='ocrx_word' id='word_1_273' title='bbox 1533 3010 1610 3040; x_wconf 92' lang='lat' dir='ltr'>seu</span> <span class='ocrx_word' id='word_1_274' title='bbox 1643 2996 1989 3051; x_wconf 89' lang='lat' dir='ltr'>promissionem</span> 
     </span>
     <span class='ocr_line' id='line_1_36' title="bbox 105 3069 1992 3128; baseline -0.001 -14"><span class='ocrx_word' id='word_1_275' title='bbox 105 3075 323 3126; x_wconf 89' lang='lat' dir='ltr'>praestet,</span> <span class='ocrx_word' id='word_1_276' title='bbox 357 3071 394 3114; x_wconf 90' lang='lat' dir='ltr'>si</span> <span class='ocrx_word' id='word_1_277' title='bbox 428 3072 560 3115; x_wconf 90' lang='lat' dir='ltr'>modo</span> <span class='ocrx_word' id='word_1_278' title='bbox 593 3072 829 3115; x_wconf 90' lang='lat' dir='ltr'>moraliter</span> <span class='ocrx_word' id='word_1_279' title='bbox 861 3077 1010 3116; x_wconf 86' lang='lat' dir='ltr'>cert-us</span> <span class='ocrx_word' id='word_1_280' title='bbox 1044 3072 1120 3127; x_wconf 88' lang='lat' dir='ltr'>sit,</span> <span class='ocrx_word' id='word_1_281' title='bbox 1152 3072 1376 3128; x_wconf 88' lang='lat' dir='ltr'>promissa</span> <span class='ocrx_word' id='word_1_282' title='bbox 1407 3075 1566 3127; x_wconf 88' lang='lat' dir='ltr'>postea</span> <span class='ocrx_word' id='word_1_283' title='bbox 1599 3071 1843 3126; x_wconf 87' lang='lat' dir='ltr'>impletum</span> <span class='ocrx_word' id='word_1_284' title='bbox 1876 3069 1992 3125; x_wconf 66' lang='lat' dir='ltr'>iri3).</span> 
     </span>
    </p>
   </div>
   <div class='ocr_carea' id='block_1_4' title="bbox 103 3234 1991 3591">
    <p class='ocr_par' dir='ltr' id='par_1_9' title="bbox 103 3234 1991 3440">
     <span class='ocr_line' id='line_1_37' title="bbox 262 3234 1991 3292; baseline -0.002 -13"><span class='ocrx_word' id='word_1_285' title='bbox 262 3235 291 3291; x_wconf 83' lang='lat'>¹)</span> <span class='ocrx_word' id='word_1_286' title='bbox 337 3236 471 3279; x_wconf 87' lang='lat' dir='ltr'>Sedes</span> <span class='ocrx_word' id='word_1_287' title='bbox 514 3236 765 3291; x_wconf 88' lang='lat' dir='ltr'>apostolica</span> <span class='ocrx_word' id='word_1_288' title='bbox 807 3249 952 3292; x_wconf 88' lang='lat' dir='ltr'>nuper</span> <span class='ocrx_word' id='word_1_289' title='bbox 998 3237 1068 3280; x_wconf 85' lang='grc'>26.</span> <span class='ocrx_word' id='word_1_290' title='bbox 1114 3240 1228 3291; x_wconf 89' lang='lat' dir='ltr'>sept.</span> <span class='ocrx_word' id='word_1_291' title='bbox 1275 3234 1391 3278; x_wconf 82' lang='grc'>1890</span> <span class='ocrx_word' id='word_1_292' title='bbox 1438 3235 1609 3279; x_wconf 82' lang='lat' dir='ltr'>litteris</span> <span class='ocrx_word' id='word_1_293' title='bbox 1659 3236 1717 3278; x_wconf 89' lang='lat' dir='ltr'>ad</span> <span class='ocrx_word' id='word_1_294' title='bbox 1760 3236 1991 3289; x_wconf 88' lang='lat' dir='ltr'>episcopos</span> 
     </span>
     <span class='ocr_line' id='line_1_38' title="bbox 104 3307 1991 3365; baseline -0.002 -12"><span class='ocrx_word' id='word_1_295' title='bbox 104 3310 374 3365; x_wconf 84' lang='lat' dir='ltr'>Hungariae</span> <span class='ocrx_word' id='word_1_296' title='bbox 407 3310 528 3354; x_wconf 88' lang='lat' dir='ltr'>datis</span> <span class='ocrx_word' id='word_1_297' title='bbox 560 3311 728 3354; x_wconf 87' lang='lat' dir='ltr'>iterum</span> <span class='ocrx_word' id='word_1_298' title='bbox 764 3310 1021 3354; x_wconf 76' lang='lat' dir='ltr'>affirmavit</span> <span class='ocrx_word' id='word_1_299' title='bbox 1052 3309 1437 3365; x_wconf 84' lang='lat' dir='ltr'>dispensationem</span> <span class='ocrx_word' id='word_1_300' title='bbox 1461 3323 1488 3353; x_wconf 91' lang='lat' dir='ltr'>a</span> <span class='ocrx_word' id='word_1_301' title='bbox 1512 3309 1679 3353; x_wconf 90' lang='lat' dir='ltr'>debitis</span> <span class='ocrx_word' id='word_1_302' title='bbox 1704 3307 1991 3352; x_wconf 87' lang='lat' dir='ltr'>cautionibus</span> 
     </span>
     <span class='ocr_line' id='line_1_39' title="bbox 103 3384 586 3440; baseline 0.004 -14"><span class='ocrx_word' id='word_1_303' title='bbox 103 3384 289 3428; x_wconf 84' lang='lat' dir='ltr'>concedi</span> <span class='ocrx_word' id='word_1_304' title='bbox 320 3398 411 3428; x_wconf 91' lang='lat' dir='ltr'>non</span> <span class='ocrx_word' id='word_1_305' title='bbox 444 3398 586 3440; x_wconf 90' lang='lat' dir='ltr'>posse.</span> 
     </span>
    </p>

    <p class='ocr_par' dir='ltr' id='par_1_10' title="bbox 262 3457 1471 3516">
     <span class='ocr_line' id='line_1_40' title="bbox 262 3457 1471 3516; baseline -0.001 -15"><span class='ocrx_word' id='word_1_306' title='bbox 262 3457 293 3513; x_wconf 83' lang='lat'>2)</span> <span class='ocrx_word' id='word_1_307' title='bbox 327 3459 577 3503; x_wconf 88' lang='lat' dir='ltr'>Instructio</span> <span class='ocrx_word' id='word_1_308' title='bbox 611 3459 657 3503; x_wconf 79' lang='lat' dir='ltr'>S.</span> <span class='ocrx_word' id='word_1_309' title='bbox 696 3460 740 3503; x_wconf 83' lang='lat' dir='ltr'>O.</span> <span class='ocrx_word' id='word_1_310' title='bbox 775 3459 829 3502; x_wconf 82' lang='lat' dir='ltr'>de</span> <span class='ocrx_word' id='word_1_311' title='bbox 850 3472 984 3515; x_wconf 75' lang='lat' dir='ltr'>prop.</span> <span class='ocrx_word' id='word_1_312' title='bbox 1010 3459 1107 3516; x_wconf 77' lang='lat' dir='ltr'>fide</span> <span class='ocrx_word' id='word_1_313' title='bbox 1139 3459 1179 3501; x_wconf 77' lang='lat'>9.</span> <span class='ocrx_word' id='word_1_314' title='bbox 1215 3459 1307 3503; x_wconf 86' lang='lat' dir='ltr'>dec.</span> <span class='ocrx_word' id='word_1_315' title='bbox 1344 3459 1471 3502; x_wconf 83' lang='grc'>1822.</span> 
     </span>
    </p>

    <p class='ocr_par' dir='ltr' id='par_1_11' title="bbox 260 3532 1018 3591">
     <span class='ocr_line' id='line_1_41' title="bbox 260 3532 1018 3591; baseline 0 -15"><span class='ocrx_word' id='word_1_316' title='bbox 260 3532 292 3589; x_wconf 82' lang='grc'>3)</span> <span class='ocrx_word' id='word_1_317' title='bbox 327 3533 375 3576; x_wconf 80' lang='lat' dir='ltr'>S.</span> <span class='ocrx_word' id='word_1_318' title='bbox 414 3534 621 3591; x_wconf 77' lang='lat' dir='ltr'>Officium</span> <span class='ocrx_word' id='word_1_319' title='bbox 655 3535 725 3577; x_wconf 90' lang='grc'>10.</span> <span class='ocrx_word' id='word_1_320' title='bbox 761 3534 852 3577; x_wconf 88' lang='lat' dir='ltr'>dec.</span> <span class='ocrx_word' id='word_1_321' title='bbox 890 3533 1018 3576; x_wconf 83' lang='grc'>1902.</span> 
     </span>
    </p>
   </div>
  </div>
 </body>
</html>
