2269 3898
621 149 687 192 De
719 147 1075 203 proprietatibus
1108 147 1401 190 matrimonii.
1888 147 1943 189 31

81 285 405 335 iuramentis
463 290 690 334 constat.
789 300 828 332 e.
886 279 1189 332 Vinculum
1250 281 1600 349 professionis
1659 278 1944 346 religiosae

80 373 278 424 fortius
319 381 413 438 est,
466 388 629 440 quam
679 368 966 420 vinculum
1021 370 1280 437 coniugii,
1336 370 1464 438 quia
1516 368 1777 437 professio
1830 368 1946 419 reli-

80 463 233 529 giosa
275 461 686 511 matrimonium
728 465 907 508 ratum
951 456 1139 517 solvit;
1195 459 1346 527 atqui
1389 458 1783 527 professionem
1830 456 1946 508 reli-

80 552 291 619 giosam
346 566 590 600 summus
643 546 895 615 pontifex
948 545 1157 597 solvere
1211 554 1414 615 potest3
1472 564 1598 613 ergo
1656 565 1687 597 a
1739 546 1948 596 fortiori

84 638 495 689 matrimonium
537 643 732 687 ratum.

231 724 530 778 Frequentius
577 723 746 766 recenti
796 737 929 777 quam
979 723 1166 777 antiquo
1227 727 1429 777 tempore
1488 722 1652 765 summi
1714 722 1950 776 pontifices

85 804 282 843 utuntur
313 799 397 841 hac
429 802 671 852 potestate.
734 797 861 840 Nunc
894 811 945 840 ea
977 802 1173 840 utuntur
1222 796 1487 851 praesertim
1537 796 1585 838 in
1616 796 1673 838 iis
1707 796 1951 850 adiunctis,

79 873 131 916 in
165 872 325 927 quibus
359 873 411 915 de
443 872 660 915 nullitate
693 871 973 914 matrimonii
1007 871 1164 926 agitur
1196 871 1415 925 quaestio,
1440 870 1631 913 nullitas
1655 875 1806 912 autem
1832 874 1951 912 certo

86 946 389 989 demonstrari
422 946 593 1000 nequit.
659 946 709 988 In
742 947 823 988 hoc
856 946 974 989 enim
1010 960 1115 989 casu
1148 946 1396 999 vinculum,
1431 945 1467 987 si
1502 945 1620 999 quod
1654 944 1838 998 existat,
1873 945 1952 986 sol-

23 1022 26 1025 ”
86 1020 224 1074 vitur,
258 1028 301 1063 et
336 1020 530 1075 quidem,
564 1033 656 1063 una
688 1025 817 1075 parte
851 1033 904 1062 ex
936 1020 1072 1062 iustis
1105 1019 1251 1062 causis
1276 1019 1545 1062 solutionem
1583 1022 1780 1073 petente,
1815 1017 1952 1060 etiam

83 1100 242 1138 contra
273 1095 559 1138 voluntatem
593 1094 781 1137 alterius
815 1094 974 1149 partis.
1038 1094 1182 1136 Immo
1215 1108 1304 1137 non
1339 1094 1502 1136 desunt
1544 1093 1749 1147 exempla
1783 1092 1958 1147 dispen-

90 1169 278 1212 sationis
311 1169 592 1212 matrimonii
626 1168 781 1219 validi.
818 1182 931 1222 quae
964 1172 1062 1210 tum
1097 1167 1362 1222 praesertim
1397 1166 1670 1221 conceditur,
1721 1179 1820 1209 cum
1865 1180 1955 1209 una

86 1257 191 1299 pars
215 1257 314 1286 cum
348 1243 488 1287 tertia
521 1256 708 1298 persona
740 1243 830 1286 iam
865 1243 971 1285 iniit
1005 1242 1347 1285 matrimonium
1383 1240 1564 1294 civile¹).

241 1390 334 1445 30.
390 1391 437 1444 2.
483 1391 898 1442 Matrimonium
940 1398 1113 1441 ratum
1154 1399 1202 1440 et
1239 1408 1345 1440 ozon
1386 1397 1794 1439 consummatum
1826 1389 1956 1456 fide-

94 1482 221 1533 lium
262 1480 492 1532 solvitur
525 1499 624 1549 per
654 1479 1043 1549 professionem
1072 1477 1367 1529 sollemnem
1408 1478 1571 1528 unius
1613 1479 1861 1546 coniugis
1902 1479 1958 1528 in

92 1569 354 1639 religione
394 1570 601 1637 (stricte
641 1568 758 1634 tali)
802 1567 870 1618 ab
915 1566 1142 1618 ecclesia
1185 1565 1507 1635 approbata,
1554 1565 1699 1634 quod
1743 1564 1809 1615 de
1850 1565 1958 1616 fide

90 1667 302 1710 certum
364 1665 470 1709 est:
532 1656 627 1725 „Si
689 1659 810 1726 quis
871 1656 1073 1708 dixerit
1133 1657 1546 1707 matrimonium
1605 1662 1783 1706 ratum
1851 1658 1959 1706 non

92 1754 533 1798 consummatum
587 1766 684 1816 per
737 1747 1056 1799 sollemnem
1110 1745 1390 1815 religionis
1444 1745 1839 1815 professionem
1892 1743 1962 1795 al-

93 1837 261 1887 terius
303 1837 600 1903 coniugum
645 1855 754 1888 non
798 1836 981 1888 dirimi
1023 1855 1068 1888 a.
1112 1836 1218 1899 S.2).

245 1939 284 1967 α.
320 1925 384 1967 Ut
417 1925 761 1969 matrimonium
796 1925 877 1969 hoc
910 1925 1041 1968 modo
1075 1925 1294 1978 solvatur,
1327 1923 1598 1978 requiritur:
1636 1938 1676 1964 α.
1710 1928 1763 1965 ut
1788 1925 1963 1965 constet

96 1999 216 2042 illud
248 2012 337 2042 non
369 1998 510 2042 fuisse
542 2005 648 2042 actu
681 1999 908 2054 coniugali
942 2003 1327 2048 consummatum;
1364 1999 1401 2047 β.
1436 2006 1488 2040 ut
1530 1998 1772 2040 emittatur
1813 1996 1967 2039 valida

99 2073 316 2128 professio
347 2073 583 2129 religiosa:
618 2073 711 2116 vim
736 2073 855 2116 enim
890 2073 1093 2117 solvendi
1128 2072 1470 2116 matrimonium
1504 2071 1721 2126 professio
1753 2070 1966 2125 religiosa

97 2146 238 2190 habet
269 2147 446 2191 ratione
490 2148 585 2190 voti
634 2147 863 2191 sollemnis
911 2147 1156 2201 castitatis,
1204 2147 1320 2200 quod
1368 2146 1415 2189 in
1463 2159 1514 2189 ea
1561 2145 1832 2198 continetur,
1878 2157 1967 2186 non

103 2226 255 2265 tamen
288 2226 516 2276 potestate
552 2222 722 2276 divina,
756 2222 832 2265 sed
872 2226 1103 2277 potestate
1146 2220 1449 2264 ecclesiastica
1488 2219 1604 2262 illud
1647 2218 1798 2261 solvit.
1862 2218 1968 2259 ldeo

104 2296 445 2339 matrimonium
469 2310 558 2340 non
589 2296 748 2340 solvit:
786 2311 824 2338 α.
860 2301 1016 2338 votum
1051 2295 1243 2350 simplex
1277 2294 1507 2338 castitatis
1541 2296 1670 2336 extra
1702 2292 1967 2347 religionem

99 2370 339 2419 emissum;
367 2372 404 2419 β.
428 2383 508 2413 nec
525 2375 683 2414 votum
709 2371 901 2426 simplex
924 2369 1155 2412 castitatis
1180 2369 1417 2424 (professio
1443 2368 1651 2423 simplex)
1678 2367 1725 2410 in
1748 2366 1967 2421 religione

98 2444 341 2497 emissum;
377 2459 417 2497 γ.
451 2458 531 2488 nec
563 2449 721 2488 votum
756 2446 970 2488 sollemne
1002 2444 1049 2487 in
1083 2444 1410 2487 subdiaconatu
1444 2443 1671 2486 emissum.

254 2519 289 2563 b.
326 2518 552 2571 Quamdiu
595 2519 936 2562 matrimonium
985 2532 1073 2561 non
1122 2522 1190 2561 est
1239 2521 1617 2571 consummatum,
1665 2515 1827 2559 coniux
1874 2514 1970 2558 reli-

107 2592 286 2647 gionem
319 2592 499 2647 ingredi
532 2597 700 2648 potest,
733 2593 872 2636 etiam
917 2592 1064 2635 invito
1105 2593 1247 2636 altero
1292 2589 1536 2646 coniugess).
1601 2590 1686 2643 Qui
1736 2590 1789 2632 de
1829 2601 1971 2643 capes-

101 2666 246 2709 senda
277 2666 495 2721 religione
527 2668 718 2722 cogitat,
751 2667 895 2722 primo
930 2666 1133 2709 bimestri
1167 2665 1508 2709 matrimonium
1543 2676 1851 2707 consummare
1882 2676 1972 2705 non

101 2746 310 2793 tenetur3
359 2741 509 2795 elapso
543 2746 695 2784 autem
738 2741 942 2784 bimestri
991 2741 1061 2784 vel
1110 2740 1375 2795 religionem
1424 2739 1602 2793 ingredi
1650 2739 1721 2781 vel
1771 2736 1971 2780 debitum

104 2814 292 2858 reddere
326 2813 509 2869 debet4).
543 2815 674 2858 Alter
706 2815 868 2858 coniux
900 2815 948 2857 in
981 2816 1156 2858 saeculo
1190 2827 1375 2857 manens
1407 2826 1548 2867 usque
1571 2813 1628 2855 ad
1651 2811 1971 2867 professionem

100 2893 345 2943 ⁴expectare
379 2888 525 2943 debet,
558 2902 701 2943 neque
733 2889 846 2932 alias
878 2889 1064 2944 nuptias
1096 2889 1212 2931 inire
1254 2892 1431 2943 potest:
1477 2887 1645 2930 etenim
1691 2886 1727 2929 si
1771 2890 1876 2929 ante
1916 2886 1974 2929 al-

110 2963 253 3006 terius
285 2963 607 3017 professionem
639 2977 807 3006 novum
841 2963 1179 3006 matrimonium
1226 2962 1378 3015 iniret,
1426 2962 1507 3004 hoc
1548 2960 1803 3004 invalidum
1845 2965 1974 3013 esset,

101 3051 209 3080 -cum
257 3037 381 3092 prius
429 3037 769 3080 matrimonium
820 3051 898 3092 per
946 3037 1265 3092 professionem
1316 3037 1495 3079 demum
1544 3036 1761 3078 solvatur.
1824 3035 1975 3078 Matri-

266 3201 298 3253 1)
334 3201 400 3244 Cf.
434 3202 551 3244 Acta
583 3214 616 3244 s.
651 3201 769 3244 sedis
802 3200 1007 3243 XXVIII.
1042 3214 1084 3256 p.
1118 3201 1216 3242 400.

268 3273 298 3328 2)
334 3274 575 3318 Concilium
608 3275 714 3317 trid.
748 3288 853 3318 sess.
888 3274 957 3317 524.
991 3288 1087 3318 can.
1120 3275 1161 3317 6.
1195 3274 1262 3318 Cf.
1296 3273 1434 3317 etiam
1485 3273 1529 3317 C.
1565 3273 1727 3316 Verum
1771 3273 1810 3315 2.
1852 3279 1895 3315 et
1931 3272 1976 3315 C.

111 3350 184 3393 Ex
217 3349 395 3404 publico
430 3350 468 3391 7.
502 3349 574 3392 De
607 3362 804 3392 convers.
838 3349 1058 3404 com'uqat.
1089 3348 1178 3399 (III.
1212 3348 1303 3401 32).

268 3422 299 3477 ³)
331 3423 375 3466 C.
410 3422 576 3466 Verum
611 3423 651 3465 2.
688 3423 757 3466 De
789 3435 987 3466 concers.
1020 3423 1190 3477 conz'uffi
1225 3421 1316 3476 (III.
1351 3423 1439 3475 32).

265 3497 300 3548 ⁴)
331 3497 376 3539 C.
412 3498 480 3540 Ex
514 3496 691 3552 publico
725 3497 766 3540 7.
800 3497 871 3540 De
904 3510 1099 3540 concers.
1134 3497 1305 3552 coninq.
1336 3496 1436 3550 (ΙΙΙ.
1469 3496 1552 3548 32).
