2269 3898
306 173 364 214 94
1049 166 1116 208 De
1149 164 1453 207 matrimonio.

311 303 594 368 micilium7
640 301 733 351 sed
776 299 911 351 illud
955 299 1201 351 habeant
1241 299 1294 349 in
1338 297 1475 364 loco7
1517 297 1613 349 ubi
1658 297 1942 348 decretum
1984 297 2185 348 triden-

311 396 485 444 tinum
530 409 638 441 non
682 391 846 456 viget.
925 389 1102 440 Huius
1130 389 1208 438 rei
1250 389 1388 438 ratio
1432 394 1528 449 est,
1573 387 1705 456 quia
1745 386 1813 437 ad
1855 386 2002 456 leges
2046 405 2186 438 com-

313 499 504 532 munes
535 477 837 529 servandas
864 479 1030 528 etiam
1062 477 1335 545 peregrini
1372 484 1645 542 tenentur⁷
1678 478 1931 544 quamvis
1960 477 2188 527 Veniant-

312 590 341 623 e
383 570 499 620 loco
544 576 786 634 exemt03
841 565 931 617 lex
985 573 1168 617 autem
1213 565 1520 617 tridentina
1562 583 1631 616 ex
1673 565 1980 616 intentione
2022 564 2187 616 eccle·

313 661 425 710 siae
487 665 567 708 est
624 655 714 707 lex
775 655 1121 721 universalis,
1182 656 1282 706 etsi
1343 654 1414 705 ad
1474 654 1746 706 actualem
1809 655 1925 705 eius
1985 653 2187 721 obliga-

312 750 517 799 tionem
561 745 792 797 ecclesia
835 745 1086 811 voluerit,
1142 752 1202 795 ut
1243 745 1298 795 in
1343 743 1573 811 singulis
1613 743 1892 813 parochiis
1945 742 2189 812 publica-

312 845 475 889 retur.
557 837 790 904 Insuper
831 834 903 886 ad
945 833 1247 886 servandas
1302 832 1451 900 leges
1491 831 1629 884 latas
1691 834 1836 884 circa
1879 841 2192 884 contractus

312 944 501 977 omnes
557 933 814 977 tenentur
871 933 986 974 tum
1045 922 1258 974 incolae
1318 931 1435 973 tum
1494 922 1799 991 peregrini:
1862 920 2004 972 locus
2062 922 2195 989 reyit

313 1024 633 1068 contractum
647 1014 696 1080 ι).

463 1120 506 1170 b.
558 1119 612 1170 Si
670 1125 881 1168 constat
921 1116 1101 1185 legem
1155 1114 1514 1166 tridentinam
1571 1116 1627 1165 in
1682 1113 1866 1183 aliquo
1921 1115 2192 1165 territorio

318 1208 522 1277 ubique
551 1204 957 1276 promulgatam
1001 1222 1134 1269 esse,
1179 1221 1243 1254 ea
1273 1203 1424 1271 viget
1453 1204 1618 1253 etiam
1661 1203 1717 1253 in
1760 1201 2037 1271 parochiis
2074 1211 2196 1271 post

316 1295 814 1366 promulgationem
841 1294 1053 1360 erectis7
1083 1295 1202 1344 sive
1235 1291 1541 1343 catholicae
1571 1300 1698 1343 sunt
1727 1293 1843 1342 sive
1866 1280 2194 1358 haereticae,

316 1388 450 1456 quin
493 1385 673 1436 denuo
716 1383 1110 1454 promulgetur.

466 1510 504 1544 c,
551 1490 607 1541 Si
636 1489 916 1558 parochia,
962 1490 1020 1540 in
1050 1506 1158 1557 qua
1187 1487 1276 1538 lex
1302 1486 1605 1537 tridentina
1629 1485 1977 1555 promulgata
2004 1486 2195 1547 fuerat,

317 1583 374 1632 in
417 1581 554 1632 duas
616 1579 902 1644 dividitur,
965 1577 1054 1628 vel
1115 1578 1159 1628 si
1222 1576 1407 1645 aliqua
1462 1594 1588 1644 pars
1649 1576 1718 1627 ab
1781 1575 1874 1628 illa
1934 1578 2198 1647 parochia

319 1670 602 1722 divellitur
642 1678 695 1720 et
735 1669 890 1720 alteri
934 1667 1232 1737 parochiae
1262 1668 1592 1731 annectitur,
1637 1667 1690 1717 in
1736 1684 1844 1735 qua
1873 1666 1963 1718 lex
1994 1668 2197 1720 triden-

318 1763 434 1811 tina
464 1779 574 1811 non
616 1761 783 1827 viget,
828 1777 966 1827 opus
1009 1775 1117 1808 non
1160 1766 1240 1807 est
1281 1774 1427 1807 nova
1456 1755 1925 1825 promulgatione3
1971 1759 2013 1808 si
2043 1776 2197 1808 econ·

318 1862 401 1901 tra
442 1849 512 1900 ad
556 1848 877 1918 parochiam
931 1846 1038 1914 legi
1081 1846 1417 1897 tridentinae
1474 1844 1781 1897 subiectam
1837 1846 2052 1898 accedit
2108 1847 2199 1899 ali-

317 1939 466 2009 quod
521 1939 857 1989 territorium
899 1936 1187 2005 hucusque
1229 1934 1298 1986 ab
1343 1934 1535 1986 eadem
1578 1934 1700 2003 lege
1742 1937 2004 2002 immune,
2063 1936 2200 1988 illud

317 2046 472 2080 suam
503 2028 912 2078 immunitatem
954 2027 1170 2092 retinet,
1215 2024 1557 2094 proindeque
1596 2024 1859 2093 parochia
1886 2043 1956 2076 ex
1985 2025 2201 2078 duabus

319 2117 570 2187 partibus
612 2124 843 2181 constat,
888 2119 944 2168 in
989 2134 1221 2185 quarum
1265 2114 1435 2166 altera
1476 2116 1829 2167 matrimonia
1857 2115 2201 2168 clandestina

321 2207 523 2275 valida>
568 2209 624 2258 in
666 2207 837 2258 altera
878 2214 1062 2257 autem
1107 2204 1357 2256 invalida
1400 2214 1542 2256 sunt.

471 2388 566 2441 95.
624 2387 750 2440 Lex
801 2385 1144 2440 tridentina
1197 2400 1271 2439 ex
1313 2386 1483 2453 parte
1524 2385 1868 2452 personalis
1912 2386 2022 2448 est,
2076 2404 2202 2453 qua-

323 2486 482 2528 tenus
524 2495 722 2546 nempe
765 2494 871 2541 eos,
917 2477 1010 2545 qui
1053 2475 1173 2543 lege
1217 2474 1453 2526 subiecti
1496 2482 1638 2540 sunt,
1683 2482 1838 2525 extra
1865 2475 2201 2525 territorium

323 2568 584 2636 sequitur,
639 2568 683 2617 si
724 2567 781 2617 in
807 2565 1069 2635 fraudem
1110 2563 1238 2632 Zeqis
1280 2565 1336 2615 in
1377 2563 1494 2615 loco
1538 2571 1755 2614 exemto
1800 2563 2200 2629 contrahunt2).

473 2670 557 2717 Ad
590 2670 924 2728 quaestionem
963 2683 1091 2725 ergo,
1138 2683 1248 2714 num
1286 2667 1473 2725 obliget
1515 2680 1612 2719 eos,
1658 2667 1739 2726 qui
1778 2667 2020 2714 habentes
2056 2668 2201 2713 domi-

324 2746 489 2791 cilium
523 2746 604 2791 vcl
638 2745 1105 2804 quasi-domicilium
1140 2743 1188 2788 in
1222 2744 1343 2800 loco,
1377 2742 1461 2789 ubi
1494 2743 1575 2788 lex
1607 2742 1885 2788 tridentina
1908 2743 2060 2801 Viget,
2095 2755 2204 2788 con-

324 2820 528 2866 trahunt
561 2821 610 2865 in
643 2821 764 2867 loco,
798 2820 882 2865 u'oi
916 2832 1010 2864 non
1043 2818 1194 2876 viget,
1230 2818 1300 2863 ita
1335 2817 1731 2876 respondendum
1768 2822 1865 2862 est:

474 2924 513 2956 a.
560 2909 613 2956 Si
652 2911 898 2956 alteruter
930 2909 981 2954 in
1013 2909 1118 2953 loco
1155 2912 1349 2953 exemto
1384 2906 1685 2952 domicilium
1723 2912 1808 2951 aut
1841 2905 2204 2964 quasi-domici-

327 2984 444 3030 lium
495 2984 760 3042 acquisivit
809 2997 959 3041 eoque
1012 2982 1254 3040 acquisito
1305 2981 1584 3038 contrahit,
1637 2981 1775 3043 valet
1825 2980 2204 3035 matrimonium,

482 3162 516 3217 ¹)
558 3164 623 3206 Cf.
678 3163 921 3206 instructio
970 3177 1004 3206 s.
1060 3162 1213 3219 Officii
1261 3162 1330 3206 14.
1373 3162 1462 3204 dec.
1513 3160 1644 3203 1851.
1708 3159 1831 3202 Haec
1877 3159 2207 3201 confirmantur

330 3238 590 3292 nuperrima
625 3237 848 3280 decisione
871 3251 906 3280 s.
937 3238 1090 3294 Officii
1119 3237 1188 3280 ⁶28.
1223 3236 1314 3279 ian.
1351 3236 1466 3279 1899
1499 3234 1546 3277 in
1580 3233 1741 3278 celebri
1776 3246 1910 3276 causa
1943 3232 2204 3275 Parisiensi.

327 3314 395 3356 Cf.
430 3315 542 3355 Acta
575 3326 611 3354 s.
645 3312 782 3356 seclis.
816 3312 1005 3354 XXXII.
1043 3325 1083 3366 p.
1118 3311 1205 3353 346
1239 3324 1294 3353 ss.

481 3385 512 3438 2]
545 3387 586 3430 S.
621 3386 667 3429 C.
701 3386 746 3430 Ο.
781 3387 821 3429 ἴ).
856 3391 969 3440 sept.
1005 3386 1134 3439 1626,
1168 3384 1294 3428 cuius
1329 3385 1559 3428 decretum
1593 3384 1649 3427 ab
1691 3384 1872 3427 Urbano
1906 3382 2028 3424 VIII.
2063 3385 2204 3424 const.

330 3461 514 3516 Exponi
544 3461 672 3503 nohis
701 3461 788 3514 (14.
824 3473 927 3515 aug.
965 3460 1097 3514 1627)
1132 3461 1450 3503 confirmatum
1485 3464 1529 3502 et
1563 3473 1589 3502 a
1622 3458 1868 3501 Benedl‘cto
1903 3457 1982 3500 XI
1989 3456 2030 3499 Γ.
2065 3461 2205 3499 const.

331 3535 502 3577 Paucis
535 3535 624 3588 (19.
659 3538 793 3577 mart.
830 3535 961 3588 1758)
993 3534 1262 3577 innovatum
1297 3540 1379 3577 est.
