2269 3898
275 136 365 180 334
1002 136 1079 179 VI.
1114 137 1181 180 De
1214 138 1426 192 peccatis.

276 284 372 314 esse
414 271 611 324 videtur,
655 270 761 324 quia
803 270 852 312 in
895 274 1101 313 extrema
1139 270 1413 314 necessitate
1456 272 1725 326 quandoque
1763 272 1895 316 licita
1935 273 2153 329 evadunt,

279 358 393 402 quae
425 346 539 388 alias
572 346 673 399 lege
704 348 898 387 naturae
931 344 1242 399 prohibentur.
1287 346 1351 388 At
1366 359 1610 407 nunquam
1641 346 2152 407 EGREQQLUEAEE-Qm

278 420 505 480 hominem
522 419 750 462 occidere.
765 419 807 474 ¹).
1271 406 1359 412 ’ν
1635 406 1639 407 ⁷
1852 403 1879 408 ψ

428 511 474 561 4.
524 508 700 559 Gulae
743 508 797 560 S.
850 510 1076 560 leomas
1120 510 1364 579 quinque
1391 508 1547 577 filias
1588 520 1896 562 enumerat:

426 626 464 654 α.
500 612 736 655 Hebetndo
759 612 924 655 mentis
948 626 1025 655 seu
1051 612 1338 655 deordinatio
1369 613 1565 656 rationis
1598 614 1646 657 in
1679 627 1728 658 eo
1762 614 1868 669 sita,
1902 616 2020 669 quod
2054 615 2156 670 quis

275 699 355 727 nec
388 699 514 729 orare
546 699 627 729 nec
659 687 751 729 alia
783 687 831 729 id
865 700 1009 742 genus
1043 691 1277 742 praestare
1311 687 1471 741 possit.

425 762 461 803 b.
498 761 656 817 Inepta
690 762 867 804 laetitia
903 775 981 805 seu
1014 761 1297 804 inordinatio
1332 762 1584 816 appetitus.

426 851 458 879 c.
495 837 829 891 Allzlfz'loqnizme
866 850 944 879 seu
977 835 1258 878 inordinatio
1293 836 1545 880 verborum.

425 911 464 953 d.
500 912 777 954 Scm‘m‘lifas
810 925 888 955 seu
920 910 1201 954 inordinatio
1235 910 1511 954 exteriorum
1544 917 1746 967 actuum,
1780 913 1837 955 ad
1865 926 1974 966 quos
1997 913 2156 967 inepta

278 986 460 1029 laetitia
492 986 684 1031 inducit.

425 1076 460 1104 e.
494 1062 789 1104 Immumll'tl'a
836 1074 915 1104 seu
957 1060 1238 1103 inordinatio
1282 1061 1331 1102 in
1373 1074 1579 1115 corpore:
1631 1075 1685 1105 ex
1733 1062 1984 1105 saturitate
2033 1061 2154 1104 enim

273 1136 485 1179 oriuntur
518 1136 779 1179 emissiones
814 1135 1015 1189 seminiS,
1049 1135 1251 1177 vomitus
1285 1139 1331 1177 et-
1365 1136 1482 1178 aliae
1515 1150 1664 1179 rerum
1711 1138 2043 1192 superfluarum
2087 1150 2158 1180 ex·

275 1212 508 1255 cretiones,

425 1347 558 1400 306.
604 1361 673 1403 De
707 1359 1048 1413 temperantia
1086 1360 1352 1403 servanda.
1410 1358 1472 1404 In
1507 1373 1597 1404 usu
1634 1359 1733 1404 cibi
1769 1364 1819 1404 et
1850 1364 1993 1417 potus
2026 1358 2158 1404 ratio

276 1438 465 1483 modum
499 1435 815 1494 praescribit,
849 1449 989 1493 quem
1017 1435 1173 1492 exigit
1196 1434 1322 1492 finis,
1357 1440 1564 1492 propter
1587 1448 1727 1493 quem
1762 1435 1897 1479 cibus
1934 1440 1985 1479 et
2015 1441 2157 1492 potus

278 1514 339 1558 ab
377 1518 577 1558 auctore
613 1516 823 1555 naturae
864 1517 1062 1555 creatus
1098 1518 1187 1556 est.
1255 1508 1407 1555 Cibus
1454 1518 1617 1555 autem
1665 1514 1715 1554 et
1746 1516 1888 1567 potus
1925 1508 1988 1554 ad
2021 1509 2158 1555 vitae

277 1587 628 1633 necessitatem
664 1593 713 1631 et
748 1586 1159 1631 sustentationem
1187 1585 1444 1630 ordinatus
1480 1591 1569 1637 est,
1605 1589 1659 1629 ut
1692 1598 1865 1642 nempe
1901 1597 2074 1642 corpus
2109 1583 2159 1629 in

276 1662 568 1718 integritate
623 1666 672 1706 et
721 1660 893 1717 vigore
940 1666 1263 1706 conservetur
1308 1665 1358 1705 et
1403 1660 1472 1705 sic
1519 1660 1672 1704 menti
1721 1659 1771 1704 in
1818 1657 2154 1705 functionibus

276 1740 374 1784 suis
420 1744 534 1796 apte
579 1735 823 1782 inservire
874 1735 1044 1792 possit.
1122 1734 1231 1780 Iam
1277 1748 1396 1781 vero
1447 1735 1509 1780 ad
1550 1735 1689 1781 vitae.
1740 1734 2155 1780 sustentationem

274 1812 582 1857 necessarium
631 1825 727 1856 non
775 1810 899 1855 iliud
949 1811 1101 1855 solum
1148 1810 1342 1867 dicitur,
1394 1811 1520 1868 quod
1570 1810 1633 1855 ad
1683 1810 2018 1866 existentiam,
2071 1809 2158 1855 sed

277 1888 425 1934 etiam
464 1886 600 1932 illud.
637 1885 763 1943 quod
788 1885 851 1929 ad
879 1885 1277 1931 convenientiam
1305 1892 1355 1930 et
1379 1885 1677 1930 commodum
1702 1885 1989 1942 requiritur.
2035 1883 2161 1930 Pari

279 1963 415 2008 modo
452 1961 514 2007 ad
548 1961 701 2006 vitam
743 1974 828 2003 non
863 1961 1175 2004 necessarium
1219 1965 1320 2005 tum
1368 1960 1489 2005 illud
1516 1960 1722 2023 dicitur,
1768 1959 1889 2017 quod
1940 1959 2159 2017 corporis

278 2039 545 2083 sanitatem
596 2042 647 2081 et
691 2036 868 2081 mentis
915 2035 1142 2081 idoneam
1191 2035 1563 2093 dispositionem
1611 2035 1834 2093 impedit,
1876 2041 1977 2080 tum
2021 2033 2159 2091 illud,

276 2113 403 2170 quod
438 2113 500 2157 ad
535 2111 908 2157 convenientem
944 2111 1078 2156 vitae
1116 2111 1530 2156 sustentationem
1575 2124 1671 2156 non
1703 2110 1992 2168 requiritur.
2059 2108 2157 2168 Qui

280 2188 328 2232 in
362 2201 450 2233 usu
485 2188 583 2233 cibi
618 2192 668 2233 et
701 2194 842 2243 potus
878 2186 1086 2229 virtutem
1121 2186 1451 2241 temperantiae
1486 2190 1672 2243 servat,
1714 2191 1906 2231 tantum
1945 2183 2160 2230 comedit

279 2271 330 2308 et
351 2263 492 2317 bibit,
519 2270 748 2320 quantum
779 2262 841 2306 ad
867 2261 1242 2307 convenientem
1271 2261 1407 2307 vitae
1433 2260 1846 2306 sustentationem
1871 2259 2158 2318 requiritur,

279 2344 333 2382 at
365 2351 609 2394 nunquam
645 2337 804 2390 sumit,
841 2336 967 2393 quod
1002 2336 1221 2394 corporis
1246 2324 1465 2381 'sanitati
1500 2341 1586 2381 aut
1618 2335 1795 2381 mentis
1829 2335 2037 2380 idoneae
2065 2334 2159 2379 dis-

278 2412 511 2470 positioni
547 2412 608 2457 ad
644 2412 747 2457 eius
781 2411 1063 2456 functiones
1099 2410 1406 2456 exercendas
1440 2410 1706 2469 praevidet
1729 2407 2035 2455 obfuturum:
2069 2408 2160 2454 hoc

279 2487 409 2533 enim
435 2493 570 2532 esset
592 2494 848 2544 peccatum
875 2486 1036 2543 gulae.
1076 2485 1148 2531 Iis
1173 2499 1306 2532 ver0.
1331 2499 1455 2543 quae
1481 2485 1544 2531 ad
1571 2484 1944 2531 convenientem
1970 2489 2160 2529 susten-

280 2563 518 2607 tationem
551 2575 645 2606 non
670 2561 1006 2619 requiruntur,
1038 2573 1131 2606 nec
1155 2566 1323 2606 tamen
1349 2560 1528 2606 mentis
1554 2565 1605 2605 et
1629 2558 1847 2617 corporis
1872 2563 2037 2616 aptam
2065 2557 2161 2603 dis-

277 2637 569 2695 positionem
604 2635 896 2694 impediunt,
934 2636 991 2681 ob
1028 2634 1185 2680 iustas
1219 2648 1395 2680 causas
1421 2648 1460 2679 e.
1486 2649 1526 2692 g.
1555 2633 1933 2692 hospitalitatis,
1967 2630 2161 2678 festivi-

280 2713 416 2762 tatis.
453 2710 890 2757 extraordinariae
915 2709 1147 2755 laetitiae
1175 2716 1282 2763 etc„
1313 2709 1567 2755 moderate
1592 2709 1774 2754 utitur:
1809 2708 1886 2753 his
1911 2706 2041 2752 enim
2066 2719 2161 2751 non

225 2821 228 2823 >
278 2787 496 2832 laeditur
529 2786 871 2844 temperantia
904 2799 994 2832 nec
1025 2792 1285 2844 peccatum
1319 2785 1466 2842 gulae
1502 2784 1828 2831 committitur
1843 2783 1885 2839 ¹).

984 2983 1091 3021 De
1125 2981 1458 3021 ebrietate-

430 3100 564 3154 307.
607 3101 915 3155 Notiones.
978 3101 1026 3153 1.
1070 3099 1320 3151 Ebrietas
1353 3100 1571 3169 passive
1611 3105 1843 3167 accepta
1883 3096 2163 3165 significat

281 3191 559 3242 defectum
613 3209 744 3242 usus
798 3192 1029 3243 rationis
1087 3208 1156 3241 ex
1214 3190 1385 3240 nimio
1445 3198 1578 3258 potu
1634 3188 1956 3253 inductum,
2011 3186 2162 3237 unde

437 3369 466 3425 ¹>
496 3369 706 3423 Lessins,
740 3370 805 3412 De
837 3369 990 3413 iustit.
1023 3371 1053 3413 l.
1083 3343 1127 3413 4.
1162 3384 1196 3413 e.
1232 3370 1272 3412 3.
1307 3383 1350 3412 n.
1384 3370 1411 3412 9
1445 3383 1502 3413 ss.

432 3444 465 3498 2)
497 3445 565 3487 Of.
599 3443 647 3486 S.
685 3443 885 3487 Thomas-
921 3444 980 3486 II.
1027 3444 1085 3487 Π.
1131 3458 1171 3499 q.
1208 3444 1307 3490 141.
1351 3457 1390 3488 a.
1425 3444 1465 3487 6.
1515 3442 1727 3496 Lessz‘as,
1772 3442 1826 3485 de
1865 3440 2016 3488 iustit.
2053 3440 2084 3484 1.
2117 3439 2162 3482 4.

281 3533 317 3561 c.
353 3520 391 3561 1.
425 3533 469 3564 n.
503 3520 530 3562 9
564 3532 619 3563 ss.
