2269 3898
274 143 362 186 118
1005 136 1089 179 ΙΠ.
1123 136 1191 179 De
1220 135 1414 190 legibus.

275 273 583 343 complures
625 271 947 335 erraverint,
991 271 1112 338 ipsa
1152 277 1338 320 tamen
1381 258 1612 320 consilia
1653 285 1722 317 ex
1762 267 2013 319 instituto
2055 286 2157 329 ne·,

273 372 406 433 gant
447 370 610 430 atque
652 362 982 428 impugnant
1013 366 1370 428 protestantes
1413 365 1466 408 et
1504 356 1897 409 rationalistae.

421 450 725 504 Antiquorum
768 451 1024 502 temporum
1067 445 1285 490 haeretici
1332 445 1615 503 (Apostoliei,
1667 445 1957 497 Encratitae,
2003 443 2152 486 Mani-

275 525 419 577 chaei,
452 522 714 578 Pelagyiam‘,
749 521 1006 574 Helvidius,
1049 521 1330 573 Iovinianus,
1375 520 1645 576 Vz'qilantius
1688 520 1790 573 etc.)
1833 532 1884 562 eo
1927 523 2155 571 errarunt,

274 599 392 654 quod
442 595 769 640 determinatas
816 594 1016 638 actiones
1069 594 1485 650 supererogatorias
1520 592 1721 636 dixerint
1767 596 2031 648 praeceptas
2078 592 2150 634 vel

274 671 554 728 prohibitas,
604 669 667 713 sic
714 672 1033 725 paupertatem
1081 668 1291 712 nonnulli
1341 667 1551 712 dicebant
1600 671 1889 722 praeceptam
1950 667 2152 720 (econtra

274 746 501 790 oeconomi
534 744 789 788 nationales
820 742 967 787 nostri
999 742 1218 798 temporis
1251 745 1570 797 paupertatem
1604 744 1790 797 propter
1812 742 1957 784 Deum
1991 744 2157 795 sponte

274 821 464 864 electam
518 832 701 874 prorsus
744 818 1076 872 condemnant),
1124 816 1205 860 alii
1247 830 1379 860 usum
1424 816 1571 860 carnis
1619 820 1665 859 et
1713 815 1810 859 vini
1853 814 2152 859 affirmabant

273 894 505 949 illicitum,
539 897 588 937 at
610 893 757 948 ipsam
791 890 1084 935 existentiam
1118 890 1408 934 consiliorum
1441 905 1531 934 non
1552 890 1807 946 negabant3
1841 894 2155 946 protestantes

274 982 379 1013 vero
413 974 458 1012 et
490 968 808 1012 rationalistae
838 965 940 1021 ipsa
973 965 1161 1009 consilia
1191 965 1491 1020 impugnant:
1537 965 1608 1008 illi
1641 965 1822 1020 quidem
1857 978 1911 1008 ex
1945 964 2154 1007 doctrina

278 1044 332 1086 de
373 1056 502 1086 servo
546 1041 741 1085 arbitrio
784 1044 830 1084 et
873 1041 926 1083 de
963 1039 1174 1096 operibns
1207 1040 1334 1082 bonis
1376 1038 1638 1095 superfiuis,
1685 1038 1733 1082 hi
1766 1052 1871 1082 vero
1905 1052 1959 1082 ex
1991 1037 2152 1081 morali

274 1116 497 1172 principio
530 1116 843 1172 philosophiae
880 1114 1134 1168 cantianae,
1177 1113 1222 1156 vi
1257 1113 1383 1156 cuius
1417 1114 1548 1156 homo
1593 1113 1801 1156 omnibus
1834 1112 1998 1156 mediis
2030 1112 2157 1168 aptis

274 1191 332 1234 ad
366 1204 586 1234 summam
622 1189 944 1246 perfectionem
978 1188 1194 1231 moralem
1227 1188 1496 1231 contendere
1529 1186 1674 1230 debet.

428 1281 476 1334 2.
521 1280 746 1331 Praeter
786 1285 1084 1348 praecepta
1126 1295 1243 1328 esse
1286 1279 1451 1328 etiam
1495 1276 1725 1328 consilia
1767 1276 2067 1346 colligitur:

427 1404 476 1437 a.
527 1384 617 1435 Ex
672 1383 941 1453 colloquio
998 1380 1202 1432 Christi
1259 1400 1383 1432 cum
1439 1382 1642 1432 iuvene
1697 1380 1764 1432 de
1817 1380 2153 1449 perfectione

278 1476 680 1542 interrogante:
739 1472 799 1524 Si
837 1473 915 1523 vis
958 1471 1030 1523 acl
1068 1471 1231 1522 vitam
1270 1469 1497 1539 inyrecli,
1540 1489 1694 1522 serva
1732 1470 1990 1521 mandata
2032 1512 2040 1521 .
2086 1514 2094 1522 .

279 1561 340 1614 Si
387 1563 464 1613 vis
500 1562 771 1632 perfectus
814 1581 938 1629 esse,
980 1561 1130 1627 vade,
1172 1561 1351 1624 vende,
1395 1579 1527 1630 quae
1566 1559 1740 1625 habes,
1798 1569 1845 1610 et
1900 1559 1971 1610 cla
2020 1579 2154 1628 pau-

270 1651 487 1721 peribus
529 1660 578 1702 et
615 1651 827 1702 habebis
869 1651 1165 1701 thesaurum
1205 1651 1261 1699 in
1302 1649 1441 1700 coelo
1485 1658 1533 1701 et
1571 1651 1706 1712 veni,
1756 1668 1964 1718 sequere
2011 1647 2151 1714 mel).

429 1739 599 1794 Quibus
622 1739 771 1784 verbis
804 1737 1013 1783 Christus
1036 1738 1259 1782 Dominus
1282 1739 1551 1794 praeceptis,
1585 1751 1774 1793 quorum
1808 1737 2063 1781 observatio
2095 1737 2153 1780 ad

278 1816 473 1859 salutem
506 1815 759 1859 necessaria
793 1814 976 1869 dicitur,
1010 1813 1280 1868 superaddit
1310 1813 1500 1868 aliquid,
1533 1814 1652 1868 quod
1685 1813 1847 1856 melius
1879 1816 2017 1867 atque
2060 1825 2155 1867 per-

277 1889 444 1933 fectius
478 1893 524 1933 et
555 1903 645 1933 non
685 1887 1004 1943 necessarium,
1049 1889 1126 1931 sed
1170 1900 1249 1943 pro
1291 1887 1482 1930 arbitrio
1526 1887 1788 1942 eligendum
1822 1890 1906 1942 est,
1949 1887 2159 1941 illudque

278 1964 566 2008 commendat
588 1965 645 2007 ad
664 1964 880 2008 maiorem
898 1962 1172 2007 felicitatem
1192 1961 1487 2005 obtinendam
1504 1975 1512 2016 ς
1531 1962 1736 2017 loquitur
1758 1975 1865 2016 ergo
1885 1962 1938 2005 de
1956 1960 2160 2005 consilio.

431 2053 471 2106 b.
516 2054 602 2105 Ex
645 2073 683 2106 s.
724 2053 926 2106 Paulo:
983 2054 1063 2104 De
1120 2052 1413 2121 viminibus
1463 2061 1634 2103 autem
1668 2061 2010 2122 praeceptum
2050 2053 2160 2102 Do-

279 2144 413 2194 mini
451 2162 558 2195 non
597 2143 779 2209 habeo,
824 2143 1100 2194 consilium
1143 2151 1317 2193 autem
1346 2142 1412 2192 do
1440 2150 1704 2211 tamquam
1737 2140 2160 2193 misericordiam

279 2241 580 2284 consecutus
621 2252 654 2283 a
694 2233 939 2294 Domino,
984 2240 1040 2283 ut
1079 2231 1176 2282 sim
1201 2230 1384 2300 fidelis
1417 2275 1426 2284 .
1462 2275 1469 2284 .
1502 2275 1512 2284 .
1554 2232 1724 2301 Iyitur
1765 2239 1812 2282 et
1851 2231 1941 2299 qui
1978 2231 2157 2281 matri-

279 2323 453 2373 monio
493 2323 666 2391 iunyit
706 2323 960 2390 virqinem
1001 2340 1165 2385 suam,
1209 2321 1332 2372 bene
1359 2320 1523 2390 facit,
1581 2329 1629 2371 et
1685 2321 1774 2389 qui
1823 2338 1929 2371 ozon
1969 2321 2159 2389 iunyit,

278 2411 463 2463 melius
489 2411 701 2481 facit2>.

427 2499 512 2543 His
544 2499 693 2543 verbis
724 2500 971 2554 Apostolus
1004 2498 1325 2555 virginitatem
1371 2497 1484 2541 dicit
1522 2511 1612 2541 non
1645 2502 1935 2553 praeceptam
1969 2509 2164 2555 eamque

278 2588 333 2619 ex
375 2573 677 2629 inspiratione
721 2573 878 2617 divina
921 2573 1209 2617 commendat
1256 2586 1346 2616 non
1390 2572 1535 2616 solum
1584 2576 1818 2626 tamquam
1853 2571 2032 2626 bonam,
2081 2571 2160 2615 sed

278 2653 512 2703 tamquam
546 2648 776 2692 meliorem
810 2647 1043 2703 coniugi0;
1078 2647 1199 2691 hisce
1231 2660 1339 2702 ergo
1372 2646 1611 2690 consilium
1647 2647 1947 2690 commendat.

430 2760 469 2791 e.
513 2739 601 2790 Ex
645 2740 766 2809 ipsa
805 2739 1088 2790 actionum
1131 2737 1423 2789 moralium
1465 2746 1664 2789 natura
1706 2743 1858 2806 patet
1892 2735 2163 2806 plurimas

281 2847 396 2880 esse
439 2829 683 2880 actiones
724 2827 917 2894 bonaS,
973 2846 1115 2898 quae
1171 2834 1500 2896 praeceptae
1554 2845 1663 2878 non
1721 2832 1848 2877 sunt
1901 2832 1956 2876 et
1995 2824 2160 2876 simul

282 2917 535 2969 meliores
578 2936 745 2986 quam
788 2934 977 2969 earum
1019 2917 1334 2986 oppositae3
1391 2917 1448 2967 in
1505 2916 1688 2986 specie
1742 2933 1873 2966 vero
1930 2913 2165 2966 consilia

287 3006 360 3058 ad
399 3007 504 3057 tria
546 3007 727 3074 capita
768 3007 958 3057 referri
1000 3013 1262 3075 possunt:

432 3109 472 3137 α.
505 3094 577 3137 Ad
590 3094 814 3146 motivum,
833 3108 886 3138 ex
903 3108 989 3149 quo
1007 3098 1250 3149 praecepta
1275 3094 1595 3137 observantur:
1631 3093 1749 3148 quod
1772 3093 1892 3136 enim
1917 3094 2164 3147 praecepta

279 3183 369 3212 non
404 3182 458 3212 ex
489 3168 662 3212 motivo
694 3169 919 3212 naturalis
951 3169 1221 3224 honestatis,
1253 3169 1331 3212 sed
1363 3181 1418 3212 ex
1451 3167 1624 3211 motivo
1653 3166 2006 3223 supernaturali,
2038 3179 2160 3221 prae-

283 3243 439 3286 sertim
472 3255 577 3287 vero
610 3256 665 3286 ex
696 3242 869 3286 motivo
903 3242 1112 3286 caritatis
1145 3243 1229 3286 Dei
1275 3242 1586 3297 observentur,
1629 3242 1687 3285 ad
1721 3241 1911 3285 consilia
1942 3239 2160 3296 pertinet.

440 3420 466 3473 ¹)
497 3421 663 3464 Matth.
699 3420 768 3475 19,
804 3420 857 3462 17
891 3434 946 3463 ss.

435 3492 469 3538 ’ν
503 3496 526 3535 1
562 3494 658 3538 Cor.
695 3495 735 3550 7,
768 3495 958 3537 25—40.
