<?xml version="1.0" encoding="UTF-8"?>
<!DOCTYPE html PUBLIC "-//W3C//DTD XHTML 1.0 Transitional//EN"
    "http://www.w3.org/TR/xhtml1/DTD/xhtml1-transitional.dtd">
<html xmlns="http://www.w3.org/1999/xhtml" xml:lang="en" lang="en">
 <head>
  <title>
</title>
<meta http-equiv="Content-Type" content="text/html;charset=utf-8" />
  <meta name='ocr-system' content='tesseract 3.04.00' />
  <meta name='ocr-capabilities' content='ocr_page ocr_carea ocr_par ocr_line ocrx_word'/>
</head>
<body>
  <div class='ocr_page' id='page_1' title='image "./summatheologiaem00nold_0188.png"; bbox 0 0 2269 3898; ppageno 0'>
   <div class='ocr_carea' id='block_1_1' title="bbox 270 61 1412 117">
    <p class='ocr_par' dir='ltr' id='par_1_1' title="bbox 270 61 1412 117">
     <span class='ocr_line' id='line_1_1' title="bbox 270 61 1412 117; baseline -0.009 -2"><span class='ocrx_word' id='word_1_1' title='bbox 270 71 356 115; x_wconf 78' lang='lat'>178</span> <span class='ocrx_word' id='word_1_2' title='bbox 1001 62 1086 105; x_wconf 92' lang='lat' dir='ltr'>III.</span> <span class='ocrx_word' id='word_1_3' title='bbox 1120 63 1187 106; x_wconf 90' lang='lat' dir='ltr'>De</span> <span class='ocrx_word' id='word_1_4' title='bbox 1218 61 1412 117; x_wconf 84' lang='lat' dir='ltr'>legibus.</span> 
     </span>
    </p>
   </div>
   <div class='ocr_carea' id='block_1_2' title="bbox 271 194 2160 447">
    <p class='ocr_par' dir='ltr' id='par_1_2' title="bbox 271 194 2160 447">
     <span class='ocr_line' id='line_1_2' title="bbox 421 194 2155 266; baseline -0.004 -12"><span class='ocrx_word' id='word_1_5' title='bbox 421 203 648 254; x_wconf 79' lang='lat' dir='ltr'>Praeter</span> <span class='ocrx_word' id='word_1_6' title='bbox 687 199 788 251; x_wconf 91' lang='lat' dir='ltr'>has</span> <span class='ocrx_word' id='word_1_7' title='bbox 827 196 1119 249; x_wconf 80' lang='lat' dir='ltr'><strong>facultates</strong></span> <span class='ocrx_word' id='word_1_8' title='bbox 1160 196 1470 249; x_wconf 89' lang='lat' dir='ltr'>ordinarias</span> <span class='ocrx_word' id='word_1_9' title='bbox 1528 197 1775 266; x_wconf 79' lang='lat' dir='ltr'>episcopi</span> <span class='ocrx_word' id='word_1_10' title='bbox 1829 194 2155 266; x_wconf 88' lang='lat' dir='ltr'>plerumque</span> 
     </span>
     <span class='ocr_line' id='line_1_3' title="bbox 271 284 2158 356; baseline -0.006 -9"><span class='ocrx_word' id='word_1_11' title='bbox 271 294 481 348; x_wconf 88' lang='lat' dir='ltr'>habent</span> <span class='ocrx_word' id='word_1_12' title='bbox 521 290 658 343; x_wconf 90' lang='lat' dir='ltr'>alias</span> <span class='ocrx_word' id='word_1_13' title='bbox 700 287 1172 340; x_wconf 72' lang='lat' dir='ltr'>eoetraordinarz&#39;as</span> <span class='ocrx_word' id='word_1_14' title='bbox 1228 305 1298 338; x_wconf 83' lang='lat' dir='ltr'>ex</span> <span class='ocrx_word' id='word_1_15' title='bbox 1341 285 1569 356; x_wconf 90' lang='lat' dir='ltr'>speciali</span> <span class='ocrx_word' id='word_1_16' title='bbox 1623 286 1826 337; x_wconf 90' lang='lat' dir='ltr'>summi</span> <span class='ocrx_word' id='word_1_17' title='bbox 1879 284 2158 355; x_wconf 88' lang='lat' dir='ltr'>pontificis</span> 
     </span>
     <span class='ocr_line' id='line_1_4' title="bbox 272 374 2160 447; baseline -0.006 -10"><span class='ocrx_word' id='word_1_18' title='bbox 272 383 626 438; x_wconf 80' lang='lat' dir='ltr'>concessione</span> <span class='ocrx_word' id='word_1_19' title='bbox 675 377 948 447; x_wconf 73' lang='lat' dir='ltr'>deleyatas</span> <span class='ocrx_word' id='word_1_20' title='bbox 988 376 1058 428; x_wconf 90' lang='lat' dir='ltr'>ad</span> <span class='ocrx_word' id='word_1_21' title='bbox 1100 384 1227 440; x_wconf 81' lang='lat' dir='ltr'>treS,</span> <span class='ocrx_word' id='word_1_22' title='bbox 1283 375 1353 428; x_wconf 85' lang='lat' dir='ltr'>acl</span> <span class='ocrx_word' id='word_1_23' title='bbox 1397 376 1660 446; x_wconf 85' lang='lat' dir='ltr'>quinque,</span> <span class='ocrx_word' id='word_1_24' title='bbox 1715 374 1787 427; x_wconf 88' lang='lat' dir='ltr'>ad</span> <span class='ocrx_word' id='word_1_25' title='bbox 1830 374 2021 426; x_wconf 90' lang='lat' dir='ltr'>decem</span> <span class='ocrx_word' id='word_1_26' title='bbox 2062 381 2160 425; x_wconf 88' lang='lat' dir='ltr'>aut</span> 
     </span>
    </p>
   </div>
   <div class='ocr_carea' id='block_1_3' title="bbox 271 474 686 545">
    <p class='ocr_par' dir='ltr' id='par_1_3' title="bbox 271 474 686 545">
     <span class='ocr_line' id='line_1_5' title="bbox 271 474 686 545; baseline -0.019 -18"><span class='ocrx_word' id='word_1_27' title='bbox 271 474 455 545; x_wconf 91' lang='lat' dir='ltr'>plures</span> <span class='ocrx_word' id='word_1_28' title='bbox 496 487 686 522; x_wconf 83' lang='lat' dir='ltr'>an-nOS.</span> 
     </span>
    </p>
   </div>
   <div class='ocr_carea' id='block_1_4' title="bbox 274 553 2163 832">
    <p class='ocr_par' dir='ltr' id='par_1_4' title="bbox 274 553 2163 832">
     <span class='ocr_line' id='line_1_6' title="bbox 423 553 2163 611; baseline -0.005 -7"><span class='ocrx_word' id='word_1_29' title='bbox 423 556 689 605; x_wconf 82' lang='lat' dir='ltr'>Ordinarias</span> <span class='ocrx_word' id='word_1_30' title='bbox 720 557 970 601; x_wconf 73' lang='lat' dir='ltr'>facultates</span> <span class='ocrx_word' id='word_1_31' title='bbox 1010 554 1211 611; x_wconf 83' lang='lat' dir='ltr'>episcopi</span> <span class='ocrx_word' id='word_1_32' title='bbox 1252 554 1359 598; x_wconf 89' lang='lat' dir='ltr'>aliis</span> <span class='ocrx_word' id='word_1_33' title='bbox 1401 554 1618 610; x_wconf 68' lang='lat' dir='ltr'>deleyare</span> <span class='ocrx_word' id='word_1_34' title='bbox 1665 557 1873 610; x_wconf 81' lang='lat' dir='ltr'>possunt,</span> <span class='ocrx_word' id='word_1_35' title='bbox 1917 553 1972 597; x_wconf 91' lang='lat' dir='ltr'>de</span> <span class='ocrx_word' id='word_1_36' title='bbox 2013 556 2163 597; x_wconf 85' lang='lat' dir='ltr'>extra·</span> 
     </span>
     <span class='ocr_line' id='line_1_7' title="bbox 274 627 2161 685; baseline -0.005 -4"><span class='ocrx_word' id='word_1_37' title='bbox 274 635 518 682; x_wconf 88' lang='lat' dir='ltr'>ordinariis</span> <span class='ocrx_word' id='word_1_38' title='bbox 549 634 671 677; x_wconf 89' lang='lat' dir='ltr'>idem</span> <span class='ocrx_word' id='word_1_39' title='bbox 706 631 948 674; x_wconf 89' lang='lat' dir='ltr'>dicendum</span> <span class='ocrx_word' id='word_1_40' title='bbox 981 630 1181 685; x_wconf 85' lang='lat' dir='ltr'>videtur,</span> <span class='ocrx_word' id='word_1_41' title='bbox 1213 629 1305 673; x_wconf 88' lang='lat' dir='ltr'>nisi</span> <span class='ocrx_word' id='word_1_42' title='bbox 1338 629 1403 673; x_wconf 87' lang='lat' dir='ltr'>eis</span> <span class='ocrx_word' id='word_1_43' title='bbox 1435 629 1485 672; x_wconf 90' lang='lat' dir='ltr'>in</span> <span class='ocrx_word' id='word_1_44' title='bbox 1517 628 1714 672; x_wconf 88' lang='lat' dir='ltr'>indultis</span> <span class='ocrx_word' id='word_1_45' title='bbox 1747 629 1934 672; x_wconf 88' lang='lat' dir='ltr'>ademta</span> <span class='ocrx_word' id='word_1_46' title='bbox 1965 627 2027 672; x_wconf 92' lang='lat' dir='ltr'>sit</span> <span class='ocrx_word' id='word_1_47' title='bbox 2049 628 2161 672; x_wconf 89' lang='lat' dir='ltr'>haec</span> 
     </span>
     <span class='ocr_line' id='line_1_8' title="bbox 274 702 2162 770; baseline -0.006 -13"><span class='ocrx_word' id='word_1_48' title='bbox 274 715 497 770; x_wconf 88' lang='lat' dir='ltr'>potestas,</span> <span class='ocrx_word' id='word_1_49' title='bbox 529 713 628 752; x_wconf 89' lang='lat' dir='ltr'>tum</span> <span class='ocrx_word' id='word_1_50' title='bbox 663 707 771 762; x_wconf 88' lang='lat' dir='ltr'>quia</span> <span class='ocrx_word' id='word_1_51' title='bbox 804 705 1006 761; x_wconf 84' lang='lat' dir='ltr'>delegati</span> <span class='ocrx_word' id='word_1_52' title='bbox 1040 708 1147 749; x_wconf 90' lang='lat' dir='ltr'>sunt</span> <span class='ocrx_word' id='word_1_53' title='bbox 1181 704 1348 748; x_wconf 88' lang='lat' dir='ltr'>summi</span> <span class='ocrx_word' id='word_1_54' title='bbox 1382 703 1633 760; x_wconf 88' lang='lat' dir='ltr'>pontificis,</span> <span class='ocrx_word' id='word_1_55' title='bbox 1671 707 1772 747; x_wconf 92' lang='lat' dir='ltr'>tum</span> <span class='ocrx_word' id='word_1_56' title='bbox 1805 703 1914 758; x_wconf 87' lang='lat' dir='ltr'>quia</span> <span class='ocrx_word' id='word_1_57' title='bbox 1958 702 2162 758; x_wconf 82' lang='lat' dir='ltr'>delegati</span> 
     </span>
     <span class='ocr_line' id='line_1_9' title="bbox 279 781 1153 832; baseline -0.01 0"><span class='ocrx_word' id='word_1_58' title='bbox 279 791 387 832; x_wconf 86' lang='lat' dir='ltr'>sunt</span> <span class='ocrx_word' id='word_1_59' title='bbox 420 786 479 830; x_wconf 90' lang='lat' dir='ltr'>ad</span> <span class='ocrx_word' id='word_1_60' title='bbox 511 781 864 828; x_wconf 85' lang='lat' dir='ltr'>universitatem</span> <span class='ocrx_word' id='word_1_61' title='bbox 901 794 1153 825; x_wconf 86' lang='lat' dir='ltr'>causarum.</span> 
     </span>
    </p>
   </div>
   <div class='ocr_carea' id='block_1_5' title="bbox 273 853 2168 1464">
    <p class='ocr_par' dir='ltr' id='par_1_5' title="bbox 273 853 2168 1464">
     <span class='ocr_line' id='line_1_10' title="bbox 424 853 2160 926; baseline -0.005 -14"><span class='ocrx_word' id='word_1_62' title='bbox 424 862 474 914; x_wconf 85' lang='lat'>3.</span> <span class='ocrx_word' id='word_1_63' title='bbox 539 859 805 911; x_wconf 74' lang='lat' dir='ltr'>Parochus</span> <span class='ocrx_word' id='word_1_64' title='bbox 867 864 1134 926; x_wconf 85' lang='lat' dir='ltr'>potestate</span> <span class='ocrx_word' id='word_1_65' title='bbox 1193 855 1400 906; x_wconf 68' lang='lat' dir='ltr'>vicaria</span> <span class='ocrx_word' id='word_1_66' title='bbox 1479 854 1768 906; x_wconf 77' lang='lat' dir='ltr'>ordinaria</span> <span class='ocrx_word' id='word_1_67' title='bbox 1836 853 2160 923; x_wconf 88' lang='lat' dir='ltr'>dispensare</span> 
     </span>
     <span class='ocr_line' id='line_1_11' title="bbox 273 943 2164 1025; baseline -0.006 -20"><span class='ocrx_word' id='word_1_68' title='bbox 273 959 453 1025; x_wconf 86' lang='lat' dir='ltr'>potest</span> <span class='ocrx_word' id='word_1_69' title='bbox 503 952 561 1002; x_wconf 80' lang='lat' dir='ltr'>in</span> <span class='ocrx_word' id='word_1_70' title='bbox 615 948 811 1019; x_wconf 62' lang='lat' dir='ltr'>legibus</span> <span class='ocrx_word' id='word_1_71' title='bbox 863 945 1253 998; x_wconf 73' lang='lat' dir='ltr'>universalibus</span> <span class='ocrx_word' id='word_1_72' title='bbox 1311 944 1559 996; x_wconf 76' lang='lat' dir='ltr'>ecclesiae</span> <span class='ocrx_word' id='word_1_73' title='bbox 1614 943 1899 996; x_wconf 78' lang='lat' dir='ltr'>levioribus</span> <span class='ocrx_word' id='word_1_74' title='bbox 1952 951 2001 994; x_wconf 80' lang='lat' dir='ltr'>et</span> <span class='ocrx_word' id='word_1_75' title='bbox 2046 943 2164 1013; x_wconf 55' lang='lat' dir='ltr'>fre-e-</span> 
     </span>
     <span class='ocr_line' id='line_1_12' title="bbox 276 1033 2167 1115; baseline -0.006 -20"><span class='ocrx_word' id='word_1_76' title='bbox 276 1052 491 1115; x_wconf 74' lang='lat' dir='ltr'>quenter</span> <span class='ocrx_word' id='word_1_77' title='bbox 547 1036 936 1091; x_wconf 74' lang='lat' dir='ltr'>occurrentibus</span> <span class='ocrx_word' id='word_1_78' title='bbox 992 1043 1052 1087; x_wconf 90' lang='lat' dir='ltr'>ut</span> <span class='ocrx_word' id='word_1_79' title='bbox 1104 1036 1162 1086; x_wconf 91' lang='lat' dir='ltr'>in</span> <span class='ocrx_word' id='word_1_80' title='bbox 1203 1036 1429 1102; x_wconf 85' lang='lat' dir='ltr'>ieiuniO,</span> <span class='ocrx_word' id='word_1_81' title='bbox 1492 1035 1550 1086; x_wconf 92' lang='lat' dir='ltr'>in</span> <span class='ocrx_word' id='word_1_82' title='bbox 1602 1033 1943 1085; x_wconf 82' lang='lat' dir='ltr'>abstinentia</span> <span class='ocrx_word' id='word_1_83' title='bbox 2003 1040 2055 1083; x_wconf 91' lang='lat' dir='ltr'>et</span> <span class='ocrx_word' id='word_1_84' title='bbox 2107 1033 2167 1084; x_wconf 93' lang='lat' dir='ltr'>in</span> 
     </span>
     <span class='ocr_line' id='line_1_13' title="bbox 279 1123 2165 1203; baseline -0.006 -18"><span class='ocrx_word' id='word_1_85' title='bbox 279 1131 540 1203; x_wconf 87' lang='lat' dir='ltr'>operibus</span> <span class='ocrx_word' id='word_1_86' title='bbox 570 1129 658 1180; x_wconf 90' lang='lat' dir='ltr'>die</span> <span class='ocrx_word' id='word_1_87' title='bbox 687 1127 823 1179; x_wconf 89' lang='lat' dir='ltr'>festo</span> <span class='ocrx_word' id='word_1_88' title='bbox 853 1125 1166 1196; x_wconf 84' lang='lat' dir='ltr'>prohibitis,</span> <span class='ocrx_word' id='word_1_89' title='bbox 1210 1125 1312 1176; x_wconf 89' lang='lat' dir='ltr'>etsi</span> <span class='ocrx_word' id='word_1_90' title='bbox 1348 1123 1529 1176; x_wconf 90' lang='lat' dir='ltr'>facilis</span> <span class='ocrx_word' id='word_1_91' title='bbox 1558 1132 1700 1176; x_wconf 91' lang='lat' dir='ltr'>esset</span> <span class='ocrx_word' id='word_1_92' title='bbox 1740 1123 1811 1175; x_wconf 89' lang='lat' dir='ltr'>ad</span> <span class='ocrx_word' id='word_1_93' title='bbox 1841 1123 2165 1193; x_wconf 89' lang='lat' dir='ltr'>episcopum</span> 
     </span>
     <span class='ocr_line' id='line_1_14' title="bbox 277 1212 2167 1287; baseline -0.006 -12"><span class='ocrx_word' id='word_1_94' title='bbox 277 1239 550 1287; x_wconf 79' lang='lat' dir='ltr'>recurSUS,</span> <span class='ocrx_word' id='word_1_95' title='bbox 593 1217 689 1270; x_wconf 88' lang='lat' dir='ltr'>sed</span> <span class='ocrx_word' id='word_1_96' title='bbox 732 1215 908 1269; x_wconf 90' lang='lat' dir='ltr'>solum</span> <span class='ocrx_word' id='word_1_97' title='bbox 951 1216 1008 1266; x_wconf 89' lang='lat' dir='ltr'>in</span> <span class='ocrx_word' id='word_1_98' title='bbox 1050 1213 1483 1284; x_wconf 85' lang='lat' dir='ltr'>particularibus</span> <span class='ocrx_word' id='word_1_99' title='bbox 1526 1213 1763 1266; x_wconf 76' lang='lat' dir='ltr'>casibus,</span> <span class='ocrx_word' id='word_1_100' title='bbox 1809 1212 1949 1266; x_wconf 84' lang='lat' dir='ltr'>Cum</span> <span class='ocrx_word' id='word_1_101' title='bbox 1979 1220 2167 1264; x_wconf 88' lang='lat' dir='ltr'>tamen</span> 
     </span>
     <span class='ocr_line' id='line_1_15' title="bbox 279 1291 2168 1380; baseline -0.005 -16"><span class='ocrx_word' id='word_1_102' title='bbox 279 1313 418 1365; x_wconf 91' lang='lat' dir='ltr'>haec</span> <span class='ocrx_word' id='word_1_103' title='bbox 478 1315 720 1380; x_wconf 88' lang='lat' dir='ltr'>potestas</span> <span class='ocrx_word' id='word_1_104' title='bbox 785 1305 1148 1376; x_wconf 89' lang='lat' dir='ltr'>dispensandi</span> <span class='ocrx_word' id='word_1_105' title='bbox 1205 1291 1493 1357; x_wconf 85' lang='lat' dir='ltr'>derivetur</span> <span class='ocrx_word' id='word_1_106' title='bbox 1546 1323 1578 1356; x_wconf 93' lang='lat' dir='ltr'>a</span> <span class='ocrx_word' id='word_1_107' title='bbox 1620 1302 2039 1375; x_wconf 83' lang='lat' dir='ltr'>consuetudine,</span> <span class='ocrx_word' id='word_1_108' title='bbox 2094 1301 2168 1354; x_wconf 87' lang='lat' dir='ltr'>ad</span> 
     </span>
     <span class='ocr_line' id='line_1_16' title="bbox 280 1392 2167 1464; baseline -0.005 -10"><span class='ocrx_word' id='word_1_109' title='bbox 280 1397 768 1455; x_wconf 88' lang='lat' dir='ltr'>determinandum</span> <span class='ocrx_word' id='word_1_110' title='bbox 823 1397 940 1448; x_wconf 89' lang='lat' dir='ltr'>eius</span> <span class='ocrx_word' id='word_1_111' title='bbox 990 1394 1264 1447; x_wconf 88' lang='lat' dir='ltr'>ambitum</span> <span class='ocrx_word' id='word_1_112' title='bbox 1320 1396 1377 1446; x_wconf 89' lang='lat' dir='ltr'>in</span> <span class='ocrx_word' id='word_1_113' title='bbox 1420 1393 1652 1464; x_wconf 85' lang='lat' dir='ltr'>singulis</span> <span class='ocrx_word' id='word_1_114' title='bbox 1707 1393 1843 1446; x_wconf 87' lang='lat' dir='ltr'>locis</span> <span class='ocrx_word' id='word_1_115' title='bbox 1884 1392 2167 1444; x_wconf 77' lang='lat' dir='ltr'>attenden-</span> 
     </span>
    </p>
   </div>
   <div class='ocr_carea' id='block_1_6' title="bbox 281 1485 1173 1544">
    <p class='ocr_par' dir='ltr' id='par_1_6' title="bbox 281 1485 1173 1544">
     <span class='ocr_line' id='line_1_17' title="bbox 281 1485 1173 1544; baseline -0.007 0"><span class='ocrx_word' id='word_1_116' title='bbox 281 1493 414 1544; x_wconf 88' lang='lat' dir='ltr'>dum</span> <span class='ocrx_word' id='word_1_117' title='bbox 457 1497 538 1541; x_wconf 88' lang='lat' dir='ltr'>est</span> <span class='ocrx_word' id='word_1_118' title='bbox 577 1488 649 1540; x_wconf 89' lang='lat' dir='ltr'>ad</span> <span class='ocrx_word' id='word_1_119' title='bbox 690 1505 850 1538; x_wconf 89' lang='lat' dir='ltr'>usum</span> <span class='ocrx_word' id='word_1_120' title='bbox 891 1485 1173 1538; x_wconf 65' lang='lat' dir='ltr'>dioecesis</span> 
     </span>
    </p>
   </div>
   <div class='ocr_carea' id='block_1_7' title="bbox 281 1570 2170 1786">
    <p class='ocr_par' dir='ltr' id='par_1_7' title="bbox 281 1570 2170 1786">
     <span class='ocr_line' id='line_1_18' title="bbox 428 1570 2170 1630; baseline -0.005 -7"><span class='ocrx_word' id='word_1_121' title='bbox 428 1578 621 1623; x_wconf 87' lang='lat' dir='ltr'>Parochi</span> <span class='ocrx_word' id='word_1_122' title='bbox 669 1578 786 1620; x_wconf 89' lang='lat' dir='ltr'>hanc</span> <span class='ocrx_word' id='word_1_123' title='bbox 834 1589 962 1619; x_wconf 86' lang='lat' dir='ltr'>suam</span> <span class='ocrx_word' id='word_1_124' title='bbox 1007 1577 1287 1630; x_wconf 86' lang='lat' dir='ltr'>potestatem</span> <span class='ocrx_word' id='word_1_125' title='bbox 1334 1577 1499 1628; x_wconf 85' lang='lat' dir='ltr'>utpote</span> <span class='ocrx_word' id='word_1_126' title='bbox 1546 1573 1825 1617; x_wconf 85' lang='lat' dir='ltr'>ordinariam</span> <span class='ocrx_word' id='word_1_127' title='bbox 1875 1572 2016 1616; x_wconf 88' lang='lat' dir='ltr'>etiam</span> <span class='ocrx_word' id='word_1_128' title='bbox 2065 1570 2170 1615; x_wconf 90' lang='lat' dir='ltr'>aliis</span> 
     </span>
     <span class='ocr_line' id='line_1_19' title="bbox 281 1647 2166 1712; baseline -0.005 -13"><span class='ocrx_word' id='word_1_129' title='bbox 281 1657 495 1712; x_wconf 65' lang='lat' dir='ltr'>deleyare</span> <span class='ocrx_word' id='word_1_130' title='bbox 527 1656 739 1709; x_wconf 80' lang='lat' dir='ltr'>possunt3</span> <span class='ocrx_word' id='word_1_131' title='bbox 773 1652 875 1695; x_wconf 91' lang='lat' dir='ltr'>ideo</span> <span class='ocrx_word' id='word_1_132' title='bbox 910 1664 945 1694; x_wconf 91' lang='lat' dir='ltr'>e.</span> <span class='ocrx_word' id='word_1_133' title='bbox 971 1663 1014 1706; x_wconf 83' lang='lat' dir='ltr'>g.</span> <span class='ocrx_word' id='word_1_134' title='bbox 1050 1650 1312 1705; x_wconf 86' lang='lat' dir='ltr'>capellanus</span> <span class='ocrx_word' id='word_1_135' title='bbox 1347 1649 1549 1705; x_wconf 84' lang='lat' dir='ltr'>delegari</span> <span class='ocrx_word' id='word_1_136' title='bbox 1573 1652 1727 1704; x_wconf 90' lang='lat' dir='ltr'>potest</span> <span class='ocrx_word' id='word_1_137' title='bbox 1749 1648 1808 1692; x_wconf 90' lang='lat' dir='ltr'>ad</span> <span class='ocrx_word' id='word_1_138' title='bbox 1833 1647 2166 1691; x_wconf 81' lang='lat' dir='ltr'>concedendam</span> 
     </span>
     <span class='ocr_line' id='line_1_20' title="bbox 286 1723 1823 1786; baseline -0.006 -11"><span class='ocrx_word' id='word_1_139' title='bbox 286 1729 674 1786; x_wconf 85' lang='lat' dir='ltr'>dispensationem</span> <span class='ocrx_word' id='word_1_140' title='bbox 708 1726 764 1770; x_wconf 90' lang='lat' dir='ltr'>ab</span> <span class='ocrx_word' id='word_1_141' title='bbox 797 1725 1094 1780; x_wconf 86' lang='lat' dir='ltr'>abstinentia,</span> <span class='ocrx_word' id='word_1_142' title='bbox 1128 1724 1184 1768; x_wconf 89' lang='lat' dir='ltr'>ab</span> <span class='ocrx_word' id='word_1_143' title='bbox 1218 1723 1428 1779; x_wconf 85' lang='lat' dir='ltr'>operibus</span> <span class='ocrx_word' id='word_1_144' title='bbox 1463 1723 1705 1767; x_wconf 85' lang='lat' dir='ltr'>servilibus</span> <span class='ocrx_word' id='word_1_145' title='bbox 1738 1727 1823 1767; x_wconf 89' lang='lat' dir='ltr'>etc.</span> 
     </span>
    </p>
   </div>
   <div class='ocr_carea' id='block_1_8' title="bbox 283 1799 2173 2239">
    <p class='ocr_par' dir='ltr' id='par_1_8' title="bbox 283 1799 2173 2239">
     <span class='ocr_line' id='line_1_21' title="bbox 432 1799 2171 1870; baseline -0.005 -13"><span class='ocrx_word' id='word_1_146' title='bbox 432 1808 481 1858; x_wconf 83' lang='lat'>4.</span> <span class='ocrx_word' id='word_1_147' title='bbox 538 1801 783 1856; x_wconf 72' lang='lat' dir='ltr'>Praelati</span> <span class='ocrx_word' id='word_1_148' title='bbox 828 1799 1098 1870; x_wconf 71' lang='lat' dir='ltr'>reyulares</span> <span class='ocrx_word' id='word_1_149' title='bbox 1147 1807 1417 1869; x_wconf 88' lang='lat' dir='ltr'>potestate</span> <span class='ocrx_word' id='word_1_150' title='bbox 1469 1800 1677 1851; x_wconf 72' lang='lat' dir='ltr'>vicaria</span> <span class='ocrx_word' id='word_1_151' title='bbox 1717 1799 2002 1851; x_wconf 79' lang='lat' dir='ltr'>ordinaria</span> <span class='ocrx_word' id='word_1_152' title='bbox 2044 1815 2171 1848; x_wconf 90' lang='lat' dir='ltr'>cum</span> 
     </span>
     <span class='ocr_line' id='line_1_22' title="bbox 283 1887 2171 1961; baseline -0.005 -13"><span class='ocrx_word' id='word_1_153' title='bbox 283 1895 521 1949; x_wconf 89' lang='lat' dir='ltr'>subditis</span> <span class='ocrx_word' id='word_1_154' title='bbox 575 1894 687 1945; x_wconf 90' lang='lat' dir='ltr'>suis</span> <span class='ocrx_word' id='word_1_155' title='bbox 740 1892 1064 1961; x_wconf 89' lang='lat' dir='ltr'>dispensare</span> <span class='ocrx_word' id='word_1_156' title='bbox 1116 1898 1347 1960; x_wconf 88' lang='lat' dir='ltr'>possunt</span> <span class='ocrx_word' id='word_1_157' title='bbox 1400 1891 1458 1941; x_wconf 80' lang='lat' dir='ltr'>in</span> <span class='ocrx_word' id='word_1_158' title='bbox 1497 1887 1773 1941; x_wconf 70' lang='lat' dir='ltr'>nonnullis</span> <span class='ocrx_word' id='word_1_159' title='bbox 1813 1887 2013 1958; x_wconf 72' lang='lat' dir='ltr'>Zeyibus</span> <span class='ocrx_word' id='word_1_160' title='bbox 2052 1888 2171 1939; x_wconf 81' lang='lat' dir='ltr'>uni-</span> 
     </span>
     <span class='ocr_line' id='line_1_23' title="bbox 283 1979 2171 2047; baseline -0.005 -8"><span class='ocrx_word' id='word_1_161' title='bbox 283 1984 576 2039; x_wconf 76' lang='lat' dir='ltr'>versalibus</span> <span class='ocrx_word' id='word_1_162' title='bbox 604 1983 884 2035; x_wconf 80' lang='lat' dir='ltr'>ecclesiae:</span> <span class='ocrx_word' id='word_1_163' title='bbox 926 1980 1201 2033; x_wconf 87' lang='lat' dir='ltr'>recitandi</span> <span class='ocrx_word' id='word_1_164' title='bbox 1232 1980 1495 2047; x_wconf 88' lang='lat' dir='ltr'>officium,</span> <span class='ocrx_word' id='word_1_165' title='bbox 1541 1981 1753 2046; x_wconf 91' lang='lat' dir='ltr'>ieiunii,</span> <span class='ocrx_word' id='word_1_166' title='bbox 1784 1979 2171 2045; x_wconf 78' lang='lat' dir='ltr'>abstinentiae,</span> 
     </span>
     <span class='ocr_line' id='line_1_24' title="bbox 285 2068 2169 2147; baseline -0.005 -18"><span class='ocrx_word' id='word_1_167' title='bbox 285 2094 513 2147; x_wconf 88' lang='lat' dir='ltr'>operum</span> <span class='ocrx_word' id='word_1_168' title='bbox 541 2072 843 2135; x_wconf 85' lang='lat' dir='ltr'>servilium,</span> <span class='ocrx_word' id='word_1_169' title='bbox 869 2071 1137 2123; x_wconf 89' lang='lat' dir='ltr'>librorum</span> <span class='ocrx_word' id='word_1_170' title='bbox 1165 2069 1575 2140; x_wconf 90' lang='lat' dir='ltr'>prohibitorum</span> <span class='ocrx_word' id='word_1_171' title='bbox 1606 2077 1658 2121; x_wconf 89' lang='lat' dir='ltr'>et</span> <span class='ocrx_word' id='word_1_172' title='bbox 1682 2068 2169 2137; x_wconf 84' lang='lat' dir='ltr'>irregularitatum,</span> 
     </span>
     <span class='ocr_line' id='line_1_25' title="bbox 285 2157 2173 2239; baseline -0.005 -21"><span class='ocrx_word' id='word_1_173' title='bbox 285 2166 382 2219; x_wconf 88' lang='lat' dir='ltr'>sed</span> <span class='ocrx_word' id='word_1_174' title='bbox 434 2167 492 2239; x_wconf 86' lang='lat' dir='ltr'>in</span> <span class='ocrx_word' id='word_1_175' title='bbox 532 2161 964 2234; x_wconf 83' lang='lat' dir='ltr'>particularibus</span> <span class='ocrx_word' id='word_1_176' title='bbox 1019 2160 1240 2213; x_wconf 88' lang='lat' dir='ltr'>casibus</span> <span class='ocrx_word' id='word_1_177' title='bbox 1294 2159 1580 2226; x_wconf 84' lang='lat' dir='ltr'>tantum¹&gt;,</span> <span class='ocrx_word' id='word_1_178' title='bbox 1637 2159 1767 2230; x_wconf 90' lang='lat' dir='ltr'>quia</span> <span class='ocrx_word' id='word_1_179' title='bbox 1822 2160 1879 2211; x_wconf 92' lang='lat' dir='ltr'>in</span> <span class='ocrx_word' id='word_1_180' title='bbox 1921 2157 2173 2210; x_wconf 88' lang='lat' dir='ltr'>subditos</span> 
     </span>
    </p>
   </div>
   <div class='ocr_carea' id='block_1_9' title="bbox 285 2249 2176 3254">
    <p class='ocr_par' dir='ltr' id='par_1_9' title="bbox 285 2249 1641 2324">
     <span class='ocr_line' id='line_1_26' title="bbox 285 2249 1641 2324; baseline -0.004 -16"><span class='ocrx_word' id='word_1_181' title='bbox 285 2274 411 2308; x_wconf 89' lang='lat' dir='ltr'>suos</span> <span class='ocrx_word' id='word_1_182' title='bbox 453 2261 778 2324; x_wconf 87' lang='lat' dir='ltr'>potestatem</span> <span class='ocrx_word' id='word_1_183' title='bbox 819 2250 1374 2322; x_wconf 89' lang='lat' dir='ltr'>quasi-episcopalem</span> <span class='ocrx_word' id='word_1_184' title='bbox 1416 2249 1641 2303; x_wconf 89' lang='lat' dir='ltr'>habent.</span> 
     </span>
    </p>

    <p class='ocr_par' dir='ltr' id='par_1_10' title="bbox 287 2338 2174 2626">
     <span class='ocr_line' id='line_1_27' title="bbox 436 2338 2173 2399; baseline -0.003 -12"><span class='ocrx_word' id='word_1_185' title='bbox 436 2359 476 2387; x_wconf 81' lang='lat' dir='ltr'>a.</span> <span class='ocrx_word' id='word_1_186' title='bbox 511 2343 729 2387; x_wconf 73' lang='lat' dir='ltr'>Praelatz‘</span> <span class='ocrx_word' id='word_1_187' title='bbox 758 2340 1267 2399; x_wconf 46' lang='lat' dir='ltr'>refflzlaresgdicuntur,</span> <span class='ocrx_word' id='word_1_188' title='bbox 1317 2340 1395 2396; x_wconf 88' lang='lat' dir='ltr'>qui</span> <span class='ocrx_word' id='word_1_189' title='bbox 1438 2340 1487 2383; x_wconf 92' lang='lat' dir='ltr'>in</span> <span class='ocrx_word' id='word_1_190' title='bbox 1537 2339 1694 2383; x_wconf 87' lang='lat' dir='ltr'>ordine</span> <span class='ocrx_word' id='word_1_191' title='bbox 1742 2342 1921 2383; x_wconf 81' lang='lat' dir='ltr'>exemto</span> <span class='ocrx_word' id='word_1_192' title='bbox 1968 2338 2173 2382; x_wconf 88' lang='lat' dir='ltr'>iurisdic-</span> 
     </span>
     <span class='ocr_line' id='line_1_28' title="bbox 289 2412 2171 2473; baseline -0.005 -9"><span class='ocrx_word' id='word_1_193' title='bbox 289 2421 461 2464; x_wconf 89' lang='lat' dir='ltr'>tionem</span> <span class='ocrx_word' id='word_1_194' title='bbox 495 2422 721 2473; x_wconf 75' lang='lat' dir='ltr'>exercent,</span> <span class='ocrx_word' id='word_1_195' title='bbox 754 2417 1009 2461; x_wconf 86' lang='lat' dir='ltr'>cuiusmodi</span> <span class='ocrx_word' id='word_1_196' title='bbox 1043 2420 1152 2460; x_wconf 88' lang='lat' dir='ltr'>sunt</span> <span class='ocrx_word' id='word_1_197' title='bbox 1170 2416 1422 2471; x_wconf 88' lang='lat' dir='ltr'>superiores</span> <span class='ocrx_word' id='word_1_198' title='bbox 1447 2414 1620 2458; x_wconf 89' lang='lat' dir='ltr'>ordinis</span> <span class='ocrx_word' id='word_1_199' title='bbox 1642 2413 1861 2468; x_wconf 86' lang='lat' dir='ltr'>universi,</span> <span class='ocrx_word' id='word_1_200' title='bbox 1884 2412 2171 2468; x_wconf 82' lang='lat' dir='ltr'>singularum</span> 
     </span>
     <span class='ocr_line' id='line_1_29' title="bbox 288 2488 2174 2552; baseline -0.004 -13"><span class='ocrx_word' id='word_1_201' title='bbox 288 2494 626 2552; x_wconf 84' lang='lat' dir='ltr'>provinciarum</span> <span class='ocrx_word' id='word_1_202' title='bbox 651 2498 695 2537; x_wconf 87' lang='lat' dir='ltr'>et</span> <span class='ocrx_word' id='word_1_203' title='bbox 725 2493 1013 2547; x_wconf 80' lang='lat' dir='ltr'>singularum</span> <span class='ocrx_word' id='word_1_204' title='bbox 1049 2493 1282 2535; x_wconf 89' lang='lat' dir='ltr'>domorum</span> <span class='ocrx_word' id='word_1_205' title='bbox 1305 2490 1577 2546; x_wconf 80' lang='lat' dir='ltr'>(superiores</span> <span class='ocrx_word' id='word_1_206' title='bbox 1599 2490 1788 2533; x_wconf 86' lang='lat' dir='ltr'>locales:</span> <span class='ocrx_word' id='word_1_207' title='bbox 1823 2488 2009 2544; x_wconf 87' lang='lat' dir='ltr'>priores,</span> <span class='ocrx_word' id='word_1_208' title='bbox 2043 2501 2174 2543; x_wconf 81' lang='lat' dir='ltr'>guar·</span> 
     </span>
     <span class='ocr_line' id='line_1_30' title="bbox 287 2569 686 2626; baseline -0.008 -12"><span class='ocrx_word' id='word_1_209' title='bbox 287 2570 428 2626; x_wconf 90' lang='lat' dir='ltr'>diani,</span> <span class='ocrx_word' id='word_1_210' title='bbox 462 2569 686 2623; x_wconf 73' lang='lat' dir='ltr'>rectores).</span> 
     </span>
    </p>

    <p class='ocr_par' dir='ltr' id='par_1_11' title="bbox 287 2636 2176 3075">
     <span class='ocr_line' id='line_1_31' title="bbox 442 2636 2174 2698; baseline -0.005 -10"><span class='ocrx_word' id='word_1_211' title='bbox 442 2646 478 2688; x_wconf 83' lang='lat' dir='ltr'>b.</span> <span class='ocrx_word' id='word_1_212' title='bbox 515 2644 632 2698; x_wconf 79' lang='lat' dir='ltr'>Quia</span> <span class='ocrx_word' id='word_1_213' title='bbox 663 2644 711 2686; x_wconf 90' lang='lat' dir='ltr'>in</span> <span class='ocrx_word' id='word_1_214' title='bbox 745 2641 952 2686; x_wconf 88' lang='lat' dir='ltr'>subditos</span> <span class='ocrx_word' id='word_1_215' title='bbox 973 2643 1249 2697; x_wconf 78' lang='lat' dir='ltr'>potestatem</span> <span class='ocrx_word' id='word_1_216' title='bbox 1284 2640 1738 2697; x_wconf 74' lang='lat' dir='ltr'>qnasi-episcopalem</span> <span class='ocrx_word' id='word_1_217' title='bbox 1772 2638 1957 2693; x_wconf 89' lang='lat' dir='ltr'>habent,</span> <span class='ocrx_word' id='word_1_218' title='bbox 1989 2637 2038 2680; x_wconf 90' lang='lat' dir='ltr'>in</span> <span class='ocrx_word' id='word_1_219' title='bbox 2069 2636 2174 2680; x_wconf 87' lang='lat' dir='ltr'>illos</span> 
     </span>
     <span class='ocr_line' id='line_1_32' title="bbox 292 2712 2176 2776; baseline -0.004 -12"><span class='ocrx_word' id='word_1_220' title='bbox 292 2720 548 2776; x_wconf 77' lang='lat' dir='ltr'>generatim</span> <span class='ocrx_word' id='word_1_221' title='bbox 583 2733 682 2763; x_wconf 89' lang='lat' dir='ltr'>eam</span> <span class='ocrx_word' id='word_1_222' title='bbox 716 2721 994 2774; x_wconf 87' lang='lat' dir='ltr'>potestatem</span> <span class='ocrx_word' id='word_1_223' title='bbox 1036 2728 1240 2759; x_wconf 84' lang='lat' dir='ltr'>exercere</span> <span class='ocrx_word' id='word_1_224' title='bbox 1278 2720 1487 2770; x_wconf 86' lang='lat' dir='ltr'>possunt,</span> <span class='ocrx_word' id='word_1_225' title='bbox 1539 2729 1674 2770; x_wconf 88' lang='lat' dir='ltr'>quam</span> <span class='ocrx_word' id='word_1_226' title='bbox 1725 2713 1926 2770; x_wconf 90' lang='lat' dir='ltr'>episcopi</span> <span class='ocrx_word' id='word_1_227' title='bbox 1974 2712 2023 2756; x_wconf 91' lang='lat' dir='ltr'>in</span> <span class='ocrx_word' id='word_1_228' title='bbox 2070 2725 2176 2755; x_wconf 86' lang='lat' dir='ltr'>suos</span> 
     </span>
     <span class='ocr_line' id='line_1_33' title="bbox 290 2787 2175 2846; baseline -0.004 -8"><span class='ocrx_word' id='word_1_229' title='bbox 290 2795 574 2838; x_wconf 81' lang='lat' dir='ltr'>dioecesanos</span> <span class='ocrx_word' id='word_1_230' title='bbox 596 2794 695 2837; x_wconf 89' lang='lat' dir='ltr'>iure</span> <span class='ocrx_word' id='word_1_231' title='bbox 719 2791 948 2836; x_wconf 87' lang='lat' dir='ltr'>ordinario</span> <span class='ocrx_word' id='word_1_232' title='bbox 980 2791 1087 2845; x_wconf 87' lang='lat' dir='ltr'>(non</span> <span class='ocrx_word' id='word_1_233' title='bbox 1118 2790 1231 2834; x_wconf 88' lang='lat' dir='ltr'>item</span> <span class='ocrx_word' id='word_1_234' title='bbox 1265 2790 1312 2834; x_wconf 86' lang='lat' dir='ltr'>vi</span> <span class='ocrx_word' id='word_1_235' title='bbox 1337 2790 1602 2846; x_wconf 87' lang='lat' dir='ltr'>specialium</span> <span class='ocrx_word' id='word_1_236' title='bbox 1625 2787 1928 2844; x_wconf 78' lang='lat' dir='ltr'>facultatum)</span> <span class='ocrx_word' id='word_1_237' title='bbox 1951 2791 2175 2832; x_wconf 84' lang='lat' dir='ltr'>exercent.</span> 
     </span>
     <span class='ocr_line' id='line_1_34' title="bbox 293 2862 2173 2923; baseline -0.004 -10"><span class='ocrx_word' id='word_1_238' title='bbox 293 2869 582 2913; x_wconf 79' lang='lat' dir='ltr'>Generatim:</span> <span class='ocrx_word' id='word_1_239' title='bbox 616 2868 723 2923; x_wconf 91' lang='lat' dir='ltr'>quia</span> <span class='ocrx_word' id='word_1_240' title='bbox 754 2868 803 2911; x_wconf 90' lang='lat' dir='ltr'>in</span> <span class='ocrx_word' id='word_1_241' title='bbox 835 2866 1069 2910; x_wconf 91' lang='lat' dir='ltr'>nonnullis</span> <span class='ocrx_word' id='word_1_242' title='bbox 1103 2865 1281 2909; x_wconf 90' lang='lat' dir='ltr'>casibus</span> <span class='ocrx_word' id='word_1_243' title='bbox 1315 2866 1599 2921; x_wconf 89' lang='lat' dir='ltr'>ampliorem,</span> <span class='ocrx_word' id='word_1_244' title='bbox 1647 2865 1696 2908; x_wconf 90' lang='lat' dir='ltr'>in</span> <span class='ocrx_word' id='word_1_245' title='bbox 1743 2864 1849 2909; x_wconf 91' lang='lat' dir='ltr'>aliis</span> <span class='ocrx_word' id='word_1_246' title='bbox 1897 2862 2173 2908; x_wconf 88' lang='lat' dir='ltr'>strictiorem</span> 
     </span>
     <span class='ocr_line' id='line_1_35' title="bbox 287 2936 2176 3001; baseline -0.004 -13"><span class='ocrx_word' id='word_1_247' title='bbox 287 2948 568 3001; x_wconf 89' lang='lat' dir='ltr'>potestatem</span> <span class='ocrx_word' id='word_1_248' title='bbox 603 2943 774 2987; x_wconf 90' lang='lat' dir='ltr'>habent</span> <span class='ocrx_word' id='word_1_249' title='bbox 807 2956 942 2998; x_wconf 86' lang='lat' dir='ltr'>quam</span> <span class='ocrx_word' id='word_1_250' title='bbox 976 2941 1191 2997; x_wconf 86' lang='lat' dir='ltr'>episcopi,</span> <span class='ocrx_word' id='word_1_251' title='bbox 1235 2941 1351 2996; x_wconf 89' lang='lat' dir='ltr'>quod</span> <span class='ocrx_word' id='word_1_252' title='bbox 1402 2940 1700 2995; x_wconf 90' lang='lat' dir='ltr'>indicabitur,</span> <span class='ocrx_word' id='word_1_253' title='bbox 1747 2938 1827 2983; x_wconf 91' lang='lat' dir='ltr'>ubi</span> <span class='ocrx_word' id='word_1_254' title='bbox 1876 2939 1930 2982; x_wconf 90' lang='lat' dir='ltr'>de</span> <span class='ocrx_word' id='word_1_255' title='bbox 1978 2936 2176 2993; x_wconf 85' lang='lat' dir='ltr'>singulis</span> 
     </span>
     <span class='ocr_line' id='line_1_36' title="bbox 288 3017 855 3075; baseline -0.004 -11"><span class='ocrx_word' id='word_1_256' title='bbox 288 3019 544 3075; x_wconf 87' lang='lat' dir='ltr'>praeceptis</span> <span class='ocrx_word' id='word_1_257' title='bbox 576 3032 719 3062; x_wconf 88' lang='lat' dir='ltr'>sermo</span> <span class='ocrx_word' id='word_1_258' title='bbox 752 3017 855 3062; x_wconf 84' lang='lat' dir='ltr'>erit.</span> 
     </span>
    </p>

    <p class='ocr_par' dir='ltr' id='par_1_12' title="bbox 291 3091 2176 3254">
     <span class='ocr_line' id='line_1_37' title="bbox 439 3091 2176 3165; baseline -0.004 -18"><span class='ocrx_word' id='word_1_259' title='bbox 439 3096 489 3148; x_wconf 79' lang='lat'>5.</span> <span class='ocrx_word' id='word_1_260' title='bbox 541 3092 872 3165; x_wconf 75' lang='lat' dir='ltr'>Confessarii</span> <span class='ocrx_word' id='word_1_261' title='bbox 912 3092 1232 3162; x_wconf 87' lang='lat' dir='ltr'>dispensare</span> <span class='ocrx_word' id='word_1_262' title='bbox 1273 3110 1380 3143; x_wconf 91' lang='lat' dir='ltr'>non</span> <span class='ocrx_word' id='word_1_263' title='bbox 1411 3099 1658 3162; x_wconf 70' lang='lat' dir='ltr'>possunt,</span> <span class='ocrx_word' id='word_1_264' title='bbox 1701 3091 1808 3142; x_wconf 89' lang='lat' dir='ltr'>nisi</span> <span class='ocrx_word' id='word_1_265' title='bbox 1848 3094 2176 3159; x_wconf 89' lang='lat' dir='ltr'>potestatem</span> 
     </span>
     <span class='ocr_line' id='line_1_38' title="bbox 291 3177 2176 3254; baseline -0.005 -16"><span class='ocrx_word' id='word_1_266' title='bbox 291 3186 602 3254; x_wconf 85' lang='lat' dir='ltr'>delegatam</span> <span class='ocrx_word' id='word_1_267' title='bbox 645 3184 717 3235; x_wconf 89' lang='lat' dir='ltr'>ad</span> <span class='ocrx_word' id='word_1_268' title='bbox 756 3183 815 3235; x_wconf 94' lang='lat' dir='ltr'>id</span> <span class='ocrx_word' id='word_1_269' title='bbox 855 3183 1188 3252; x_wconf 90' lang='lat' dir='ltr'>acceperint.</span> <span class='ocrx_word' id='word_1_270' title='bbox 1269 3181 1381 3234; x_wconf 88' lang='lat' dir='ltr'>Ubi</span> <span class='ocrx_word' id='word_1_271' title='bbox 1424 3191 1610 3232; x_wconf 87' lang='lat' dir='ltr'>autem</span> <span class='ocrx_word' id='word_1_272' title='bbox 1666 3181 1854 3232; x_wconf 79' lang='lat' dir='ltr'>existit</span> <span class='ocrx_word' id='word_1_273' title='bbox 1893 3177 2176 3231; x_wconf 90' lang='lat' dir='ltr'>sufficiens</span> 
     </span>
    </p>
   </div>
   <div class='ocr_carea' id='block_1_10' title="bbox 292 3269 2176 3341">
    <p class='ocr_par' dir='ltr' id='par_1_13' title="bbox 292 3269 2176 3341">
     <span class='ocr_line' id='line_1_39' title="bbox 292 3269 2176 3341; baseline -0.003 -15"><span class='ocrx_word' id='word_1_274' title='bbox 292 3294 475 3341; x_wconf 90' lang='lat' dir='ltr'>causa,</span> <span class='ocrx_word' id='word_1_275' title='bbox 535 3272 913 3326; x_wconf 88' lang='lat' dir='ltr'>doctrinaliter</span> <span class='ocrx_word' id='word_1_276' title='bbox 963 3271 1243 3324; x_wconf 88' lang='lat' dir='ltr'>declarare</span> <span class='ocrx_word' id='word_1_277' title='bbox 1297 3280 1543 3341; x_wconf 79' lang='lat' dir='ltr'>possunt,</span> <span class='ocrx_word' id='word_1_278' title='bbox 1597 3272 1945 3340; x_wconf 87' lang='lat' dir='ltr'>poenitentes</span> <span class='ocrx_word' id='word_1_279' title='bbox 1986 3269 2045 3320; x_wconf 89' lang='lat' dir='ltr'>in</span> <span class='ocrx_word' id='word_1_280' title='bbox 2085 3286 2176 3338; x_wconf 91' lang='lat' dir='ltr'>pe-</span> 
     </span>
    </p>
   </div>
   <div class='ocr_carea' id='block_1_11' title="bbox 448 3451 1116 3507">
    <p class='ocr_par' dir='ltr' id='par_1_14' title="bbox 448 3451 1116 3507">
     <span class='ocr_line' id='line_1_40' title="bbox 448 3451 1116 3507; baseline -0.001 -11"><span class='ocrx_word' id='word_1_281' title='bbox 448 3454 482 3507; x_wconf 82' lang='lat'>1)</span> <span class='ocrx_word' id='word_1_282' title='bbox 516 3452 556 3496; x_wconf 81' lang='lat' dir='ltr'>S.</span> <span class='ocrx_word' id='word_1_283' title='bbox 591 3453 637 3497; x_wconf 82' lang='lat' dir='ltr'>C.</span> <span class='ocrx_word' id='word_1_284' title='bbox 672 3452 718 3497; x_wconf 83' lang='lat' dir='ltr'>O.</span> <span class='ocrx_word' id='word_1_285' title='bbox 753 3453 823 3500; x_wconf 78' lang='lat'>17.</span> <span class='ocrx_word' id='word_1_286' title='bbox 860 3452 951 3497; x_wconf 87' lang='lat' dir='ltr'>dec.</span> <span class='ocrx_word' id='word_1_287' title='bbox 987 3451 1116 3495; x_wconf 73' lang='lat'><strong>1725.</strong></span> 
     </span>
    </p>
   </div>
  </div>
 </body>
</html>
