2269 3898
829 126 893 168 De
927 123 1222 179 sponsalibus.
1909 122 1966 164 45

246 262 323 304 Ius
356 260 604 316 positivum
654 259 897 302 invalidam
948 258 1148 301 declarat
1191 270 1378 312 poenam
1429 269 1482 298 ex
1531 259 1765 298 contractu
1812 254 1867 298 ab
1915 268 1965 297 eo

99 336 376 390 solvendam,
422 335 497 389 qui
531 348 557 377 a
590 332 874 388 sponsalibus
918 331 1113 385 recedat,
1157 343 1213 373 ne
1244 329 1432 372 libertas
1477 328 1869 372 matrimoniorum
1904 328 1965 370 di-

99 408 388 463 minuatur¹).
433 409 526 451 Lex
559 407 651 450 ista
683 420 736 450 ex
770 405 971 448 omnium
1006 404 1235 448 sententia
1268 404 1336 447 ita
1368 403 1671 458 intelligenda
1702 408 1784 457 est,
1817 407 1871 445 ut
1902 403 1964 445 in-

98 484 252 527 valida
276 484 528 526 declaretur
560 494 703 536 poena
735 480 790 523 ab
824 493 872 523 eo
897 479 1126 533 solvenda,
1160 478 1235 533 qui
1260 478 1376 520 inste
1408 492 1434 520 a
1467 477 1750 532 sponsalibus
1773 476 1965 520 recedit:

98 564 251 601 utrum
285 557 490 600 invalida
533 556 593 598 sit
625 568 763 598 necne
806 567 949 609 poena
981 553 1036 597 ab
1078 566 1126 596 eo
1161 552 1389 606 solvenda,
1423 552 1499 606 qui
1533 552 1698 594 iniuste
1731 565 1756 594 a
1790 564 1966 606 sponsa-

98 632 217 675 libus
249 631 411 685 resilit,
455 635 661 673 auctores
696 629 950 684 disputant.
1015 628 1125 671 Cum
1173 626 1400 670 sententia
1444 627 1681 669 affirmans
1723 625 1967 680 probabilis

99 704 175 758 sit,
223 703 522 747 confessarius
565 703 767 758 obligare
813 703 971 757 nequit
1015 702 1186 745 iniuste
1232 701 1507 744 resilientem
1557 701 1614 743 ad
1663 713 1850 754 poenam
1884 699 1963 742 sol-

98 778 291 821 vendam
303 776 343 832 2).

251 888 289 920 c.
345 868 408 918 In
467 867 711 918 absoluta
762 877 814 918 ct
863 867 1237 919 condicionata
1277 875 1438 934 prout
1479 863 1579 916 sub
1622 862 1806 932 aliqua
1849 880 1965 913 con-

102 957 320 1009 dicione
363 965 458 1008 aut
499 958 615 1008 sine
658 956 749 1008 illa
799 958 1075 1009 ineuntur.
1160 956 1243 1007 De
1298 953 1646 1024 sponsalibus
1698 950 1965 1003 condicio-

102 1048 245 1098 natis
288 1046 481 1097 eadem
524 1046 728 1112 valent,
773 1065 912 1115 quae
955 1045 1020 1097 de
1064 1052 1351 1096 contractu
1395 1042 1779 1095 condicionato
1824 1039 1969 1090 dicta

103 1136 296 1204 sunt3).

252 1283 346 1338 45·
428 1299 579 1343 Nota.
646 1313 686 1341 a.
721 1299 771 1343 A
803 1311 962 1357 poena
990 1296 1299 1356 sponsalibus
1325 1295 1523 1341 adiecta
1558 1293 1793 1351 distingui
1827 1292 1976 1337 debet

105 1373 252 1415 arrha
278 1373 536 1431 (Angeld),
570 1387 692 1430 quae
729 1379 803 1418 est
838 1387 975 1418 omne
1011 1372 1075 1428 id,
1111 1371 1234 1429 quod
1269 1370 1433 1429 sponsi
1457 1374 1620 1414 mutuo
1656 1368 1749 1413 sibi
1772 1367 1977 1412 tradunt

105 1447 154 1492 in
187 1447 363 1503 sifflmm
389 1447 682 1506 sponsalium
711 1447 942 1493 initorum
975 1452 1025 1493 et
1058 1447 1106 1491 in
1119 1447 1292 1503 pifflms
1315 1443 1615 1490 matrimonii
1639 1439 1975 1488 contrahendi.

108 1520 204 1579 Qui
258 1535 285 1566 a
336 1522 645 1580 sponsalibus
693 1521 900 1577 recedit,
950 1520 1137 1567 amittit
1186 1534 1260 1575 ea,
1310 1532 1433 1577 quae
1485 1517 1634 1572 dedit,
1679 1524 1728 1562 et
1773 1520 1973 1571 accepta

105 1596 317 1642 reddere
339 1596 500 1653 debet,
520 1596 832 1642 matrimonio
851 1609 970 1641 vero
990 1599 1245 1641 contracto
1265 1593 1428 1652 sponsi
1446 1595 1746 1649 recuperant
1766 1588 1979 1643 arrham,

107 1684 248 1728 quam
286 1670 543 1716 dederant..
607 1670 810 1716 Arrhae
843 1684 937 1715 non
972 1675 1083 1715 sunt
1116 1668 1340 1715 illicitae.

258 1761 295 1803 b.
329 1760 412 1806 Ab
448 1761 611 1806 arrhis
647 1760 996 1818 distinguenda
1031 1766 1144 1805 sunt
1176 1759 1292 1801 (lona
1318 1771 1403 1803 seu
1432 1768 1647 1810 munera,
1683 1766 1804 1812 quae
1839 1764 1978 1809 prae-

108 1835 278 1880 sertim
328 1849 357 1881 a
401 1849 575 1894 sponso
609 1835 744 1881 tradi
790 1836 949 1881 solent
981 1847 1204 1893 sponsae.
1267 1830 1525 1878 Eiusmodi
1558 1842 1774 1880 munera,
1820 1826 1859 1871 si
1892 1839 1980 1884 pro

110 1909 391 1955 condicione
412 1924 695 1968 sponsorum
717 1910 882 1968 exigui
907 1916 1018 1955 sunt
1041 1908 1242 1965 valoris,
1268 1910 1533 1952 censentur
1553 1903 1774 1949 absolute
1800 1901 1983 1946 donata

109 1990 159 2029 et
203 1984 406 2043 proinde
443 1999 537 2031 non
578 1991 686 2031 sunt
732 1984 1057 2040 restituenda,
1105 1983 1146 2028 si
1189 1980 1549 2028 matrimonium
1595 1992 1689 2023 non
1734 1980 1979 2034 sequatur.

112 2058 299 2117 Quodsi
333 2060 498 2116 magni
533 2060 631 2105 sint
665 2059 866 2116 valoris,
903 2059 1085 2104 donata
1121 2062 1386 2103 censentur
1411 2054 1593 2100 intuitu
1624 2051 1778 2098 futuri
1814 2048 1981 2095 matri-

113 2133 274 2190 monii,
312 2140 362 2180 et
395 2133 598 2192 proinde
633 2133 946 2179 restituenda
971 2137 1097 2188 sunt,
1132 2131 1174 2177 si
1207 2128 1572 2176 matrimonium
1605 2140 1699 2186 non
1734 2128 1979 2181 sequatur.

111 2208 354 2254 Attamen
378 2208 516 2254 iuxta
547 2208 855 2267 probabilem
890 2206 1186 2253 sententiam
1212 2203 1422 2251 retineri
1445 2206 1659 2262 possunt,
1684 2200 1724 2246 si
1750 2213 1808 2245 ex
1839 2198 1981 2255 culpa

112 2283 276 2341 sponsi
310 2282 566 2328 solvantur
598 2282 862 2341 sponsalia.

262 2447 354 2501 46.
423 2448 507 2501 De
561 2446 941 2515 sponsalibus
995 2446 1394 2513 impuberum.
1477 2438 1766 2510 Sponsalia
1806 2439 1980 2505 impu-

114 2538 306 2589 berum
339 2556 407 2587 ex
437 2539 553 2588 iure
583 2536 952 2588 ecclesiastico
982 2534 1168 2586 valida
1211 2540 1517 2597 censentur,
1562 2528 1656 2581 sed
1700 2543 1980 2595 suspensa.

115 2626 339 2678 Scilicet
379 2635 624 2695 tempore
665 2626 1049 2696 impubertatis
1092 2623 1363 2676 eiusmodi
1406 2617 1682 2690 sponsalia
1724 2633 1832 2667 non
1868 2632 1982 2683 pos—

117 2724 266 2783 sunt,
328 2734 398 2766 ne
458 2724 646 2767 mutuo
709 2715 932 2784 quidem
998 2731 1296 2778 consenSU,
1364 2708 1628 2773 rescindi3
1695 2712 1980 2775 postquam

116 2813 299 2857 autem
353 2805 538 2874 sponsi
595 2802 941 2873 pubertatem
988 2803 1183 2872 'adepti
1242 2808 1382 2865 sunt,
1441 2800 1603 2862 (intra
1656 2794 1901 2846 triduum
1955 2809 1988 2841 a

118 2896 338 2963 cognita
380 2894 484 2945 hac
524 2893 807 2959 facultate)
851 2891 1128 2962 sponsalia
1168 2909 1266 2961 pro
1308 2888 1486 2941 lubitu
1526 2883 1837 2938 rescindere
1867 2898 1985 2951 pos-

119 2992 260 3049 sunt,
305 2992 357 3034 et
391 2982 614 3052 quidem
658 2984 699 3033 si
736 2981 897 3033 ambo
941 2980 1255 3050 impuberes
1297 2985 1467 3044 erant,
1510 2984 1740 3044 uterque
1779 2969 1989 3023 resilire

121 3081 314 3145 potest,
359 3071 521 3124 simul
562 3089 626 3122 ao
666 3070 1013 3140 pubertatem
1044 3070 1277 3139 adeptus
1306 3075 1403 3134 est,
1445 3066 1700 3135 quamvis
1727 3061 1834 3114 alia
1861 3077 1990 3130 pars

119 3164 303 3217 adhuc
343 3160 597 3231 impubes
638 3168 885 3226 maneat3
930 3167 982 3211 et
1016 3159 1160 3211 solus
1193 3157 1462 3227 impubes,
1506 3157 1549 3207 si
1580 3172 1702 3206 cum
1733 3152 1837 3204 alio
1875 3151 1987 3200 iam

276 3342 307 3395 1>
338 3340 382 3383 C.
419 3339 608 3383 Gemma
640 3339 696 3381 29
730 3339 801 3382 De
833 3351 979 3394 spons,
1016 3340 1059 3381 et
1088 3337 1286 3380 marrim.
1318 3335 1410 3389 (IV.
1446 3336 1498 3389 1).

273 3414 309 3470 2)
342 3415 408 3458 Cf.
443 3413 927 3458 Ball61·ini·Pctlmieri
953 3412 1031 3454 VI.
1065 3425 1108 3454 n.
1143 3411 1227 3453 116
1261 3423 1316 3453 ss.

275 3490 307 3544 ³)
339 3490 411 3532 De
437 3488 695 3544 praeceptis
725 3501 768 3530 n.
803 3487 902 3530 531.
