2301 3962
749 74 815 116 De
845 73 943 128 ipso
975 75 1067 116 fine
1097 74 1275 116 ultimo.
1892 77 1945 119 15

100 205 305 248 Videmus
336 219 450 248 nune
471 218 562 260 per
584 206 809 260 speculum
843 205 887 247 in
914 206 1167 260 aeniqmate
1179 218 1200 259 ,·
1231 209 1332 248 tune
1366 209 1512 248 autem
1528 208 1656 262 faeie
1689 207 1944 263 adfaciem.

85 279 215 321 Nunc
247 291 454 333 coynosco
488 291 545 320 ex
564 281 721 332 parte,
753 281 855 320 tnnc
878 281 1025 320 autem
1051 291 1325 333 coquoscczm,
1358 279 1476 322 sicut
1506 283 1550 321 et
1570 280 1771 334 cofflzitus
1794 280 1945 335 snnst).

86 353 157 395 Ex
188 352 258 394 his
292 351 504 394 discimus
537 338 840 405 cognitionem
873 350 972 404 Dei,
1019 364 1106 404 qua
1137 351 1185 394 in
1218 352 1301 394 hac
1333 352 1432 394 vita
1463 352 1671 406 fruimur,
1720 354 1853 407 longe
1885 354 1947 395 in-

86 429 292 471 feriorem
326 440 419 470 θεεθ
450 427 722 481 cognitione,
773 440 860 480 qua
892 425 1079 467 fruituri
1113 438 1266 467 sumus
1314 424 1361 466 in
1395 425 1692 469 aeternitate:
1745 428 1945 481 cognitio

87 501 205 544 enim
236 501 370 543 huius
404 501 528 543 vitae
562 499 656 542 sive
686 499 911 541 naturalis
959 512 1037 552 per
1078 499 1299 541 rationem
1350 499 1444 541 sive
1479 501 1838 554 supernaturalis
1871 514 1948 556 per

89 575 226 616 fidem
259 578 327 616 est
361 573 561 628 cognitio
595 573 678 616 Dei
712 573 938 622 mediata;
961 564 1173 626 ⁴cognitio
1206 576 1358 615 autem
1392 573 1516 616 vitae
1548 576 1733 616 futurae
1766 578 1834 617 θεῖ
1868 575 1947 616 im—

87 647 284 690 mediata
317 648 409 690 Dei
439 647 548 690 cisio
580 650 712 701 utque
744 646 935 688 intuitio.

232 749 265 778 c.
300 735 575 777 Benedictus
608 733 716 776 XII.
753 734 974 777 declarat:
1024 733 1342 788 „Auctoritate
1390 734 1639 788 apostolica
1692 735 1946 790 definimus,

91 809 207 862 quod
241 809 361 851 beati
396 808 551 851 divina
583 807 780 850 essentia
812 809 1120 862 perfruantur,
1169 821 1249 850 nec
1296 819 1386 849 non
1419 808 1537 861 quod
1572 821 1626 850 ex
1658 807 1742 850 tali
1776 808 1949 851 visione

84 887 130 925 et
162 882 380 924 fruitione
411 895 562 924 eorum
596 882 788 936 animae,
838 882 913 935 qui
961 882 1052 924 iam
1087 882 1389 936 decesserunt,
1439 886 1546 924 sunt
1578 895 1681 924 vere
1713 881 1871 925 beatae
1904 887 1947 925 et

85 956 253 999 habent
284 956 428 999 vitam
463 959 509 998 et
540 955 739 1009 requiem
774 955 1094 1006 aeternamm).

232 1044 272 1086 d.
321 1045 390 1086 Ex
436 1043 660 1087 intuitiva
692 1043 879 1098 visione,
928 1057 1015 1097 qua
1047 1043 1309 1086 intellectus
1358 1043 1583 1085 humanus
1632 1043 1795 1086 intime
1845 1057 1943 1086 cum

85 1117 241 1160 divina
272 1117 468 1161 essentia
515 1117 822 1172 coniungitur,
870 1117 1070 1160 naturali
1103 1117 1375 1160 necessitate
1423 1117 1568 1159 oritur
1615 1117 1663 1159 in
1714 1118 1949 1160 voluntate

83 1205 208 1234 amor
240 1191 403 1234 summi
445 1191 547 1234 boni
580 1192 843 1234 immediate
877 1191 1061 1246 cogniti.
1128 1191 1357 1233 Summam
1409 1192 1524 1233 hanc
1557 1191 1814 1246 caritatem,
1863 1205 1949 1246 qua

84 1266 214 1308 homo
246 1265 294 1307 in
327 1266 470 1308 Deum
518 1267 679 1317 fertur,
734 1265 967 1319 significat
1016 1266 1248 1319 apostolus
1296 1264 1366 1307 his
1416 1265 1587 1307 verbis:
1637 1278 1753 1308 nnnc
1800 1268 1949 1308 autem

83 1339 409 1396 manentfides,
433 1353 550 1394 spes,
583 1340 772 1391 caritas,
805 1339 895 1381 tria
921 1339 1064 1392 leuem,-
1095 1338 1242 1380 maior
1266 1341 1413 1380 autem
1437 1338 1597 1379 lienum
1623 1341 1692 1380 est
1712 1339 1949 1392 caritasss>:

83 1412 183 1455 ideo
217 1413 335 1456 enim
369 1413 606 1455 caritatem
642 1413 733 1454 fide
767 1416 812 1454 et
846 1425 923 1466 spe
956 1412 1170 1454 maiorem
1205 1412 1331 1466 dicit,
1365 1411 1469 1465 quia
1504 1411 1643 1453 etiam
1677 1411 1724 1453 in
1757 1412 1950 1454 aeterni-

84 1490 182 1529 tate
213 1499 427 1529 mansura
459 1489 541 1527 θεῖ.

236 1632 326 1684 13.
369 1633 428 1681 Ιι]
473 1632 784 1698 cognitione
827 1640 879 1682 et
918 1650 1102 1683 amore
1144 1633 1268 1697 Dei7
1324 1632 1393 1683 ad
1451 1651 1612 1701 quem
1654 1632 1816 1683 homo
1861 1633 1945 1684 de-

84 1723 314 1772 stinatus
367 1728 461 1786 est,
515 1720 645 1770 hinc
699 1721 923 1789 quidem
976 1720 1149 1791 9Zoria
1188 1723 1308 1786 Dei,
1365 1721 1493 1772 inde
1547 1739 1675 1772 vero
1727 1722 1948 1772 hominis

84 1810 348 1861 beatitudo
391 1810 650 1862 consistit.

233 1925 272 1953 a.
309 1909 484 1956 Gloria
508 1910 609 1956 Dei
635 1919 842 1956 externa
875 1909 1097 1957 formalis
1133 1911 1358 1957 consistit
1392 1912 1441 1956 in
1477 1912 1770 1969 cognitione,
1804 1913 1948 1957 laude

87 1990 137 2029 et
173 1998 353 2038 amore,
390 1999 527 2042 quem
563 1990 827 2030 creaturae
860 1986 1230 2031 intellectuales
1263 1985 1372 2031 Deo
1409 1986 1666 2042 exhibent,
1714 1986 1949 2031 maiorem

86 2072 204 2103 vero
245 2058 442 2104 laudem
485 2064 534 2104 et
579 2073 795 2104 amorem
839 2059 949 2105 Deo
984 2074 1165 2105 summo
1206 2061 1330 2105 bono
1378 2060 1611 2105 exhibere
1660 2074 1754 2105 non
1786 2063 1949 2118 potest

88 2132 226 2177 homo
258 2137 461 2189 praeter
495 2146 614 2184 eum,
650 2133 731 2189 qui
754 2133 804 2177 in
826 2133 1014 2179 visione
1041 2147 1146 2179 cum
1172 2139 1500 2191 consequente
1522 2147 1688 2179 amore
1711 2134 1948 2179 consistit.

234 2236 273 2265 α.
312 2222 469 2264 Gloria
504 2222 670 2276 duplex
704 2226 786 2276 est,
819 2222 1001 2265 interna
1024 2226 1069 2266 et
1093 2228 1291 2265 externa.
1327 2222 1517 2265 Internu
1552 2226 1621 2265 est
1654 2222 1871 2276 perfectio
1905 2225 1950 2264 et

84 2295 363 2349 excellentia,
396 2300 582 2350 propter
613 2309 747 2349 quam
780 2296 945 2350 aliquis
980 2296 1146 2351 dignus
1195 2300 1277 2350 est,
1329 2297 1405 2350 qui
1439 2300 1737 2352 cognoscatur
1782 2300 1828 2338 et
1860 2296 1951 2338 lau-

85 2370 239 2416 detur;
275 2372 465 2412 euterun
499 2374 568 2412 est
602 2383 712 2423 opus
745 2374 997 2424 externum,
1030 2374 1215 2424 propter
1248 2371 1366 2424 quod
1399 2370 1565 2424 aliquis
1599 2369 1948 2412 admirationem

84 2450 129 2487 et
160 2444 341 2487 laudem
374 2447 584 2486 meretur.

233 2517 389 2559 Gloria
422 2517 603 2559 interna
635 2518 707 2559 vel
740 2520 809 2559 est
843 2517 1070 2569 obiectica,
1116 2517 1216 2571 ipsa
1263 2517 1435 2560 scilicet
1468 2517 1686 2572 perfectio
1733 2521 1778 2560 et
1812 2518 1949 2559 excel-

82 2591 239 2646 lentia,
286 2603 399 2645 qnae
431 2590 673 2633 constituit
715 2591 939 2634 obiectum
974 2591 1248 2646 cognitionis
1296 2595 1340 2634 et
1390 2591 1614 2634 motivum
1664 2590 1827 2643 laudis,
1879 2591 1951 2633 vel

77 2665 315 2722 formalis,
362 2678 476 2719 quae
508 2669 577 2708 est
610 2664 812 2719 cognitio
844 2665 988 2720 ipsius
1022 2665 1317 2708 excellentiae
1365 2670 1411 2708 et
1442 2666 1558 2719 laus,
1606 2678 1732 2707 amor
1766 2670 1812 2708 et
1845 2678 1949 2719 gau-

87 2739 227 2792 dium,
261 2752 374 2792 quae
421 2752 475 2781 ex
523 2739 607 2781 hac
639 2738 898 2793 cognitione
930 2743 1192 2792 sequuntur.
1260 2739 1416 2781 Gloria
1453 2742 1643 2781 externa
1678 2738 1848 2793 pariter
1879 2739 1951 2781 vel

85 2818 153 2856 est
187 2813 413 2864 objectiva,
460 2813 609 2867 ipsum
643 2813 816 2855 scilicet
849 2826 960 2867 opus
992 2817 1245 2867 externum,
1294 2813 1410 2866 quod
1444 2812 1689 2855 constituit
1724 2812 1948 2856 obiectum

83 2886 358 2941 cognitionis
391 2890 435 2929 et
468 2886 693 2929 rationem
725 2886 875 2930 laudis
909 2890 1045 2940 atque
1077 2886 1409 2940 admirationis,
1458 2887 1532 2929 vel
1555 2885 1794 2942 formalis,
1838 2900 1951 2940 quae

82 2964 153 3003 est
185 2960 386 3015 cognitio
419 2960 564 3014 operis
597 2963 642 3001 et
675 2959 790 3014 laus,
838 2973 963 3002 amor
995 2965 1041 3002 et
1074 2959 1333 3013 admiratio,
1383 2973 1497 3013 quae
1547 2960 1654 3002 inde
1686 2965 1948 3014 sequuntur.

235 3035 272 3083 β.
305 3033 525 3077 Definitio
564 3033 726 3087 igitur,
774 3046 862 3087 qua
908 3033 1055 3087 gloria
1109 3032 1288 3076 definiri
1337 3034 1474 3076 solet:
1525 3033 1653 3076 clara
1687 3047 1783 3075 eum
1816 3033 1951 3075 laude

81 3108 241 3150 notitia
274 3107 304 3150 i.
338 3120 374 3150 e.
408 3107 608 3162 cognitio
652 3107 706 3149 de
738 3107 931 3150 alicuius
964 3107 1232 3150 excellentia
1264 3121 1364 3150 cum
1399 3107 1600 3150 eiusdem
1634 3107 1871 3161 agnitione
1903 3111 1949 3150 et

236 3254 271 3308 l)
305 3256 344 3296 1.
378 3255 473 3298 Cor.
510 3256 578 3309 13,
611 3255 771 3297 9-12,

235 3328 269 3383 ²)
300 3328 580 3371 Constitutio
614 3328 892 3371 Benedictus
923 3328 1052 3371 Deus
1083 3328 1153 3371 29.
1187 3328 1276 3372 ian.
1314 3327 1442 3371 1336.

234 3400 268 3455 3)
302 3402 338 3444 1.
376 3401 471 3444 Cor.
507 3402 577 3456 13,
613 3402 681 3448 13.
