2269 3898
249 111 336 153 318
974 107 1050 152 VI.
1084 109 1151 152 De
1183 110 1394 164 peccatis.

842 436 1182 518 Quaestio
1233 438 1520 517 quarta.

754 601 845 653 De
887 599 1188 663 periculo
1229 599 1581 663 peccandi.

396 760 525 814 291.
575 759 885 813 Notiones.
950 762 994 813 l.
1055 761 1354 812 Periculum
1397 761 1661 830 peccandi
1711 770 1791 813 est
1844 780 2006 814 omne
2046 762 2121 824 id,

245 850 391 921 quod
433 851 501 902 ad
545 859 835 919 peccatum
877 850 1094 902 inducit
1134 859 1194 901 ut
1220 852 1466 916 tentatio,
1509 869 1715 919 pravus
1753 851 1994 918 habitus,
2036 871 2123 903 res

244 939 566 994 obscoenae.

394 1031 443 1082 2.
501 1030 623 1081 Hoc
671 1028 979 1098 periculum
1024 1040 1104 1080 θεῖ
1145 1030 1424 1094 internum,
1481 1031 1524 1080 si
1567 1031 1824 1098 provenit
1873 1049 1905 1080 a
1958 1047 2125 1081 causa

244 1122 477 1186 interna,
522 1128 581 1169 ut
622 1128 702 1169 est
745 1120 920 1188 turpis
947 1119 1305 1187 imaginati03
1352 1127 1433 1169 est
1461 1128 1750 1184 eoeternum,
1780 1120 1823 1170 si
1867 1120 2126 1188 provenit

243 1229 275 1260 a
318 1227 484 1260 causa
526 1216 772 1273 externa,
817 1217 877 1258 ut
918 1216 998 1258 est
1037 1226 1124 1258 res
1164 1206 1416 1259 alliciens
1457 1208 1529 1260 ad
1570 1216 1878 1277 peccatum.

394 1300 443 1351 3.
488 1297 610 1349 Hoc
651 1297 960 1366 periculum
1005 1297 1209 1348 dicitur
1249 1317 1407 1367 yrave
1451 1299 1834 1366 (proximum),
1880 1300 1925 1349 si
1953 1316 2124 1350 mora·

243 1388 367 1441 liter
420 1395 566 1439 certo
623 1405 939 1439 connexum
995 1396 1076 1438 est
1129 1404 1255 1437 cum
1309 1396 1571 1455 peccat03
1630 1387 1832 1438 dicitur
1882 1388 1988 1439 leve
2027 1391 2124 1455 (re-

244 1480 495 1544 motum),
552 1479 594 1529 si
639 1495 816 1528 nexus
858 1495 983 1528 cum
1039 1484 1266 1546 peccato
1323 1494 1433 1527 non
1476 1484 1558 1527 est
1609 1476 1889 1528 moraliter
1930 1484 2126 1529 certus.

390 1568 442 1620 4.
485 1566 807 1618 Periculum
849 1584 1021 1634 grave
1063 1574 1143 1617 θεῖ
1185 1565 1424 1617 absolute
1468 1585 1563 1617 seu
1598 1586 1701 1636 per
1742 1586 1794 1618 se
1834 1584 2022 1635 grave,
2079 1568 2123 1618 si

241 1675 338 1726 pro
382 1656 638 1708 omnibus
669 1657 1037 1707 communiter
1061 1655 1169 1707 tale
1200 1664 1306 1720 θεῖς
1349 1654 1569 1706 relative
1611 1674 1707 1706 seu
1743 1675 1843 1726 per
1881 1655 2126 1707 accidens

241 1763 430 1814 grave,
474 1746 518 1796 si
572 1764 670 1814 pro
724 1745 1006 1815 aliquibus
1059 1752 1275 1796 tantum
1332 1744 1399 1796 ob
1456 1744 1794 1814 peculiarem
1849 1743 2123 1814 dispositi·

242 1853 403 1886 onem
443 1834 551 1886 tale
593 1843 694 1891 est.

391 1999 515 2054 292.
565 1999 896 2066 Principia.
981 2001 1027 2049 1.
1093 1997 1411 2049 Periculum
1463 2015 1633 2066 grave
1694 2016 1786 2048 seu
1843 1997 2123 2049 moraliter

243 2098 452 2141 certum
491 2090 736 2158 graviter
776 2087 1048 2157 peccandi
1092 2087 1192 2139 sub
1236 2088 1395 2156 gravi
1437 2088 1615 2138 vitare
1657 2095 1925 2140 tenemur.
2010 2086 2120 2152 Qui

244 2180 390 2230 enim
434 2178 555 2229 vult
595 2177 838 2247 aliquam
892 2195 1026 2243 rem,
1085 2176 1352 2246 implicite
1404 2179 1480 2246 (in
1537 2178 1724 2243 causa)
1784 2176 1903 2228 vult
1956 2179 2121 2228 etiam

243 2268 397 2335 illud,
441 2269 588 2338 quod
631 2287 757 2319 cum
799 2287 862 2319 ea
903 2267 1058 2318 videt
1098 2269 1407 2318 necessario
1450 2286 1566 2318 esse
1595 2268 1983 2334 coniunctum3
2029 2268 2121 2336 qui

244 2376 369 2427 ergo
412 2357 532 2409 vult
565 2376 734 2427 grave
770 2356 1078 2426 periculum
1109 2359 1340 2425 peccati,
1371 2356 1491 2408 vult
1524 2358 1689 2408 etiam
1720 2358 1899 2425 ipsum
1930 2375 2119 2425 pecca-

242 2457 377 2514 tum,
396 2450 601 2517 quippe
622 2446 899 2498 moraliter
917 2447 1225 2498 necessario
1247 2464 1372 2498 cum
1394 2464 1454 2497 eo
1480 2448 1857 2498 coniunctum.
1887 2446 2122 2515 Insuper

244 2540 477 2608 quaevis
515 2537 622 2599 lex,
667 2555 729 2589 eo
770 2538 888 2605 ipso
932 2536 1079 2606 quod
1109 2544 1260 2587 vetat
1301 2537 1385 2587 sui
1413 2536 1730 2600 laesionem,
1773 2544 1925 2587 vetat
1953 2537 2119 2587 etiam

243 2646 405 2679 omne
448 2628 520 2690 id,
565 2626 712 2697 quod
753 2626 825 2677 ad
865 2628 1011 2678 hanc
1065 2625 1366 2677 laesionem
1422 2625 1615 2677 morali
1669 2624 2000 2677 certitudine
2042 2627 2120 2677 in-

244 2719 423 2779 ducit;
468 2725 619 2767 vetat
659 2734 804 2784 erg-0,
848 2735 916 2767 ne
960 2716 1082 2786 quis
1125 2724 1319 2785 sponte
1361 2733 1418 2767 se
1460 2715 1652 2766 offerat
1685 2716 1843 2784 gravi
1874 2713 2119 2784 periculo

241 2808 378 2875 legis
418 2806 729 2858 violandae.

393 2910 432 2937 α.
469 2896 768 2939 Controversa
801 2899 869 2939 est
904 2895 1125 2950 quaestio,
1159 2909 1268 2938 num
1303 2907 1444 2950 grave
1475 2897 1711 2949 peccatum
1745 2893 1808 2937 sit
1829 2907 1876 2937 se
1899 2907 2121 2949 exponere

232 2969 443 3026 periculo
474 2970 707 3024 probabili
748 2971 854 3024 (non
904 2969 1140 3013 moraliter
1187 2970 1327 3021 certo)
1377 2968 1584 3023 graviter
1632 2967 1862 3023 peccandi.
1923 2967 2118 3011 Plurimi

245 3043 427 3099 quidem
470 3049 675 3088 auctores
720 3059 819 3088 cum
860 3059 896 3091 s.
921 3044 1194 3101 Alphonsffl)
1227 3057 1368 3099 grave
1399 3046 1634 3098 peccatum
1664 3043 1926 3095 affirmant3
1960 3056 2117 3086 verum

242 3119 321 3161 vix
354 3118 567 3162 credibile
599 3123 669 3161 est
701 3121 966 3163 offerentem
1001 3132 1046 3162 se
1088 3118 1287 3173 periculo
1337 3118 1542 3173 graviter
1587 3118 1804 3172 peccandi
1854 3131 1953 3160 cum
2003 3117 2120 3161 seria

241 3208 294 3236 ac
325 3192 589 3236 rationabili
613 3207 704 3248 spe,
739 3208 783 3237 se
805 3208 893 3237 non
918 3208 1011 3238 esse
1034 3194 1284 3248 lapsurum,
1308 3192 1513 3248 graviter
1531 3200 1731 3248 peccare,
1764 3206 1864 3235 cum
1894 3192 2118 3235 affirmari

244 3273 439 3323 nequeat
473 3281 574 3311 eum
607 3269 724 3311 velle
757 3273 1006 3323 peccatum,
1041 3268 1208 3323 quippe
1241 3268 1360 3323 quod
1391 3281 1481 3311 non
1523 3267 1584 3310 sit
1628 3267 1877 3311 necessario
1915 3266 2118 3310 coniunc-

245 3348 345 3385 tum
381 3357 480 3385 cum
514 3342 728 3397 periculo,
762 3343 832 3386 cui
867 3357 912 3386 se
945 3343 1144 3398 exponit.
1213 3343 1422 3386 Ceterum
1472 3342 1723 3396 complures
1772 3344 1993 3395 auctores,
2042 3339 2118 3394 qui

403 3479 430 3531 ¹)
463 3477 529 3520 Cf.
563 3478 591 3523 l.
626 3476 666 3519 5.
701 3491 744 3520 n.
779 3478 849 3521 63.
883 3478 911 3521 1.
947 3478 987 3520 6.
1021 3491 1064 3520 n.
1098 3477 1198 3520 453.
