2269 3898
677 151 742 193 De
773 151 1115 205 impedimentis
1148 151 1442 194 matrimonii.
1939 154 1993 196 87

279 286 322 337 1.
366 283 699 352 Impotentia
753 293 1012 353 perpetua
1073 293 1127 336 et
1186 285 1494 335 cmztececlens
1555 284 1762 336 dirimit
1816 288 1991 336 matri-

128 373 390 436 monium,
448 374 489 422 si
534 371 775 423 absoluta
817 382 911 438 θεῖ,
956 391 1080 422 cum
1139 375 1334 441 quavis
1376 391 1624 442 persona,
1684 377 1726 424 si
1767 375 1995 426 relativa

127 470 220 526 est,
266 479 388 511 cum
432 460 539 526 illa,
583 479 820 530 quacum
864 460 1060 530 copula
1101 461 1344 530 perfecta
1385 460 1573 513 haber³
1620 465 1825 531 nequit.

275 552 322 603 2.
363 550 477 600 Nec
507 551 830 618 impotentia.
862 550 1165 619 temporalis
1195 569 1295 601 nec
1323 553 1645 618 impotentia
1685 571 1997 620 consequens

128 638 337 689 dirimit
377 639 818 689 matrimonium:
863 657 972 688 non
1009 640 1181 708 prior,
1225 640 1353 707 quia
1380 657 1489 690 non
1519 640 1650 690 facit
1675 640 1997 709 simpliciter

127 728 375 795 ineptum
437 726 507 777 ad
573 727 968 795 generandum,
1038 727 1132 778 sed
1199 727 1372 778 solum
1441 728 1511 778 ad
1579 739 1821 797 tempus3
1889 748 1996 781 non

116 817 403 885 posterior,
448 816 578 884 quia
620 817 939 884 supervenit
976 818 1325 867 matrimonio
1370 816 1570 881 valido,
1614 818 1759 886 quod
1802 825 1881 868 est
1921 819 1996 868 in-

125 904 457 956 dissolubile.

271 994 341 1035 Ad
376 993 700 1048 quaestionem,
734 1007 839 1035 num
873 994 1085 1049 ohll'yatio
1118 994 1179 1036 sit
1209 994 1397 1036 tollendi
1428 995 1732 1049 impotentiam
1766 1000 1869 1049 post
1910 1008 1997 1037 ma-

124 1067 390 1110 trimonium
427 1068 669 1120 detectam,
701 1067 770 1110 ita
802 1067 1185 1122 respondendum:
1224 1081 1264 1110 a.
1300 1067 1336 1109 si
1371 1067 1538 1121 absque
1560 1069 1757 1123 periculo
1780 1068 1904 1111 vitae
1927 1069 1997 1110 vel

123 1142 277 1197 gravis
310 1141 467 1195 morbi,
501 1142 587 1184 etsi
620 1156 708 1185 non
742 1142 838 1184 sine
870 1142 1001 1196 gravi
1050 1142 1259 1184 molestia
1307 1146 1351 1184 et
1401 1142 1565 1197 dolore,
1613 1143 1781 1185 auferri
1830 1146 1997 1197 potest,

125 1216 284 1260 existit
318 1215 539 1270 obligatio
573 1229 669 1259 eam
704 1216 920 1258 tollendi:
957 1220 1140 1259 tenetur
1172 1216 1291 1259 enim
1316 1216 1479 1259 mulier
1502 1230 1641 1271 grave
1663 1217 1995 1259 incommodum

125 1290 288 1344 subire,
310 1296 361 1332 ut
385 1290 571 1332 reddere
590 1290 739 1346 possit
764 1290 849 1344 ius,
884 1290 999 1343 quod
1020 1290 1090 1332 vir
1117 1294 1355 1332 contractu
1378 1291 1705 1334 matrimoniali
1729 1291 1993 1345 acquisivit;

125 1365 163 1406 b.
197 1364 355 1418 quodsi
389 1364 555 1418 absque
589 1364 786 1419 periculo
820 1364 945 1407 vitae
988 1365 1059 1407 vel
1104 1364 1258 1418 gravis
1301 1364 1443 1407 morbi
1485 1365 1653 1408 auferri
1697 1378 1785 1408 non
1829 1369 1996 1420 potest,

122 1452 210 1482 non
243 1445 440 1494 tenetur,
474 1439 580 1493 quia
614 1438 806 1493 obligari
841 1439 999 1492 nequit
1034 1439 1091 1481 ad
1125 1438 1407 1481 subeundum
1442 1443 1624 1482 tantum
1646 1439 1994 1494 incommodum,

121 1518 173 1556 ut
207 1513 278 1556 ius
311 1513 397 1555 viri
433 1516 637 1556 servetur
670 1512 774 1565 (nisi
811 1512 1051 1555 dicendum
1087 1513 1147 1555 sit
1182 1512 1523 1555 matrimonium
1557 1513 1604 1556 in
1638 1514 1720 1556 hoc
1753 1527 1858 1556 casu
1905 1527 1998 1556 esse

121 1587 406 1641 invalidum).

272 1663 320 1714 33.
366 1661 486 1712 Hoc
552 1660 1011 1730 impedimentum
1075 1668 1153 1710 est
1211 1661 1346 1711 iuris
1404 1669 1657 1713 minume.-
1721 1661 1997 1713 obiectum

122 1753 269 1802 enim
331 1758 644 1802 contractus
702 1748 1122 1800 matrimonialis
1184 1758 1264 1800 est
1324 1751 1407 1801 ius
1466 1753 1523 1801 in
1586 1770 1784 1820 corpus
1840 1761 1999 1820 prout

122 1847 313 1909 aptum
357 1848 436 1890 est
476 1839 546 1890 ad
589 1838 842 1908 copulam
887 1839 1232 1908 coniugalem
1275 1840 1591 1908 perfectam.

275 2003 366 2055 88.
409 2003 493 2056 De
536 2003 929 2056 matrimonio
972 2017 1104 2056 cum
1146 2003 1507 2071 impotentia
1545 2005 1720 2060 inito,

270 2109 317 2160 1.
363 2107 418 2159 Si
461 2108 787 2176 impotentia
829 2107 1162 2158 antecedens
1204 2117 1347 2158 certa
1387 2117 1482 2173 est,
1541 2110 1722 2160 statim
1783 2111 2000 2178 propria

124 2199 422 2264 coniugum
467 2198 793 2247 auctoritate
835 2196 1090 2248 facienda
1131 2205 1211 2248 est
1252 2199 1524 2266 separatio
1567 2198 1750 2268 quoad
1791 2208 1998 2265 torum3

123 2285 442 2336 omnimoda
484 2294 667 2336 autem
693 2287 963 2354 separatio
1006 2287 1215 2356 absque
1241 2286 1425 2338 iudice
1470 2287 1839 2339 ecclesiastico
1881 2287 1999 2339 fieri

122 2394 230 2426 non
273 2383 479 2444 potestg
525 2393 693 2444 quare
735 2374 805 2426 ad
848 2375 1088 2426 iudicem
1128 2375 1560 2428 ecclesiasticum
1602 2377 1998 2429 recurrendum

123 2474 175 2515 et
231 2464 690 2533 impedimentum
751 2466 855 2515 rite
909 2464 1258 2534 probandum
1317 2474 1414 2533 est⁷
1472 2485 1578 2536 quo
1635 2466 1778 2518 facto
1835 2466 2000 2518 iudex

123 2554 453 2605 sententiam
494 2553 560 2605 de
604 2553 856 2605 nullitate
914 2555 1250 2605 matrimonii
1292 2556 1410 2621 fert,
1454 2563 1506 2606 et
1548 2557 1809 2623 coniuges
1850 2575 1995 2625 sepa-

122 2650 328 2695 rantur.

271 2745 311 2773 a.
346 2731 618 2785 Ant-iquitus
652 2732 832 2786 quidem
869 2733 1023 2787 praxis
1057 2733 1296 2788 separandi
1343 2732 1572 2788 coniuges,
1614 2747 1802 2788 quorum
1847 2733 1999 2777 matri-

123 2805 324 2848 monium
359 2805 412 2848 ob
445 2805 764 2860 impotentiam
800 2808 1141 2850 antecedentem
1175 2808 1352 2850 nullum
1387 2814 1498 2861 erat,
1531 2808 1729 2851 nondum
1753 2808 1919 2863 ubique
1951 2808 2000 2851 in

124 2880 310 2923 ecclesia
341 2880 614 2932 invaluerat,
650 2882 725 2924 sed
760 2882 963 2936 putativi
998 2882 1211 2936 coniuges
1244 2886 1296 2925 ut
1329 2883 1474 2925 frater
1506 2887 1552 2925 et
1585 2896 1707 2925 soror
1739 2883 1999 2926 cohabitare

122 2954 573 3009 permittebantur¹);
609 2955 782 2999 abolita
814 2961 967 2999 autem
1002 2956 1085 2999 hac
1117 2956 1305 2999 licentia
1325 2970 1417 3012 per
1451 2956 1631 2999 Sixtmn
1678 2958 1717 2999 V.
1752 2958 1905 3012 praxis
1940 2971 1999 3001 se-

122 3029 313 3083 parandi
347 3029 562 3085 coniuges
594 3032 720 3074 facta
753 3035 821 3074 est
854 3029 1183 3085 universalis&
1218 3031 1324 3085 quia
1356 3044 1531 3086 semper
1563 3032 1718 3075 adesse
1752 3033 1866 3075 solet
1889 3032 2000 3087 peri-

124 3104 273 3147 culum
308 3103 680 3148 incontinentiae.
747 3104 791 3147 Si
825 3110 979 3148 tamen
1013 3105 1240 3160 separatio
1274 3105 1518 3160 coniugum
1553 3106 1614 3149 sit
1647 3106 1880 3149 moraliter
1921 3106 1999 3148 im-

122 3177 365 3233 possibilis,
398 3183 452 3221 ut
485 3178 561 3221 ubi
594 3180 717 3234 leges
751 3179 930 3234 civiles,
978 3193 1091 3234 quae
1136 3179 1515 3234 impedimentum
1563 3180 1862 3235 impotentiae
1909 3193 1998 3222 non
2055 3186 2057 3189 '

121 3257 392 3307 agnoscunt,
435 3253 650 3308 coniuges
695 3253 830 3296 simul
872 3267 1134 3308 permanere
1174 3258 1359 3308 cogunt,
1403 3254 1539 3297 etiam
1591 3260 1745 3298 nostro
1798 3258 2000 3308 tempore

279 3429 306 3484 ¹)
339 3431 384 3474 C.
411 3430 537 3484 Quod
556 3431 704 3474 sedem
729 3432 755 3473 2
779 3436 824 3475 et
847 3432 892 3474 C.
911 3432 1208 3476 Laudabilem
1232 3433 1258 3475 ἔ)
1276 3433 1348 3475 De
1364 3433 1529 3489 frissid.
1555 3436 1598 3475 et
1616 3432 1770 3486 males.
1789 3430 1886 3487 (IV.
1909 3430 1998 3483 15).

276 3505 307 3557 ²>
338 3504 530 3548 Constit.
571 3505 677 3548 Cum
703 3507 978 3562 frequenter
1011 3507 1079 3549 27.
1113 3506 1208 3549 iun.
1243 3507 1373 3550 1587.
