2269 3898
303 89 391 134 210
990 88 1067 130 IV.
1104 89 1171 132 De
1204 89 1493 133 conscientia.

303 239 520 298 tempus
562 232 793 283 cessant,
849 222 1131 273 horrorem
1184 224 1398 291 peccati
1454 224 1754 276 conciliant
1794 234 1849 277 et
1890 245 2015 278 cum
2057 227 2179 280 Deo

303 319 551 370 intimius
594 313 954 378 coniungunt.

451 421 575 463 Deus
608 415 788 472 proprie
823 418 883 470 *et
935 412 1104 456 directe
1152 418 1312 456 auctor
1360 417 1673 470 scrupulorum
1724 417 1812 460 dici
1855 419 2031 474 nequit,
2078 433 2180 463 eum

305 508 496 542 errorem
533 492 798 536 cont-ineant
831 494 877 532 et
911 488 1094 531 animae
1128 489 1299 531 malum
1335 490 1636 534 constituant.
1701 491 1884 536 Directe
1917 498 2000 536 aut
2038 509 2066 538 a
2105 508 2181 538 na-

307 580 413 614 tura
445 570 645 612 huma-na
678 578 757 620 per
789 569 1026 618 peccatum
1059 562 1230 606 vitiata
1278 568 1359 606 aut
1408 578 1435 606 a
1483 565 1601 608 malo
1652 566 1868 610 daemone
1915 569 2181 624 procedunt,

303 647 424 689 Deus
463 647 616 686 autem
648 653 720 683 eos
757 637 970 681 admittit
1014 642 1152 691 atque
1185 636 1413 691 sapientia
1442 651 1523 682 sua
1555 639 1623 682 ita
1646 640 1908 684 moderatur
1929 656 1979 685 ac
2004 642 2182 698 dirigit,

297 729 358 765 *ut
391 721 604 764 effectum
631 716 797 758 bonum
831 713 956 755 vitae
990 711 1247 767 spiritualis
1281 713 1550 768 producant,

453 830 492 862 c,
537 806 718 859 Malas
761 804 983 855 daemon
1035 804 1385 872 permittente
1439 804 1561 856 Deo
1619 804 1905 874 scrupulos
1959 808 2179 872 excitat,

303 912 364 953 ut
411 898 624 951 homini
666 902 877 960 noceat,
921 894 1245 961 praesertim
1288 910 1419 944 vero
1475 902 1534 944 ut
1588 913 1619 945 a
1662 894 1885 960 divinis,
1941 894 2010 945 ab
2066 913 2180 946 ora-

302 993 453 1043 tione
504 997 555 1038 et
607 984 676 1037 ab
731 1002 836 1034 usu
888 991 1360 1034 sacramentorum
1416 1001 1540 1034 eum
1591 991 1821 1035 avertat.
1903 982 2178 1052 Scrupuli,

303 1083 398 1152 qui
454 1099 485 1131 a
528 1077 796 1128 daemone
848 1073 1201 1142 proveniunt,
1262 1090 1373 1125 non
1429 1072 1622 1124 eodem
1682 1073 1844 1124 modo
1900 1092 1955 1124 se
2009 1077 2181 1125 mani-

304 1172 523 1234 festant,
577 1164 860 1216 hominem
913 1180 945 1212 a
997 1162 1202 1212 virtute
1259 1161 1565 1227 retrahunt,
1624 1163 1681 1213 in
1734 1162 2080 1231 tepiditatem
2130 1171 2184 1214 et

304 1257 745 1328 desperationem
788 1252 1105 1302 coniiciunt.

454 1363 504 1415 d.
550 1359 723 1411 Lectio
768 1355 1035 1422 librorum,
1093 1356 1186 1424 qui
1241 1356 1406 1407 nimis
1459 1355 1640 1423 rigidi,
1692 1357 2081 1409 instructiones
2130 1365 2185 1408 et

306 1451 535 1507 consilia
590 1447 1052 1499 confessariorum
1108 1454 1160 1495 et
1220 1445 1690 1510 concionatorum,
1750 1446 1847 1515 qui
1903 1447 1957 1497 in
2022 1463 2182 1514 exag-

303 1543 613 1614 gerationes
656 1546 708 1588 et
747 1537 984 1603 rigorem
1027 1536 1287 1604 propensi
1330 1543 1471 1601 sunt,
1525 1534 1811 1604 scrupulos
1852 1536 2183 1604 progignere

301 1640 546 1704 possunt.

453 1736 508 1778 In
540 1731 784 1777 iuvenibus
810 1735 856 1773 et
888 1728 1054 1784 puellis
1088 1728 1334 1771 timoratae
1357 1728 1659 1772 conscientiae
1686 1728 1889 1783 scrupuli
1913 1728 1967 1771 de
1989 1728 2183 1772 materia

306 1811 424 1857 sexti
457 1806 688 1866 praecepti
720 1819 810 1848 non
854 1817 955 1846 raro
989 1817 1043 1846 ex
1077 1816 1200 1846 mera
1242 1802 1507 1858 ignorantia
1550 1803 1843 1858 proveniunt.
1906 1802 2183 1846 Huiusmodi

305 1883 556 1941 scrupulosi
589 1879 805 1938 prudenti
837 1877 1141 1921 instructione
1175 1878 1228 1921 de
1260 1878 1333 1933 iis,
1368 1891 1481 1933 quae
1504 1877 1616 1933 ipsis
1640 1877 1762 1921 scitu
1783 1877 2037 1921 necessaria
2059 1881 2184 1932 sunt,

304 1965 567 2016 frequenter
599 1971 625 2000 a
657 1954 810 1999 morbo
845 1958 1080 1997 sanantur.

460 2116 591 2170 191.
651 2112 832 2179 Signa
887 2110 1288 2164 conscientiae
1346 2110 1768 2178 scrupulosae:
1834 2130 1883 2160 α.
1942 2108 1999 2162 Si
2059 2110 2182 2178 quis

304 2216 462 2278 putat
503 2225 558 2257 se
599 2220 830 2274 peccare
888 2203 945 2251 in
999 2202 1065 2251 iis
1122 2198 1302 2265 rebus,
1359 2201 1416 2251 in
1458 2198 1661 2269 quibus
1703 2197 1956 2250 homines
2009 2199 2088 2267 pii
2130 2206 2184 2249 et

303 2299 594 2348 timoratae
636 2292 1007 2344 conscientiae
1050 2289 1262 2341 nullum
1304 2299 1597 2359 peccatum
1639 2290 1936 2358 reperiunt.
2021 2288 2066 2341 b.
2123 2287 2183 2340 Si

305 2387 428 2457 quis
482 2383 689 2435 iudicio
748 2381 1067 2432 confessarii
1121 2398 1231 2431 non
1286 2380 1619 2450 acquiescit,
1677 2378 1981 2430 identidem
2037 2379 2184 2429 circa

305 2475 539 2528 eandem
568 2491 683 2524 rem
714 2470 1005 2522 consilium
1035 2471 1265 2540 quaerit,
1297 2488 1399 2520 nec
1425 2477 1610 2519 tamen
1640 2466 1844 2534 obedit,
1873 2466 2184 2537 complures

305 2564 542 2618 consulit
597 2573 649 2614 et
705 2560 844 2614 nulli
898 2561 1216 2630 acquiescit.
1299 2579 1339 2612 c.
1397 2558 1453 2610 Si
1510 2559 1631 2628 quis
1686 2559 1744 2608 in
1797 2557 2184 2610 examinandis

305 2657 417 2706 suis
457 2651 771 2705 actionibus
813 2650 1037 2701 modum
1082 2649 1320 2715 excedit,
1378 2648 1447 2700 ad
1505 2648 1879 2700 minutissima
1919 2647 2184 2699 adiuncta.

306 2744 557 2810 attendit,
599 2761 711 2794 non
753 2740 930 2792 solum
971 2739 1041 2791 ad
1085 2758 1164 2806 ea,
1210 2756 1350 2808 quae
1392 2738 1632 2805 fuerunt,
1686 2737 1783 2789 sed
1831 2738 1999 2788 etiam
2040 2755 2183 2806 quae

307 2834 498 2886 adesse
540 2818 854 2901 potuerunt,
899 2829 1135 2898 ideoque
1177 2829 1235 2880 in
1278 2828 1623 2880 confessione
1664 2828 1896 2879 minima
1931 2843 2182 2897 quaeque

307 2922 568 2993 explicat.
622 2922 671 2972 d.
717 2921 774 2973 Si
817 2921 938 2989 quis
984 2918 1355 2970 confessiones
1398 2936 1614 2987 semper
1643 2916 1710 2967 de
1749 2933 1894 2967 novo
1936 2922 2182 2985 repetere

308 3019 553 3063 conatur.
609 3030 649 3062 e.
694 3010 747 3061 Si
778 3011 901 3079 quis
943 3026 1134 3078 preces
1175 3010 1342 3060 anxie
1382 3006 1666 3078 persolvit,
1710 3007 1911 3073 iugiter
1940 3004 2007 3056 de
2036 3022 2181 3056 novo

305 3102 504 3171 incipit
555 3109 607 3151 et
655 3101 874 3169 saepius
915 3100 1132 3168 repetit.
1197 3098 1248 3168 f.
1294 3096 1352 3149 Si
1395 3099 1517 3167 quis
1585 3096 1826 3148 externis
1876 3095 2049 3161 signis
2103 3094 2182 3144 in-

305 3190 631 3261 opportunis
671 3190 844 3239 utitur
885 3187 954 3239 ad
995 3186 1342 3256 repellendas
1382 3187 1728 3238 tentationes

458 3361 588 3415 192.
617 3358 902 3421 Remedia
932 3358 1372 3426 scrupulorum.
1418 3378 1465 3408 α.
1500 3355 1863 3408 Considerare
1891 3352 2180 3423 scrupulos

311 3460 595 3519 tamquam
639 3448 892 3502 morbum
935 3449 1125 3513 animi,
1170 3447 1226 3499 id
1262 3446 1409 3516 quod
1449 3464 1644 3497 revera
1685 3451 1826 3510 sunt,
1869 3451 1922 3495 et
1959 3444 2180 3515 firmum
