2269 3898
281 171 367 213 286
1005 168 1081 210 VI.
1116 169 1184 211 De
1216 168 1427 223 peccatis.

273 305 408 360 fusa,
441 315 529 357 qua
562 306 643 344 aut
675 300 947 344 indistincte
979 304 1061 344 aut
1095 301 1348 345 dubitando
1382 304 1429 345 et
1461 302 1732 357 suspicando
1754 303 2044 358 cognoscitur
2064 317 2159 347 rem

283 390 377 420 esse
411 377 578 419 malam
613 375 673 431 (n.
697 375 767 418 28.
792 374 882 430 35.)
947 390 987 427 γ.
1021 375 1113 418 Nec
1143 376 1408 431 requiritur,
1441 379 1495 418 ut
1529 375 1592 420 sit
1623 377 1818 433 reflexa,
1851 391 1940 432 qua
1971 391 2160 433 peccans

100 496 105 507 ¹
146 505 159 514 a
276 452 369 496 'sibi
403 450 606 494 conscius
639 450 701 492 sit
733 450 1051 493 advertentiae
1082 451 1141 493 ad
1174 450 1402 494 malitiam
1427 450 1637 505 actionis,
1670 451 1748 494 sed
1771 451 1948 494 sufficit
1969 451 2161 505 directa,

7 547 230 593 dnm„
282 539 395 580 quae
428 525 476 567 in
509 524 736 567 habituali
769 529 817 567 et
839 524 1055 579 expedita
1077 524 1252 579 peccati
1276 524 1538 579 cognitione
1561 524 1788 567 consistit.
1845 524 1917 568 Sic
1939 526 2161 580 sacerdos,

0 596 51 654 ,ᾗ
104 659 108 663 ρ
167 654 170 659 ,
201 611 204 614 ⁴
265 600 359 655 ⁰qui
393 603 550 642 contra
582 599 845 642 castitatem
879 604 1050 653 peccat,
1084 599 1156 641 vel
1178 598 1436 653 religiOSUS,
1470 598 1546 652 qui
1571 600 1748 641 furtum
1773 598 2040 654 committit,
2071 612 2163 642 non

91 662 101 672 ²
136 681 139 685 “
283 678 528 717 excusatur
561 688 587 716 a
620 678 804 728 peccato
837 672 1080 727 sacrilegii,
1132 686 1181 716 eo
1230 673 1349 726 quod
1394 673 1451 715 ad
1491 677 1650 716 votum
1701 687 1832 716 suum
1873 675 2041 717 reflexe
2072 687 2163 716 non

282 748 512 791 attendat.
561 748 599 790 ὃ.
632 748 722 790 Nec
753 747 1003 802 requiritur
1036 746 1579 807 οΞΡ1101100111011011110
1611 749 1669 790 ad
1702 749 1924 804 offensam
1947 748 2053 801 Dei,
2086 749 2163 792 sed

283 823 397 866 satis
430 828 513 878 est,
557 826 608 864 ut
652 835 840 877 peccans
874 826 1119 876 cognoscat
1161 834 1255 864 rem
1301 834 1396 864 esse
1437 823 1605 864 malam
1638 836 1716 865 seu
1749 836 1845 866 esse
1877 828 2035 867 contra
2067 837 2162 866 con-

283 898 546 941 scientiam:
598 910 646 940 eo
696 897 795 952 ipso
844 896 979 951 enim,
1027 896 1146 950 quod
1189 896 1272 939 hoc
1314 896 1561 951 cognoscit,
1602 896 1807 940 advertit
1837 897 1979 940 etiam
2011 897 2164 952 aliquo

283 973 416 1015 modo
448 986 541 1016 rem
577 985 672 1015 esse
705 972 978 1015 contrariam
1006 970 1240 1013 voluntati
1274 970 1473 1025 supremi
1503 971 1800 1025 legislatoris,
1832 985 1946 1026 quae
1976 985 2056 1026 per
2078 971 2164 1014 dic—

283 1050 440 1090 tamen
473 1046 775 1090 conscientiae
806 1046 935 1089 nobis
969 1045 1319 1097 manifestatum
1363 1046 1473 1088 haec
1505 1050 1659 1088 autem
1693 1046 1896 1100 cognitio
1929 1047 1988 1089 ad
2019 1046 2165 1089 incur-

281 1122 468 1165 rendam
502 1122 587 1164 Dei
621 1123 838 1164 offensam
874 1120 1063 1163 sufficit.

434 1197 471 1238 h.
504 1195 809 1239 Advertentia
842 1195 1190 1251 interpretativa
1225 1208 1277 1238 ea
1310 1194 1493 1248 dicitur,
1528 1208 1662 1248 quam
1694 1194 1795 1248 quis
1825 1194 1989 1238 habere
2011 1194 2167 1250 potuit

28 1262 155 1323 „zm
175 1282 196 1312 7
249 1265 330 1348 [et
366 1272 536 1327 debuit,
569 1272 719 1327 reipsa
751 1276 906 1315 autem
929 1285 983 1315 ex
1011 1270 1326 1314 involuntaria
1355 1269 1769 1313 inconsideratione
1797 1283 1888 1313 non
1908 1268 2084 1312 habuit.
2109 1294 2166 1299 —

0 1318 7 1335 f
52 1319 60 1323 -
167 1325 171 1333 ,

13 1338 206 1414 &MT-4125
237 1385 245 1406 ,Α
282 1348 404 1419 ligr-go
437 1360 620 1402 prorsus
653 1346 899 1390 reiicienda
932 1350 1002 1390 est
1036 1345 1244 1388 doctrina
1278 1345 1561 1400 quorundam
1596 1348 1849 1398 auctorum,
1882 1343 1959 1398 qui
1982 1349 2165 1387 censent

6 1412 33 1427 ”
234 1400 331 1466 'pin
374 1424 553 1477 culpam
596 1421 819 1476 imputari
862 1434 991 1476 posse
1035 1420 1175 1464 etiam
1220 1420 1326 1462 illas
1371 1419 1588 1474 actiones,
1633 1432 1823 1474 quarum
1856 1419 2008 1474 reipsa
2038 1419 2168 1462 nulla

43 1456 51 1477 ι’
82 1467 84 1470 ·
109 1464 135 1483 42
218 1475 227 1480 ,

7 1465 77 1495 a
151 1462 353 1542 “‘C'wgst
386 1497 692 1550 advertentia,
724 1496 856 1538 modo
898 1496 1008 1538 haec
1039 1496 1197 1538 adesse
1225 1494 1434 1550 potuerit
1465 1496 1510 1537 et
1538 1494 1758 1536 debuerit.
1825 1493 1897 1537 Sic
1927 1494 2169 1540 affirmant

287 1572 523 1617 homicidii
555 1585 680 1615 reum
715 1584 810 1614 esse
841 1574 1120 1623 venatorem,
1161 1568 1239 1623 qui
1272 1569 1409 1611 simul
1451 1572 1588 1623 atque
1620 1568 1795 1623 aliquid
1827 1568 1949 1611 inter
1982 1569 2168 1611 dumeta

283 1649 434 1692 latens
467 1645 785 1701 apprehendit,
817 1645 947 1688 nulla
978 1644 1229 1700 praemissa
1261 1643 1622 1698 investigatione
1643 1643 1977 1687 invincibiliter
1999 1648 2167 1699 putans

283 1736 380 1767 esse
402 1724 562 1775 1010111,
596 1719 802 1775 explodit
824 1723 871 1762 et
892 1719 1120 1762 hominem
1147 1718 1335 1761 occidit:
1374 1719 1460 1761 etsi
1484 1717 1619 1773 enim,
1653 1717 1801 1773 aiunt,
1834 1719 1891 1761 ad
1915 1718 2166 1773 periculum

284 1796 516 1841 occidendi
550 1794 778 1838 hominem
823 1808 914 1837 non
958 1794 1188 1848 advertat,
1231 1793 1290 1836 ad
1333 1793 1451 1836 illud
1483 1793 1721 1836 advertere
1752 1797 1909 1837 tamen
1941 1793 2169 1848 potuisset

285 1876 331 1916 et
378 1870 620 1915 debuisset.
685 1869 783 1912 Hoc
824 1872 924 1911 tum
968 1867 1237 1923 praesertim
1284 1867 1465 1911 evenire
1507 1867 1683 1922 docent,
1727 1881 1828 1911 cum
1861 1869 1994 1911 homo
2028 1868 2168 1912 etiam

287 1948 532 1991 advertens
564 1959 654 1988 non
687 1944 824 1987 aliter
856 1943 1039 1998 egisset.
1094 1942 1202 1986 Ideo
1236 1943 1476 1985 affirmant
1509 1955 1610 1985 eum
1645 1942 1690 1984 in
1724 1956 1774 1986 se
1804 1944 1910 1997 <non
1945 1943 2090 1986 solum
2122 1943 2171 1986 in

287 2023 438 2076 causa)
480 2033 676 2076 peccare,
718 2019 794 2073 qui
827 2018 997 2062 habens
1030 2031 1219 2073 pravam
1254 2017 1631 2060 consuetudinem
1664 2017 1899 2072 peierandi
1931 2031 1986 2061 ex
2019 2017 2171 2061 subito

287 2097 430 2142 animi
462 2099 592 2140 motu
623 2108 806 2151 prorsus
837 2095 1185 2138 inadvertenter
1215 2094 1332 2136 falso
1365 2093 1491 2136 iurat
1503 2093 1542 2148 ¹).

438 2173 486 2224 2.
531 2172 657 2223 Pari
698 2172 912 2221 ratione
953 2171 1096 2220 actio
1127 2171 1321 2239 nequit
1349 2189 1464 2221 esse
1506 2169 1910 2238 peccaminosa,
1954 2169 2060 2219 nisi
2103 2168 2173 2218 sit

288 2262 603 2314 voluntaria
646 2259 734 2311 vel
775 2261 832 2311 in
875 2278 931 2311 se
973 2259 1062 2310 vel
1092 2258 1284 2311 saltem
1327 2260 1385 2310 in
1423 2277 1621 2321 causa3
1665 2275 1792 2326 ergo
1823 2260 2016 2327 nequit
2056 2275 2172 2308 esse

285 2360 577 2422 peccatum
621 2352 737 2401 sine
778 2368 1031 2401 consensu
1070 2349 1376 2402 voluntatis.

440 2440 527 2494 Qui
560 2453 666 2495 ergo
699 2442 851 2482 motus
885 2438 1033 2482 carnis
1065 2439 1139 2482 vel
1180 2437 1391 2481 stimulos
1424 2437 1687 2492 passionum
1721 2449 1921 2490 suarum,
1960 2435 2056 2478 irae
2097 2434 2172 2477 vel

291 2514 683 2571 concupiscentiae
720 2513 968 2569 experitur,
1011 2513 1122 2568 quin
1154 2512 1426 2567 consentiat,
1474 2525 1565 2555 non
1605 2516 1778 2566 peccat,
1823 2509 2049 2565 siquidem
2081 2521 2168 2551 non

290 2594 418 2635 nocet
448 2603 627 2643 sensus.
659 2589 753 2632 nisi
783 2588 907 2632 adsit
937 2601 1207 2631 consensus:
1262 2602 1288 2630 a
1321 2600 1540 2631 consensu
1572 2586 1789 2629 videlicet
1821 2584 2077 2629 voluntatis
2111 2597 2170 2628 se-

293 2667 399 2709 dulo
442 2664 669 2720 distingui
711 2663 842 2707 debet
881 2666 983 2706 tum
1027 2662 1244 2717 tentatio,
1294 2675 1384 2716 qua
1426 2661 1527 2716 quis
1570 2661 1629 2705 ad
1671 2666 1908 2716 peccatum
1952 2659 2172 2714 allicitur,

290 2745 391 2784 tum
438 2753 595 2783 sensus
644 2737 978 2792 delectationis,
1022 2741 1123 2780 tum
1157 2736 1398 2792 propensio
1429 2736 1658 2780 naturalis
1691 2736 1928 2792 appetitus
1961 2735 2171 2779 sensitivi

291 2817 365 2859 vel
398 2814 654 2858 voluntatis
686 2814 735 2856 in
766 2826 861 2856 rem
895 2813 1079 2867 malam,
1120 2816 1219 2855 tum
1266 2812 1459 2867 denique
1493 2811 1760 2855 deliberatio
1794 2810 1962 2855 mentis
1995 2810 2172 2854 motiva

290 2890 506 2946 peccandi
528 2890 601 2933 vel
622 2903 713 2932 non
737 2887 953 2943 peccandi
975 2886 1082 2930 hinc
1102 2886 1210 2929 inde
1232 2886 1571 2942 perpendentis,
1594 2899 1708 2941 quae
1730 2885 1884 2930 omnia
1905 2885 2056 2941 ipsum
2075 2899 2170 2929 con·

291 2977 472 3008 sensum
520 2962 880 3018 peccaminosum
926 2962 1218 3017 praecedunt.
1283 2961 1411 3015 Quod
1455 2963 1617 3005 docent
1659 2961 1797 3005 Verba
1841 2975 1874 3005 s.
1918 2961 2172 3016 scripturae

292 3039 513 3094 originem
563 3037 737 3093 peccati
786 3036 1065 3081 exhibentis:
1141 3037 1456 3093 Unusquisque
1505 3050 1609 3080 cero
1651 3039 1856 3079 tentatur
1899 3050 1926 3078 a
1970 3035 2170 3091 concupi-

289 3113 457 3157 scentia
492 3126 576 3155 suu
611 3113 869 3155 abstractus
893 3115 937 3155 et
955 3113 1145 3156 illectus.
1190 3112 1370 3155 Deinde
1392 3111 1764 3168 eoncupiscentia,
1787 3124 1883 3155 eum
1906 3110 2171 3166 conceperit,

278 3187 417 3244 parit
445 3189 680 3243 peecatum
700 3200 716 3239 ,·
758 3189 993 3242 peecatum
1049 3199 1169 3240 rer-0,
1223 3200 1320 3230 cuni
1363 3189 1717 3230 consummatum
1753 3185 1922 3242 fuerit,
1976 3187 2173 3241 yenerat

289 3260 529 3316 mortem2).

454 3396 486 3452 ¹)
519 3396 669 3439 Huius
702 3395 958 3439 sententiae
990 3395 1173 3450 patroni
1212 3398 1319 3437 sunt
1355 3395 1646 3450 potissimum
1683 3394 1927 3450 rigoristae
1963 3393 2172 3450 Concina,

296 3473 450 3525 Collet.
483 3472 676 3514 Antoine
710 3474 810 3524 etc.,
844 3483 953 3524 quos
984 3470 1158 3525 allegat
1191 3474 1239 3513 et
1267 3470 1439 3513 refellit
1471 3469 1517 3513 S.
1542 3470 1802 3526 Alplzonsus
1833 3482 1874 3511 n,
1901 3469 1941 3510 4.

445 3547 478 3600 ²)
510 3546 593 3589 Iac.
629 3547 669 3600 1,
704 3546 772 3588 14.
809 3545 876 3590 15.
