2269 3898
310 128 395 170 160
1049 124 1115 166 De
1145 122 1450 166 matrimonio.

461 263 487 282 07

459 283 507 313 o.
565 260 717 310 Iusta
777 257 1130 327 dispensandi
1189 274 1353 307 causa
1412 274 1521 308 non
1582 257 1747 308 debet
1805 276 1921 310 esse
1980 262 2190 327 gravis,

309 348 607 401 dummodo
650 348 776 398 finis
816 346 955 414 legis
996 345 1326 410 obtineatur,
1382 347 1703 414 praesertim
1747 347 1791 398 si
1833 347 1903 398 ab
1946 365 2057 399 una
2099 347 2190 399 vel

306 439 476 490 altera
517 436 950 507 proclamatione
991 442 1206 487 tantum
1251 434 1616 503 dispensetur.

455 541 641 593 Iustae
672 558 870 592 causae
899 538 1260 609 dispensandi
1290 537 1431 590 aliae
1472 548 1600 590 sunt
1637 542 1924 608 gratiosae,
1967 548 2195 609 propter

307 650 441 700 quas
487 631 797 699 dispensari
838 636 1031 698 potest,
1071 628 1212 680 aliae
1251 629 1600 693 necessariae,
1642 638 1867 699 propter
1907 647 2043 699 quas
2086 628 2188 680 dis·

308 721 528 789 pensari
597 718 776 785 debet,
859 720 988 788 quia
1055 718 1190 769 alias
1253 735 1424 786 grave
1490 718 1906 770 incommodum
1974 719 2195 789 sponsis

307 810 553 861 oriretur.
634 807 972 859 Huiusmodi
1016 825 1214 858 causae
1257 814 1416 857 sunt:

455 926 493 953 a.
531 912 576 955 Si
610 912 859 967 periculum
894 916 977 965 est,
1010 924 1066 954 ne
1099 910 1445 953 matrimonium
1480 911 1709 954 malitiose
1741 912 2035 966 impediatur.

452 987 486 1029 b.
523 986 568 1029 Si
602 986 852 1041 periculum
887 991 970 1040 est,
1003 998 1059 1028 ne
1082 998 1272 1040 sponsus
1297 985 1584 1041 derelinquat
1607 986 1806 1041 puellam
1830 1000 1856 1029 a
1880 1000 1926 1030 se
1949 986 2193 1031 violatam.

454 1076 485 1104 c.
521 1061 567 1104 Si
603 1074 656 1103 ex
691 1060 912 1103 dilatione
945 1059 1228 1103 matrimonii
1262 1059 1457 1104 infamia
1490 1060 1861 1103 contrahentium
1895 1064 2126 1115 sequatur.

451 1136 491 1178 d.
527 1135 571 1178 Si
606 1141 793 1190 propter
824 1135 1146 1178 necessitatem
1179 1134 1361 1177 itineris
1394 1134 1740 1178 matrimonium
1778 1134 1953 1178 differri
1975 1139 2187 1190 nequeat.

453 1225 487 1253 e.
524 1209 569 1252 Si
604 1209 756 1265 sponsi
792 1214 977 1264 propter
1010 1208 1184 1252 senium
1218 1210 1291 1252 vel
1323 1216 1510 1264 propter
1542 1209 1849 1253 condicionem
1894 1210 2028 1265 plane
2062 1208 2194 1252 dissi—

302 1286 453 1329 milem
486 1285 684 1328 ludibrio
718 1290 1017 1339 exponantur.

441 1362 483 1417 f.
520 1360 564 1403 Si
600 1359 725 1402 civili
759 1359 1054 1402 matrimonio
1086 1359 1178 1402 iam
1214 1364 1447 1403 contracto
1471 1359 1667 1402 maritus
1691 1359 1806 1403 velit
1830 1359 2012 1414 quidem
2044 1359 2189 1402 ritum¹

303 1435 657 1479 ecclesiasticum
693 1435 865 1490 peragi,
898 1434 1017 1477 nolit
1050 1439 1203 1477 autem
1239 1434 1619 1489 proclamationes
1652 1434 1765 1480 fieri.

458 1601 587 1655 152.
618 1601 703 1654 De
734 1599 1106 1666 obligatione
1134 1599 1444 1652 revelandi
1470 1600 1923 1667 impedimenta.
2007 1602 2054 1654 1.
2083 1600 2195 1651 Per

302 1711 358 1743 se
426 1691 613 1742 existit
680 1688 931 1759 obliquatio
988 1708 1148 1758 eaque
1206 1690 1384 1757 gravis
1449 1689 1724 1742 revelandi
1786 1689 2187 1758 impedimenta

301 1780 641 1832 matrimonii
694 1788 810 1830 tum
855 1779 1174 1829 dirimentia
1230 1790 1347 1829 tum
1391 1779 1557 1829 etiam
1615 1797 1762 1830 mere
1805 1779 2192 1849 impedientia„

301 1869 464 1921 modo
509 1878 657 1920 certa
700 1886 886 1919 eorum
932 1869 1126 1919 notitia
1167 1867 1454 1919 habeatur.

447 1973 570 2016 Haec
604 1972 822 2028 obligatio
856 1972 1002 2015 oritur
1036 1978 1134 2015 tum
1171 1986 1227 2014 ex
1260 1975 1509 2028 praecepto
1532 1973 1786 2028 relzyz‘onis,
1820 1973 1926 2028 quia
1951 1973 2110 2028 agitur
2133 1974 2195 2017 de-

301 2048 612 2103 praecavenda
644 2048 942 2090 irreverentia
975 2047 1263 2102 sacramenti,
1306 2055 1404 2090 tum
1450 2061 1508 2090 ex
1528 2050 1776 2104 praecepto
1808 2048 2031 2101 caritatis,
2081 2047 2195 2103 quia.

297 2123 455 2178 agitur
489 2123 542 2166 de
574 2123 905 2177 praeservando
938 2122 1143 2177 proximo
1176 2136 1203 2165 a
1236 2122 1367 2177 gravi
1402 2127 1585 2177 peccato
1634 2123 1828 2177 aliisque
1875 2122 2024 2178 malis,
2072 2136 2192 2177 quae*

299 2212 353 2241 ex
386 2197 592 2240 invalido
626 2197 918 2240 matrimonio
953 2197 1178 2252 oriuntur,
1212 2203 1311 2240 tum
1348 2197 1541 2252 denique
1589 2211 1647 2240 ex
1669 2200 1918 2253 praecepto
1952 2197 2192 2250 ecelesiae,

301 2285 415 2327 quae
450 2272 548 2327 ipso
582 2277 821 2327 praecepto
856 2273 1106 2315 bannorum
1142 2273 1305 2316 saltem
1339 2272 1566 2328 implicite
1599 2272 2022 2316 manifest-ationem
2047 2273 2190 2328 impe--

299 2347 605 2391 diment0rum
639 2347 921 2402 praescribit.

448 2453 495 2505 2.
565 2453 649 2504 Ea
714 2453 948 2504 revelare
1016 2452 1165 2504 debet
1231 2454 1426 2518 omnis,
1509 2454 1603 2522 qui
1671 2470 1861 2503 eorum
1929 2454 2186 2504 notitiam

297 2542 485 2607 habet,
546 2544 924 2612 cuiuscunque
967 2544 1035 2594 sit
1077 2561 1257 2608 sexus,
1313 2544 1525 2608 aetatis,
1569 2541 1867 2611 parochiae
1909 2541 1999 2593 vel
2041 2542 2183 2594 dioe-

299 2635 453 2699 cesis,
498 2634 597 2684 etsi
640 2651 703 2683 ea
744 2631 886 2684 solus
925 2640 1222 2701 cognoscat
1250 2651 1429 2702 neque
1458 2632 1691 2683 iuridice
1718 2631 1953 2701 probare
1995 2634 2191 2701 possit,

299 2724 429 2792 quia
470 2721 733 2773 revelatio
776 2740 885 2773 non
929 2740 990 2773 eo
1028 2722 1224 2789 tendit,
1267 2730 1328 2772 ut
1368 2720 1570 2791 aliquis
1598 2741 1724 2774 reus
1766 2722 2190 2787 condemnetur,

298 2811 392 2863 sed
435 2822 495 2862 ut
524 2811 731 2863 malum
761 2814 1004 2881 proximi
1047 2821 1099 2863 et
1139 2811 1364 2864 nullitas
1392 2814 1724 2864 sacramenti
1766 2820 2187 2882 praecaveatur..

448 2917 496 2968 3.
540 2915 795 2967 Revelari
839 2915 1042 2968 debent
1098 2917 1476 2987 impedimenta
1529 2919 1708 2969 omnia
1762 2918 1920 2969 ctiam
1960 2916 2188 2980 occulta,

298 3014 349 3055 et
403 3005 629 3074 quidem
687 3025 840 3075 quam,
877 3008 1123 3075 primum,
1186 3025 1254 3057 ne
1311 3025 1409 3075 per
1465 3006 1787 3058 dilationem
1843 3008 2182 3059 matrimonii

300 3088 666 3146 contrahendi
711 3094 1008 3147 difficultas
1049 3104 1333 3164 augeatur.

447 3213 486 3241 α.
524 3198 568 3242 Si
602 3199 982 3254 impedimentum
1033 3201 1177 3244 oritur
1226 3214 1284 3243 ex
1327 3205 1510 3257 peceato
1547 3195 1745 3254 occulto,
1793 3201 1920 3256 prius
1968 3201 2183 3245 monendi

297 3278 404 3318 sunt
439 3273 607 3329 sponsi,
640 3279 693 3316 ut
739 3275 811 3317 vel
859 3289 885 3317 a
936 3275 1228 3319 matrimonio
1279 3276 1505 3320 desistant
1538 3278 1611 3321 vel
1660 3277 2045 3332 dispensationem
2095 3277 2182 3321 sibi

295 3354 563 3402 procurent;
600 3349 758 3403 quodsi
795 3350 987 3393 monitio
1021 3352 1264 3405 profutura
1296 3365 1386 3395 non
1420 3356 1640 3407 speretur,
1690 3365 1759 3395 res
1801 3352 2068 3395 immediate
2114 3353 2190 3396 ‹le-⁷

294 3424 481 3466 ferenda
513 3423 582 3466 est
615 3424 672 3466 ad
709 3425 970 3479 parochum,
1003 3439 1058 3467 ne
1091 3425 1363 3470 inimicitiae
1397 3427 1615 3475 oriantur,
1651 3427 1689 3469 si
1723 3426 1877 3481 sponsi
1909 3428 2086 3470 frustra
2108 3427 2189 3470 ad.—

297 3498 459 3540 moniti
492 3512 518 3540 a
551 3498 842 3541 matrimonio
877 3504 1130 3542 arceantur.
