2269 3898
322 83 341 121 1
352 80 406 121 74
1055 76 1120 118 De
1153 74 1456 117 matrimonio.

322 225 411 254 non
445 216 594 265 potest
628 209 861 264 putativos
895 207 1106 262 coniuges
1139 206 1428 249 matrimonio
1461 220 1550 250 non
1583 220 1678 250 esse
1709 221 1881 262 usuros,
1926 221 2061 262 quare
2093 222 2181 251 mo-

321 284 437 328 nitio
469 284 515 326 id
549 283 765 336 efficeret,
798 286 851 323 ut
884 293 938 323 ex
970 279 1279 334 peccatoribus
1312 279 1624 322 materialibus
1656 280 1869 322 formales
1901 281 2076 323 fierent.

470 372 518 423 2.
563 372 619 423 Si
663 369 995 420 matrimonii
1038 367 1259 418 nullitas
1300 368 1503 435 utrique
1543 376 1670 418 nota
1711 376 1800 433 est,
1854 367 2180 420 revalidatio

321 469 503 512 autem
558 458 782 509 obtineri
833 458 1024 525 nequit,
1087 457 1347 522 coniuges
1403 457 1626 506 omnino
1684 455 1976 525 separandi
2038 464 2179 509 sunt.

323 549 612 613 Quaenam
654 554 837 596 autem
881 546 1149 613 separatio
1201 543 1449 611 urgenda
1502 545 1585 610 sit,
1642 563 1709 595 ex
1767 544 2043 596 adiunctis
2096 545 2180 596 de-

321 636 548 706 pendet3
593 634 829 686 scilicet:

471 745 518 776 a.
563 724 617 775 Si
659 722 880 774 nullitas
923 722 1260 772 matrimonii
1302 719 1535 771 iuridice
1576 720 1795 789 probari
1845 728 2037 790 potest,
2087 738 2185 789 per

321 815 648 865 sententiam
691 811 890 862 iudicis
932 809 1291 861 ecclesiastici
1333 808 1572 877 perfecte
1613 809 1903 878 separandi
1947 817 2087 861 sunt.

471 902 514 953 b.
571 900 627 952 Si
678 899 899 951 nullitas
943 899 1279 950 matrimonii
1320 898 1554 949 iuridice
1594 897 1815 967 probari
1858 916 1966 949 non
2007 906 2185 966 potest

320 1000 373 1042 et
427 1009 495 1041 ex
549 989 955 1041 cohabitatione
1010 989 1182 1038 oritur
1234 988 1668 1038 incontinentiae
1715 985 2038 1055 periculum,
2083 985 2183 1037 sub

320 1080 502 1148 specie
546 1078 768 1129 divo1tii
810 1096 842 1127 a
882 1085 997 1127 toro
1041 1084 1093 1126 et
1135 1075 1544 1127 cohabitatione
1585 1074 1880 1143 sepaiandi
1922 1082 2062 1126 sunt

472 1187 511 1219 e.
555 1166 609 1218 Si
656 1184 725 1218 ex
769 1165 1177 1217 cohabitatione
1221 1183 1330 1216 non
1373 1166 1544 1216 oritur
1584 1165 2018 1215 incontinentiae
2048 1164 2184 1232 peri-

322 1256 523 1319 culum,
567 1254 783 1320 sufficit,
829 1262 887 1304 ut
927 1273 959 1304 a
1002 1254 1280 1305 communi
1322 1261 1436 1304 toro
1475 1260 1798 1322 separentur
1826 1261 1879 1303 et
1903 1260 2184 1321 tamquam

319 1345 485 1396 frater
528 1352 580 1395 et
620 1362 769 1395 soror
811 1342 1144 1396 cohabitent.

468 1451 516 1500 3.
576 1448 632 1500 Si
685 1448 1021 1498 matrimonii
1076 1445 1403 1498 revalidatio
1458 1445 1683 1497 obtineri
1714 1455 1908 1515 potest,
1964 1463 2027 1496 ea
2068 1463 2183 1513 pro-

320 1539 499 1589 curari
557 1536 746 1602 debet3
803 1538 1019 1587 interim
1076 1554 1222 1601 vero,
1281 1536 1456 1587 donec
1510 1537 1921 1586 matrimonium
1964 1533 2187 1586 obtenta

324 1627 737 1695 dispensatione
778 1624 1074 1676 revalidari
1118 1626 1303 1693 possit7
1348 1624 1485 1675 haec
1527 1623 1800 1675 servanda
1842 1632 1995 1675 sunt:

471 1735 516 1767 α.
574 1715 630 1766 Si
687 1715 1022 1765 matrimonii
1076 1713 1296 1764 nullitas
1344 1713 1552 1782 publice
1604 1722 1733 1764 nota
1782 1721 1875 1777 est,
1928 1713 2186 1781 coniuges

318 1824 350 1855 a
393 1811 508 1854 toro
552 1811 604 1854 et
647 1802 1053 1853 cohabitatione
1108 1802 1401 1871 separandi
1453 1810 1595 1868 sunt,
1648 1802 1821 1853 donec
1874 1802 2189 1853 obtineatur

323 1892 702 1962 impedimenti
745 1892 1099 1960 dispensatio,

470 1981 513 2034 b.
571 1979 628 2032 Si
682 1982 1021 2032 matrimonii
1075 1980 1298 2032 nullitas
1355 1982 1560 2050 utrique
1609 1982 1764 2050 parti
1818 1989 2018 2032 tantum
2058 1987 2187 2031 nota

319 2080 414 2137 est,
472 2079 523 2121 et
576 2088 643 2120 ex
698 2069 1106 2121 cohabitatione
1160 2088 1269 2121 non
1325 2071 1498 2121 oritur
1551 2070 1819 2139 peccandi
1860 2068 2185 2139 periculum,

321 2160 543 2227 sufficit,
586 2167 646 2210 ut
685 2178 717 2210 a
757 2167 871 2210 toro
915 2167 1264 2228 separentur3
1309 2159 1503 2228 quodsi
1539 2160 1725 2211 existit
1752 2158 2021 2228 peccandi
2048 2159 2187 2228 peri-

323 2249 527 2311 culum,
572 2247 672 2300 sub
715 2248 897 2318 aliquo
941 2256 1231 2317 praetextu
1275 2268 1317 2301 e.
1348 2267 1398 2317 g.
1439 2249 1649 2300 itineris
1690 2251 1856 2300 etiam
1897 2268 1929 2299 a
1971 2247 2187 2299 cohabi-

320 2340 527 2390 tatione
570 2339 809 2407 separari
852 2337 1070 2389 debent.

471 2448 511 2480 c,
571 2426 627 2478 Si
683 2428 1019 2478 matrimonii
1074 2427 1296 2478 nullitas
1344 2429 1439 2478 uni
1480 2436 1679 2478 tamma
1715 2428 1867 2496 parti
1914 2434 2043 2478 nota
2091 2435 2186 2493 est,

323 2516 458 2568 haec
501 2525 854 2586 compartem,
908 2518 951 2567 si
993 2516 1111 2567 fieri
1153 2523 1343 2586 potest,
1390 2534 1611 2568 monere
1653 2515 1830 2582 debet⁷
1875 2523 1934 2567 ut
1974 2516 2042 2567 ab
2086 2534 2188 2568 usu

325 2607 664 2657 matrimonii
707 2605 1011 2668 abstineat3
1056 2607 1099 2656 si
1143 2624 1263 2656 eam
1306 2623 1525 2656 monere
1568 2623 1677 2656 non
1719 2612 1911 2675 potest,
1954 2605 2055 2657 sub
2097 2604 2188 2657 ali-

320 2714 426 2765 quo
483 2703 772 2764 praetextu
825 2714 857 2746 a
912 2694 1096 2746 debito
1151 2694 1453 2761 reddendo,
1508 2697 1674 2748 etiam
1716 2693 1817 2746 sub
1860 2713 2188 2765 quocunque

322 2784 691 2851 incommode,
733 2783 1008 2835 abstinere
1039 2783 1217 2850 debet⁷
1262 2786 1391 2854 quia
1421 2783 1632 2853 copula,
1663 2791 1850 2854 utpote
1876 2784 2186 2849 fornicaria,

321 2892 538 2942 prorsus
580 2873 770 2924 illicita
811 2881 964 2926 esset,

471 2977 609 3020 Casus
642 2976 729 3019 iste
761 2977 807 3019 in
840 2976 970 3031 praxi
1004 2976 1249 3020 maximam
1294 2977 1617 3020 difficultatem
1652 2979 1814 3020 afferre
1847 2980 2012 3032 potest.
2075 2977 2185 3019 Cum

319 3050 437 3094 enim
474 3050 595 3104 parti
628 3050 828 3093 consciae
876 3051 1191 3105 impedimenti
1235 3064 1323 3094 non
1371 3051 1507 3094 liceat
1556 3051 1758 3094 debitum
1806 3051 2006 3105 reddere,
2052 3051 2188 3094 facile

317 3124 519 3167 accidere
552 3128 716 3178 potest,
749 3130 801 3167 ut
836 3124 1053 3179 debitum,
1108 3125 1225 3179 quod
1258 3139 1284 3168 a
1317 3130 1545 3179 comparte
1577 3124 1893 3180 impedimenti
1925 3125 2087 3179 ignara
2119 3138 2187 3180 pe-

320 3198 451 3252 titur,
503 3198 598 3241 sine
630 3198 900 3252 gravissimo
946 3199 1228 3242 incommodo
1270 3199 1461 3242 recusari
1498 3213 1587 3242 non
1621 3199 1778 3255 possit.
1841 3200 1901 3242 Et
1935 3199 1972 3242 si
2006 3199 2185 3253 quidem

321 3272 519 3326 consilia,
553 3286 665 3327 quae
696 3272 743 3315 iu
777 3272 997 3315 eiusmodi
1023 3273 1251 3316 adiunctis
1285 3273 1339 3316 ab
1373 3273 1634 3316 auctoribus
1658 3273 2012 3328 suppeditantur
2043 3298 2098 3304 -—
2131 3277 2185 3316 ut

322 3359 422 3400 pars
457 3347 771 3401 impedimenti
815 3347 990 3389 conscia
1031 3346 1111 3389 sub
1147 3346 1296 3401 aliquo
1328 3350 1584 3402 praetextu,
1628 3347 1755 3390 salva
1786 3351 1940 3390 tamen
1972 3346 2182 3401 veritate,

318 3433 344 3462 a
377 3431 604 3475 comparte
645 3434 689 3463 se
724 3429 900 3475 separet
948 3434 983 3464 e.
1018 3434 1061 3475 g.
1096 3420 1183 3464 iter
1224 3421 1522 3475 instituendo,
1568 3427 1619 3464 ut
1653 3425 1926 3476 compartem
1970 3421 2024 3464 de
2055 3420 2185 3464 nulli-
