2269 3898
300 108 357 150 32
840 106 891 148 ΙΙ.
926 106 992 148 De
1025 105 1201 148 actibus
1234 105 1291 147 ad
1324 106 1461 148 finem
1495 104 1632 160 aptis.

926 339 1220 396 Articulus
1262 339 1556 397 secundus

717 462 795 500 De
828 461 1110 510 principiis
1144 463 1361 500 actuum
1393 462 1763 501 humanorum.

449 593 732 662 Principia
773 600 996 666 actuum
1047 592 1414 644 humanorum
1466 611 1530 643 ea
1581 592 1857 659 dicuntur,
1913 612 2051 662 quae
2100 594 2170 645 ad

303 683 422 734 illos
464 681 783 734 efficiendos
826 689 1176 734 concu1.1unt
1228 682 1360 733 Tria
1402 689 1529 733 sunt
1557 671 1827 733 eiusmodi
1865 684 2170 752 principia:

301 793 348 826 (ι
395 773 634 840 cognitio
691 790 785 822 seu
838 772 1412 864 adrevtegzj‘ggzspwn3e7ztzs,
1463 789 1604 840 quae
1645 780 1830 823 actum
1872 771 2174 823 voluntatis

300 861 629 931 piaecedere
673 860 865 924 debetg
917 860 959 912 b.
1006 862 1253 911 activitas
1292 823 1598 925 vol-mitat&
1642 879 1782 930 quae
1824 863 2174 930 prosequitur

299 950 594 1015 obiectum,
656 958 816 1019 prout
867 948 936 1000 ab
991 949 1270 1000 intellectu
1313 949 1418 1001 sibi
1459 951 2175 1019 proponitu1·eoeeocitizmn

299 1040 579 1104 libertatis,
610 1058 716 1109 quo
747 1039 1001 1091 voluntas
1036 1057 1092 1090 se
1130 1041 1249 1108 ipsa
1278 1039 1347 1090 ad
1377 1047 1559 1090 actum
1591 1041 1935 1091 determinat.
1992 1040 2171 1107 Agen-

301 1131 432 1182 dum
474 1139 553 1180 est
594 1148 719 1199 ergo
765 1129 830 1180 de
874 1130 1187 1197 cognitione
1228 1128 1511 1180 adactum
1541 1128 1848 1180 humanum
1876 1130 2171 1198 requisita·⁷

300 1219 366 1271 de
407 1219 580 1270 libera
621 1217 922 1284 voluntate,
965 1225 1126 1286 prout
1170 1217 1540 1269 diversimode
1583 1219 1640 1269 in
1682 1217 1960 1269 obiectum
1993 1217 2174 1269 tendit

300 1327 395 1361 seu
439 1308 505 1360 de
547 1307 778 1373 actibus,
822 1316 985 1376 prout
1015 1307 1390 1358 diversimode
1427 1326 1457 1357 a
1487 1306 1771 1358 voluntate
1797 1306 2170 1376 proceduntl).

298 1399 464 1450 Porro
495 1406 665 1464 actus,
701 1398 794 1467 qui
825 1416 854 1447 a
885 1396 1168 1448 voluntate
1200 1397 1463 1465 procedit,
1495 1395 1850 1448 υοῖῑιηίανίιωη
1880 1396 1990 1447 dici
2021 1396 2171 1462 solet⁷

299 1504 467 1557 quare
511 1487 577 1538 de
617 1486 915 1537 voluntario
960 1495 1006 1537 et
1047 1486 1425 1549 involuntcin,
1470 1494 1521 1537 et
1558 1487 1686 1556 quia
1713 1485 2087 1537 voluntarium
2115 1488 2172 1538 in

299 1595 464 1627 causa
507 1575 801 1645 specialem
830 1574 1211 1627 difficultatem
1241 1575 1423 1639 habet,
1465 1577 1521 1627 in
1563 1578 1746 1645 specie
1777 1576 1839 1626 de
1867 1574 2171 1627 voluntario

298 1667 354 1717 in
397 1685 557 1717 causa
597 1666 874 1733 agendum
919 1675 1012 1717 est.

779 1814 811 1869 §¹
846 1818 894 1860 1.
928 1817 1013 1859 De
1044 1819 1359 1870 counitione
1393 1819 1684 1871 requisita.

450 1935 545 1989 28.
589 1934 980 1989 Condiciones
1019 1935 1089 1987 ad
1131 1949 1257 1987 eain
1298 1935 1693 1988 necessariae.
1737 1935 1863 1985 Duo
1907 1953 1978 1987 ex
2019 1943 2174 2003 parte

301 2025 629 2093 cognitionis
690 2023 1018 2093 praecedere
1082 2024 1313 2090 debent,
1377 2033 1436 2075 ut
1496 2031 1651 2075 actus
1712 2023 1981 2075 habeatur
2042 2041 2172 2074 vere

300 2114 591 2166 humanus.
674 2115 721 2165 1.
780 2113 1128 2165 Advertentia
1186 2114 1258 2165 ad
1315 2115 1483 2183 ipsum.
1542 2122 1746 2164 actum:
1805 2121 1961 2164 actus
2022 2114 2171 2163 enim

299 2204 576 2256 humanus
618 2221 742 2254 cum
785 2204 853 2253 sit
891 2202 1047 2270 liber,
1100 2202 1261 2255 debet
1302 2222 1416 2254 esse
1458 2204 1514 2254 in
1557 2211 1824 2272 potestate
1867 2203 2169 2272 operantis,

300 2293 436 2345 adeo
492 2302 552 2343 ut
603 2292 757 2344 illum
800 2310 1002 2360 ponere
1044 2293 1132 2344 vel
1174 2311 1284 2344 non
1326 2311 1546 2362 ponere,
1598 2294 1906 2344 continuari
1951 2291 2040 2343 vel
2081 2290 2151 2342 ab

298 2401 554 2452 rumpere
597 2400 692 2451 pro
733 2381 914 2434 lubitu
957 2384 1157 2452 possit3
1215 2384 1367 2453 atqui
1425 2383 1481 2434 id
1524 2380 1863 2451 impossibile
1907 2390 2006 2447 est,
2066 2383 2171 2432 nisi

299 2471 369 2523 ad
411 2473 591 2540 ipsum
633 2471 886 2523 advertat
928 2480 979 2523 et
1020 2474 1159 2523 sciat
1199 2491 1255 2523 se
1297 2480 1481 2523 actum
1526 2471 1739 2523 elicere.

450 2560 664 2614 Quocirca
687 2560 1004 2616 cogitationes,
1037 2561 1394 2616 imaginationes
1418 2562 1491 2605 vel
1513 2560 1836 2616 appetitiones,
1871 2573 1986 2614 quae
2009 2559 2170 2603 statim

299 2635 530 2691 proposito
554 2636 726 2679 obiecto
751 2635 846 2678 sine
869 2636 965 2679 ulla
986 2636 1154 2679 mentis
1178 2635 1469 2679 advertentia
1490 2635 1539 2679 in
1561 2635 1816 2690 intellectu,
1839 2636 1888 2678 in
1911 2634 2173 2690 phantasia,

299 2711 347 2753 in
380 2711 618 2753 voluntate
650 2710 722 2754 vel
757 2710 805 2753 in
838 2710 1052 2765 appetitu
1085 2710 1305 2754 sensitivo
1339 2710 1564 2765 oriuntur,
1596 2723 1687 2752 non
1711 2714 1902 2764 possunt
1925 2722 2020 2752 esse
2043 2712 2175 2752 actus

301 2785 488 2828 humani
522 2790 567 2827 et-
600 2784 789 2838 proinde
819 2797 900 2828 nee
932 2784 1037 2828 boni
1069 2798 1150 2828 nec
1182 2785 1306 2829 mali.

451 2860 500 2910 2.
554 2860 903 2911 Advertentia
955 2860 1027 2911 ad
1081 2860 1331 2912 obiectum
1387 2862 1597 2929 eiusque
1638 2857 1847 2928 singula
1889 2859 2170 2911 elementa:

303 2966 428 2999 cum
471 2949 617 2999 enim
661 2948 798 3000 nihil
840 2950 909 2999 sit
949 2920 1200 3014 voiitum,
1256 2948 1404 3018 quod
1459 2966 1568 3000 non
1619 2950 1688 3000 sit
1734 2950 2170 3018 praecognitum,

455 3096 729 3147 )Libertas
761 3097 1018 3140 voluntatis
1057 3097 1105 3141 in
1150 3097 1384 3153 theologia
1430 3096 1592 3140 morali
1639 3111 1729 3140 non
1780 3096 2083 3140 demonstrari
2127 3100 2174 3140 et

301 3170 523 3214 vindicari
558 3170 703 3225 debet,
737 3171 813 3214 sed
836 3184 889 3214 ex
912 3171 1063 3215 ethica
1096 3173 1166 3216 vel
1199 3171 1494 3227 psychologia
1528 3172 1843 3214 demonstrata
1866 3174 1911 3214 et
1935 3170 2175 3214 vindicata

302 3244 587 3299 supponitur.
651 3245 719 3288 Cf.
757 3245 989 3298 Catleree'n,
1030 3244 1484 3301 Moralphilosophi&
1535 3244 1786 3301 (Freiburg.
1819 3246 2006 3290 Herder.
2042 3245 2177 3297 1899)

302 3317 397 3361 Von
431 3319 508 3361 der
539 3318 739 3362 Freiheit
775 3319 850 3362 des
882 3320 1124 3363 Menschen
1156 3320 1197 3363 S.
1222 3321 1278 3362 27
1300 3322 1350 3363 ff.
1388 3320 1636 3372 Gntberlet,
1668 3319 1752 3364 Die
1787 3319 2172 3363 VVillensfreiheit

302 3392 394 3434 und
427 3392 523 3436 ihre
558 3393 748 3448 Gegner.
781 3393 957 3447 (Fulda.
991 3393 1405 3437 Actiendruckerei.
1441 3393 1588 3448 1893))
1624 3394 1747 3437 Tilm.
1781 3395 1947 3449 Pescla,
1979 3394 2170 3438 Institu-

301 3464 448 3508 tiones
482 3467 740 3522 psycholog.
773 3467 1016 3523 (Friburgi.
1050 3468 1237 3511 Herder.
1272 3468 1406 3521 1898)
1438 3467 1520 3510 III.
1557 3482 1601 3523 p.
1635 3468 1719 3510 321
1755 3482 1810 3512 ss.
