2269 3898
622 57 687 100 De
718 59 1045 103 revalidatione
1078 61 1367 105 matrimonii.
1850 67 1930 109 175

70 189 171 228 tate
204 187 482 230 matrimonii
520 189 690 243 doceat,
724 215 777 219 —
811 190 847 232 si
882 191 988 234 haec
1020 191 1201 246 inquam
1235 195 1420 238 consilia
1452 195 1557 239 iniri
1591 204 1794 253 possunt,
1827 213 1928 253 pars

72 258 389 313 impedimenti
423 262 597 304 conscia
643 263 699 304 ad
733 276 784 305 ea
816 264 1074 318 arripienda
1106 270 1301 309 tenetur.
1366 268 1532 321 Quodsi
1565 269 1730 324 absque
1762 272 1929 326 gravis-

74 332 186 374 simo
218 332 499 377 incommodo
522 335 637 378 nihil
671 337 828 379 horum
864 339 962 381 fieri
996 343 1161 394 potest,
1195 354 1248 383 ex
1282 342 1501 396 probabili
1528 345 1806 398 quorundam
1840 359 1929 389 sen-

72 406 221 448 tentia
252 411 395 450 cessat
427 407 819 465 impedimentum,
868 411 974 465 quia
1005 413 1077 455 lex
1111 414 1321 467 positiva,
1356 416 1441 458 etsi
1474 416 1674 471 irritans,
1706 432 1794 461 non
1827 419 1929 461 obli-

72 483 154 533 gat
186 493 285 522 cum
328 484 458 524 tanto
491 482 784 527 incommodo.
850 485 1015 529 Ablato
1057 486 1147 529 iam
1192 487 1516 543 impedimento
1559 504 1661 544 pars
1707 491 1802 534 eius
1835 506 1928 535 con·

74 551 163 594 scia
195 552 251 594 ad
285 554 662 599 convalidandum
708 558 1048 602 matrimonium
1097 574 1357 605 consensum
1402 576 1615 606 renovare
1647 570 1693 607 et
1728 565 1927 608 debitum

70 625 254 668 reddere
286 631 449 680 potest.
513 630 666 673 Manet
708 637 860 675 tamen
904 633 1123 688 obligatio
1167 636 1349 689 petendi
1394 637 1451 679 ad
1498 638 1719 681 cautelam
1756 639 1927 693 dispen-

72 698 343 754 sationem¹).

221 789 270 841 d.
316 788 371 840 Si
414 794 749 844 matrimonii
793 795 1012 846 nullitas
1051 799 1226 848 neutri
1258 801 1415 867 parti
1455 810 1581 850 nota
1624 814 1702 851 est
1742 810 1793 852 et
1822 820 1925 852 mo-

74 878 207 927 nitio
250 877 506 931 obfutura
549 883 918 950 praevidetur,
961 885 1310 955 relinquendi
1354 896 1479 938 sunt
1519 888 1576 938 in
1618 888 1762 940 bona
1803 891 1925 955 fide.

63 965 245 1017 donec
298 967 610 1021 obtineatur
651 971 984 1040 dispensatio
1036 982 1088 1025 et
1136 977 1545 1028 matrimonium
1590 978 1926 1030 convalidari

67 1057 257 1123 possit.

715 1311 1006 1368 Articulus
1047 1312 1279 1384 primus„

589 1443 665 1480 De
697 1440 1086 1480 revalidatione
1119 1441 1402 1482 ordinaria.

216 1602 321 1653 Pro
365 1602 583 1653 diversa
623 1603 851 1668 ratione,
895 1601 963 1652 ob
995 1620 1158 1670 quam
1187 1605 1597 1655 matrimonium
1622 1605 1926 1656 invalidum

61 1700 163 1757 «θεῖ,
208 1691 454 1742 diversus
497 1699 577 1742 est
618 1692 781 1741 etiam
825 1690 1019 1742 modus
1061 1690 1196 1742 illud
1238 1691 1599 1745 revalidandi.
1649 1692 1768 1745 Iam
1799 1713 1925 1746 vero

67 1781 475 1831 matrimonium
520 1779 829 1831 invalidum
872 1798 987 1830 csse
1029 1788 1231 1848 potest:
1289 1801 1336 1833 cc.
1391 1790 1611 1850 propter
1653 1782 1921 1834 defectum

69 1887 390 1934 consensus3
422 1868 467 1920 b.
491 1878 712 1938 propter
735 1869 1009 1920 defectum
1034 1869 1242 1921 formae
1263 1870 1618 1936 tridentinae3
1644 1891 1682 1923 c,
1708 1883 1926 1941 propter

65 1957 522 2027 impedimentum
549 1958 828 2023 dirimeDS,
854 1957 999 2026 quod
1023 1958 1407 2010 contrahentes
1431 1959 1704 2010 inhabiles
1728 1960 1922 2013 reddit.

216 2120 347 2175 164.
391 2121 475 2174 De
517 2121 949 2175 revalidatione
991 2123 1064 2174 ob
1108 2122 1405 2175 defectum
1448 2138 1791 2177 consensus.
1868 2124 1922 2176 Si

66 2211 480 2261 matrimonium
538 2210 847 2262 invalidum
902 2218 981 2261 est
1029 2218 1252 2279 propter
1295 2211 1566 2263 defectum
1610 2231 1921 2275 consensus,

64 2301 180 2349 sive
222 2299 367 2367 quod
411 2299 535 2350 ficte
576 2307 671 2350 aut
712 2318 780 2350 ex
822 2317 1000 2350 errore
1041 2307 1135 2350 aut
1176 2318 1244 2350 ex
1285 2308 1432 2351 metu
1487 2319 1781 2353 consensus
1837 2321 1921 2353 ex-

64 2387 272 2439 hibitus
312 2388 432 2454 fuit,
476 2387 626 2440 aliud
666 2388 738 2440 ad
779 2389 895 2439 eius
937 2388 1437 2441 convalidationem
1473 2407 1583 2441 non
1612 2392 1921 2459 requiritur,

66 2477 169 2527 nisi
213 2484 272 2528 ut
313 2495 488 2528 novus
530 2495 826 2528 consensus
869 2477 956 2528 vel
998 2496 1066 2528 ex
1107 2485 1339 2548 utraque
1386 2487 1541 2548 parte
1590 2479 1676 2530 vel
1732 2479 1922 2530 saltem

62 2584 131 2617 ex
171 2584 282 2617 una
322 2574 474 2634 parte
515 2565 817 2617 formaliter
857 2565 1185 2617 exhibeatur
1226 2575 1278 2618 et
1319 2567 1570 2636 quidem:

216 2672 260 2721 1.
315 2668 371 2720 Si
426 2687 722 2721 consensus
775 2688 844 2720 ex
894 2679 1114 2739 utraque
1147 2679 1307 2740 parte
1351 2671 1540 2737 defuit,
1583 2671 1651 2723 ab
1694 2680 1922 2742 utraque

64 2765 216 2826 parte
258 2757 558 2809 formaliter
600 2758 850 2810 exhiberi
893 2758 1055 2810 debet
1103 2778 1166 2810 ac
1208 2762 1251 2811 si
1294 2762 1468 2829 primo
1513 2761 1922 2813 contraheretur

58 2848 489 2900 matrimonium.

211 2951 257 3003 2.
314 2950 369 3002 Si
429 2969 723 3001 consensus
779 2970 843 3002 eoe
897 2971 1005 3002 una
1052 2961 1210 3020 parte
1269 2960 1483 3003 tantum
1538 2953 1727 3020 defuit,
1788 2954 1920 3005 haec

57 3046 206 3089 certe
249 3038 401 3090 illum
445 3039 697 3109 supplere
740 3040 918 3106 debet,
970 3048 1022 3092 et
1076 3041 1300 3110 quidem
1342 3042 1386 3092 si
1427 3041 1596 3093 altera
1636 3061 1762 3111 pars
1805 3044 1920 3094 sine

60 3128 408 3179 incommodo
453 3129 518 3179 de
560 3128 810 3181 nullitate
852 3131 1187 3181 matrimonii
1234 3132 1441 3181 moneri
1471 3140 1661 3200 potest,
1706 3131 1760 3182 id
1790 3150 1919 3183 sane

57 3214 376 3267 faciendum
437 3225 542 3279 est⁷
605 3226 664 3269 ut
723 3218 914 3269 melius
972 3226 1180 3270 constet
1238 3237 1566 3271 consensum
1628 3238 1695 3270 ex
1751 3219 1918 3271 altera

216 3395 242 3446 ¹)
273 3395 339 3436 Cf.
377 3394 631 3437 Lelemhuhl
661 3395 719 3437 II.
752 3409 793 3438 11.
829 3396 928 3439 826.
963 3396 1447 3439 Ballerini-Palmz‘eri
1477 3398 1551 3438 VI.
1587 3411 1628 3439 n.
1664 3398 1763 3439 307.
