2269 3898
189 135 276 179 302
912 131 989 173 VI.
1025 131 1091 173 De
1124 130 1336 185 peccatis.

189 269 312 320 ideo
355 270 519 320 etiam
563 267 782 318 diversa
823 271 1151 334 praecepta:
1195 264 1467 332 quintum,
1511 269 1770 313 octavum
1813 269 1866 313 et
1905 263 2067 332 septi-

189 376 339 409 mum
382 357 452 408 ad
493 356 631 407 haec
659 355 804 407 bona
830 353 1176 418 referuntur3
1221 353 1426 421 pariter
1453 350 1732 403 obiectum
1760 360 2069 420 temperan-

188 448 297 497 tiae
340 448 397 496 in
439 464 541 496 usu
583 444 694 495 cibi
737 451 817 494 est
859 442 1160 506 diversum,
1216 448 1378 509 prout
1433 440 1661 509 respicit
1702 441 2069 509 quantitatem

189 534 277 585 vel
319 534 640 604 qualitatem
684 532 951 597 ciborum,
1009 547 1178 599 quare
1235 529 1443 598 duplex
1497 547 1716 598 quoque
1759 528 1826 579 de
1865 529 1972 580 hac
2011 546 2070 578 re

188 623 424 675 habetur
464 629 837 691 praeceptum.
1334 679 1337 683 .

346 726 387 754 a.
421 712 543 766 Ergo
577 709 843 766 periurium,
875 707 1066 752 violatio
1099 706 1197 749 vot-i
1229 711 1276 749 et
1308 705 1590 760 blasphemia
1623 710 1732 749 sunt
1763 709 1948 761 peccata
1980 718 2074 760 spe-

191 787 317 830 cifice
351 785 545 840 diversa,
569 785 676 840 quia
698 783 865 827 virtuti
887 781 1125 837 religionis
1148 780 1383 823 moraliter
1407 780 1583 823 diverso
1607 780 1740 823 modo
1763 783 2069 835 opponuntur.

192 861 491 916 Sacrilegium
524 860 681 914 locale,
723 859 844 902 reale
877 865 923 900 et
963 855 1200 911 personale
1243 858 1352 897 sunt
1390 860 1578 909 peccata
1620 854 1828 909 specifice
1877 854 2070 909 diversa,

189 936 296 991 quia
328 948 397 978 res
431 948 571 984 sacra,
603 947 794 989 persona
827 944 953 975 sacra
1003 935 1049 973 et
1096 930 1220 972 locus
1268 942 1391 971 sacer
1438 934 1547 972 sunt
1594 929 1769 972 obiecta
1814 929 1863 971 in
1910 928 2073 971 morali

188 1010 511 1054 aestimatione
545 1009 723 1051 diversa
772 1006 972 1050 eiusdem
1021 1003 1215 1046 virtutis
1257 1003 1507 1058 religionis.
1589 1002 1676 1056 Qui
1725 1003 1881 1046 diebus
1938 1002 2073 1046 festis

188 1098 365 1128 sacrum
400 1083 577 1127 omittit
612 1086 657 1125 et
689 1082 738 1124 in
772 1079 981 1135 operibus
1015 1077 1256 1121 servilibus
1293 1080 1554 1132 occupatur,
1601 1078 1688 1119 duo
1732 1081 1919 1131 peccata
1961 1090 2074 1119 com-

187 1158 353 1213 mittit,
387 1158 493 1212 quia
524 1157 747 1200 virtutem
780 1154 1017 1209 religionis
1050 1153 1182 1195 modo
1215 1151 1451 1195 moraliter
1484 1152 1660 1194 diverso
1693 1151 1850 1194 laedit.

340 1234 375 1276 h.
420 1233 612 1275 Peccata
655 1229 983 1274 commissionis
1023 1232 1070 1270 et
1114 1226 1373 1269 omissionis
1417 1231 1574 1270 contra
1618 1226 1806 1270 eandem
1850 1226 2073 1268 virtutem

189 1308 457 1363 quandoque
489 1320 580 1350 non
614 1311 723 1349 sunt
758 1303 965 1359 specifice
1000 1302 1195 1355 diversa,
1229 1300 1267 1343 si
1299 1299 1519 1343 nimirum
1568 1300 1627 1343 ad
1673 1301 1795 1343 idem
1845 1299 2071 1342 obiectum

187 1384 449 1426 referuntur
479 1386 534 1424 ut
565 1383 742 1424 furtum
784 1385 831 1422 et
871 1365 1053 1420 omissio
1094 1375 1405 1419 restitutionis
1446 1374 1477 1417 i.
1519 1388 1554 1420 e.
1590 1377 1768 1418 auferre
1801 1378 1847 1417 et
1878 1375 2076 1418 retinere

188 1471 282 1501 rem
316 1457 535 1507 alienam;
570 1457 836 1511 plerumque
868 1465 973 1495 vero
1008 1456 1115 1494 sunt
1149 1454 1336 1505 peccata
1377 1450 1585 1505 specifice
1629 1449 1822 1504 diversa,
1863 1449 1970 1504 quia
2012 1462 2075 1493 re·

194 1532 398 1588 spiciunt
431 1531 607 1574 obiecta
639 1531 829 1584 ideoque
861 1532 1105 1583 praecepta
1137 1525 1373 1568 moraliter
1408 1525 1611 1576 diversa;
1661 1525 1764 1568 ideo
1796 1525 1995 1568 haeresis
2028 1530 2076 1568 et

189 1606 373 1650 omissio
407 1610 536 1649 actus
569 1604 694 1658 fidei,
738 1601 994 1657 desperatio
1043 1605 1090 1643 et
1139 1599 1321 1643 omissio
1371 1603 1501 1643 actus
1549 1599 1660 1655 spei,
1709 1599 1862 1642 odium
1895 1599 1979 1642 Dei
2029 1606 2076 1642 et

193 1681 376 1725 omissio
410 1684 539 1723 actus
572 1677 782 1723 caritatis
817 1681 924 1720 sunt
957 1680 1143 1730 peccata
1177 1674 1324 1728 specie
1350 1673 1575 1717 obiectiva
1609 1674 1801 1727 diversa,
1836 1673 1943 1728 quia
1975 1687 2074 1717 ean-

191 1756 291 1799 dem
325 1755 546 1798 virtutem
581 1752 816 1796 moraliter
850 1752 1027 1794 diverso
1060 1750 1192 1792 modo
1225 1750 1429 1792 laedunt.

344 1831 392 1883 3.
435 1828 538 1881 Illa
581 1837 811 1898 peccata
852 1836 980 1877 sunt
1020 1824 1278 1895 specifice
1309 1824 1547 1888 diversa,
1593 1843 1734 1893 quae
1758 1824 1940 1875 eidem
1968 1825 2074 1873 vir—

190 1922 293 1972 tuti
336 1920 603 1971 contrario
646 1917 797 1968 modo
842 1922 1198 1986 opponuntur
1253 1915 1285 1967 i.
1329 1933 1370 1967 e.
1416 1932 1514 1982 per
1555 1931 1842 1964 excessum
1885 1920 1938 1962 et
1978 1930 2078 1981 per

193 2011 499 2062 defectum:
556 2006 836 2078 quaelibet
876 2007 1024 2057 enim
1069 2006 1244 2055 virtus
1300 2003 1470 2055 habet
1519 2021 1679 2054 suum
1736 2002 1979 2053 medium
2024 2010 2076 2053 et

192 2100 340 2170 quod
383 2099 562 2150 eidem
605 2098 883 2166 utrimque
937 2095 1282 2159 adversatur,
1343 2093 1663 2144 distinctam
1717 2092 1884 2143 habet
1925 2090 2075 2142 mali-

191 2193 327 2241 tiam
370 2197 423 2240 et
464 2187 750 2238 constituit
790 2193 1079 2254 peccatum
1126 2183 1383 2253 specifice
1426 2183 1765 2234 distinctum.

343 2279 464 2333 Ergo
497 2275 802 2332 prodigalitas
837 2279 883 2318 et-
916 2273 1117 2317 avaritia
1158 2278 1266 2316 sunt
1309 2277 1496 2328 peccata
1537 2271 1683 2327 specie
1728 2270 1921 2325 diversa,
1968 2269 2075 2325 quia

192 2357 275 2400 illa
309 2368 387 2410 per
419 2366 665 2405 excessum,
718 2351 827 2393 haec
860 2364 939 2405 per
979 2350 1207 2393 defectum
1255 2348 1423 2391 virtuti
1472 2347 1768 2391 liberalitatis
1816 2345 2074 2401 opponitur.

192 2428 464 2484 Desperatio
499 2432 544 2470 et
576 2425 855 2481 praesumtio
890 2429 998 2468 sunt
1031 2424 1178 2479 specie
1212 2423 1429 2475 diversae,
1465 2422 1571 2477 quia
1603 2421 1685 2464 illa
1717 2434 1795 2475 per
1829 2421 2074 2474 defectum,

195 2506 305 2549 haec
338 2517 416 2559 per
448 2515 679 2546 excessum
713 2500 880 2543 virtuti
914 2500 1197 2554 theologicae
1230 2497 1325 2553 spei
1359 2496 1618 2552 opponitur.

351 2595 495 2645 Num
529 2600 770 2661 peccata,
813 2608 945 2659 quae
975 2596 1315 2659 opponuntur
1327 2586 1580 2656 pluribus
1600 2585 1906 2655 praeceptis
1933 2585 2076 2634 circa

196 2683 414 2734 eandem
454 2683 732 2732 materiam
775 2679 917 2745 latis,
961 2679 1069 2729 sint
1093 2677 1326 2747 specifice
1353 2676 1580 2727 diversa.
1612 2707 1683 2712 —-
1712 2675 2075 2743 Distinguen-

203 2773 335 2824 dum
378 2780 484 2824 est:
538 2792 588 2823 a.
629 2769 686 2822 Si
729 2779 1024 2838 praecepta
1065 2776 1192 2818 sunt
1218 2764 1536 2835 formaliter
1577 2764 1805 2830 diversa,
1863 2764 1898 2815 i.
1942 2781 1986 2814 e.
2030 2765 2075 2813 si

36 2858 268 2935 gullo-ex
310 2862 528 2913 diverso
571 2860 778 2911 motivo
820 2858 1115 2933 &EQ-§91¹2
1160 2863 1389 2925 peccata
1430 2856 1565 2924 ipsis
1607 2856 1861 2924 opposita
1902 2853 2072 2922 speci-

197 2953 299 3004 fice
357 2951 800 3017 distinguuntur3
852 2949 930 2999 sic
973 2947 1068 3015 qui
1109 2945 1315 3014 frangit
1355 2946 1643 3011 ieiunium,
1695 2943 1766 2994 ad
1819 2942 1966 3012 quod
2008 2960 2079 2992 ex

198 3048 494 3111 praecepto
536 3039 801 3090 ecclesiae
843 3046 897 3088 et
938 3055 1007 3087 ex
1048 3044 1177 3087 voto
1219 3044 1453 3101 tenetur,
1512 3035 1619 3085 duo
1661 3040 1890 3103 peccata
1933 3049 2074 3083 com·

199 3132 382 3196 mittit,
428 3130 558 3198 quia
596 3136 953 3198 praeceptum
996 3124 1262 3176 ecclesiae
1314 3143 1383 3174 ex
1434 3125 1639 3175 virtute
1679 3122 2079 3191 temperantiae

200 3231 252 3272 et
292 3229 484 3271 votum
527 3237 596 3270 ex
648 3218 851 3268 virtute
905 3215 1188 3284 religionis
1245 3213 1469 3281 obligat.
1553 3213 1597 3266 b.
1655 3211 1870 3277 Quodsi
1926 3228 2076 3280 prae-

202 3318 361 3378 cepta
417 3308 592 3360 solum
648 3305 999 3358 materialiter
1052 3304 1265 3355 diversa
1319 3305 1350 3356 i.
1406 3321 1451 3355 e.
1507 3321 1576 3354 ex
1632 3301 1827 3352 eodem
1868 3300 2077 3350 motivo

198 3398 310 3449 lata
353 3407 492 3461 sunt,
536 3405 762 3466 peccata
805 3397 881 3446 eis
924 3397 1176 3464 opposita
1203 3394 1460 3463 specifice
1488 3411 1595 3445 non
1635 3392 1915 3457 differunt,
1959 3391 2077 3442 sive

201 3487 270 3538 ab
315 3488 503 3538 eodem
548 3488 664 3538 sive
705 3504 737 3536 a
780 3484 1013 3536 diversis
1054 3483 1460 3552 legislatoribus
1499 3482 1610 3534 lata
1652 3489 1793 3534 sunt.
