2269 3898
261 160 347 202 120
1000 156 1066 198 De
1097 154 1401 198 matrimonio.

261 295 489 350 sponsalia
521 294 693 336 incerta
727 304 806 345 per
839 289 1103 333 electionem
1139 288 1471 332 determinatae
1504 301 1721 343 personae
1761 289 1964 332 evadunt
2006 292 2145 344 certa,

262 370 504 412 manifesto
538 367 683 410 oritur
714 364 1111 420 impedimentum.

414 516 544 569 119.
628 522 673 567 2.
732 515 819 565 EX
873 513 1209 564 matrimonio
1265 521 1384 562 rato
1448 513 1620 562 oritur
1682 512 2143 581 impedimentum

267 607 529 658 dirimens
571 605 984 655 matrimonium
1016 619 1189 671 usque
1217 600 1285 652 ad
1317 610 1559 670 quartum
1599 602 1823 670 yradum
1851 601 2141 655 inclusive.

409 693 461 737 In
493 694 590 737 iure
626 693 807 748 quidem
840 705 930 735 non
963 690 1189 746 reperit-ur
1221 697 1393 744 textus,
1428 690 1504 744 qui
1538 694 1718 734 statuat
1752 705 1806 735 ex
1851 690 2144 734 matrimonio

260 774 360 813 rato
394 769 500 812 oriri
533 768 914 823 impedimentum
964 766 1170 821 publicae
1215 765 1486 819 honestatiS,
1535 769 1742 809 attamen
1790 766 2000 810 unanimi
2049 780 2146 809 con-

261 858 393 888 sensu
425 848 629 887 auctores
664 844 746 886 hoo
779 843 1000 886 inferunt.
1065 842 1126 883 Et
1159 853 1265 883 sane
1299 839 1336 883 si
1370 840 1750 894 impedimentum
1776 841 1984 896 publicae
2017 842 2147 885 hone·

259 919 395 962 statis
429 932 482 962 ex
516 917 802 973 sponsalibus
838 918 891 960 de
941 918 1098 959 futuro
1147 915 1307 969 oritur,
1356 929 1382 958 a
1429 915 1609 958 fortiori
1655 929 1710 958 ex
1759 916 2044 970 sponsalibus
2095 916 2148 960 de

259 993 487 1049 praesenti
520 997 669 1036 ortum
705 991 902 1035 habebit.
970 992 1107 1034 Porro
1156 989 1263 1045 quia
1312 989 1552 1033 concilium
1605 990 1910 1034 tridentinum
1959 991 2148 1046 impedi-

262 1072 465 1112 mentum
499 1081 553 1110 ex
587 1066 873 1122 sponsalibus
908 1070 1057 1109 ortum
1092 1065 1150 1107 ad
1183 1064 1382 1119 primum
1407 1065 1602 1120 gradum
1627 1065 1886 1120 restrinxit,
1920 1070 2147 1121 putarunt

256 1143 462 1186 nonnulli
516 1143 636 1185 idem
691 1142 841 1184 valere
895 1141 1033 1184 etiam
1090 1140 1237 1194 quoad
1292 1140 1636 1182 matrimonium
1694 1147 1870 1185 ratum:
1939 1145 2147 1184 attamen

232 1218 474 1276 {FILIIQXL
499 1216 750 1261 declaravit
783 1217 931 1270 quoad
965 1215 1310 1258 matrimonium
1345 1221 1498 1258 ratum
1533 1215 1604 1258 ius
1638 1215 1880 1270 antiquum
1927 1229 2006 1272 per
2049 1230 2146 1259 eon·

220 1269 231 1302 'l
256 1292 411 1335 cilium
446 1291 750 1334 tridentinum
785 1305 874 1334 non
908 1303 1003 1334 esse
1053 1289 1347 1340 mutatum¹);
1395 1290 1493 1333 iure
1537 1295 1691 1333 autem
1730 1290 1920 1345 antiquo
1954 1291 2036 1334 hoc
2068 1291 2149 1334 im·

194 1303 222 1438 l
257 1367 569 1422 pedimentum
603 1379 745 1421 usque
778 1366 835 1409 ad
870 1374 1084 1421 quartum
1119 1365 1313 1420 gradum
1348 1364 1694 1408 extendebatur.

407 1478 453 1510 a.
516 1457 636 1508 Hoc
690 1456 1151 1526 impedimentum
1209 1457 1383 1507 oritur
1438 1457 1605 1507 etiam
1664 1474 1733 1506 ex
1792 1457 2146 1508 matrimonio

258 1547 516 1610 iozvalidO,
561 1547 722 1598 modo
767 1545 1078 1598 invalidum
1120 1564 1231 1598 non
1275 1548 1344 1597 sit
1385 1564 1453 1597 ex
1497 1545 1717 1597 defectu
1761 1546 2144 1616 consensus2):

260 1641 316 1689 in
357 1637 461 1689 hoc
504 1638 652 1688 enim
696 1656 826 1688 casu
870 1636 1022 1687 deest
1062 1636 1490 1688 fundamentum
1522 1635 1906 1705 impedimenti
1937 1636 2150 1689 scilicet

260 1728 576 1779 coniunctio
619 1728 948 1779 animorum.

407 1817 453 1860 Si
487 1830 593 1871 ergo
629 1816 975 1859 matrimonium
1009 1815 1266 1859 invalidum
1302 1820 1370 1858 est
1414 1816 1592 1860 ratione
1632 1816 1810 1871 erroris,
1853 1816 2145 1863 condicionis,

256 1895 420 1945 metUS,
453 1896 613 1946 raptus
647 1898 729 1933 aut
762 1891 946 1945 aetatis,
994 1904 1084 1934 non
1118 1890 1265 1933 oritur
1312 1890 1496 1945 publica
1536 1891 1771 1936 honestas:
1825 1891 1986 1946 quodsi
2025 1891 2151 1934 inva-

259 1966 404 2009 lidum
439 1972 508 2010 est
540 1965 718 2009 ratione
767 1966 1071 2021 cognationis,
1119 1965 1384 2021 affinitatis,
1434 1965 1642 2020 publicae
1691 1965 1963 2020 honestatis,
2011 1965 2150 2021 impo-

257 2041 445 2095 tentiae,
480 2041 769 2096 disparitatis
805 2041 969 2095 cultus,
1002 2040 1115 2096 voti,
1150 2041 1355 2084 criminis
1388 2041 1460 2085 vel
1494 2040 1748 2096 ligaminis,
1783 2040 1929 2084 oritur
1961 2040 2150 2096 impedi-

261 2120 465 2160 mentum
501 2116 709 2171 publicae
743 2116 1012 2159 honestatis-

410 2192 453 2245 b.
498 2192 646 2243 Num
689 2193 897 2243 oriatur
938 2192 1405 2261 impedimentum
1449 2211 1519 2242 ex
1546 2193 1902 2243 matrimonio
1919 2201 2152 2262 propter

261 2283 744 2335 clawzclestinitate=m
799 2283 1058 2349 invalido,
1111 2283 1557 2335 controvertitur.
1640 2281 1805 2334 Unde
1848 2299 1945 2351 pro
1988 2283 2151 2351 praxi

260 2373 611 2425 inferendum
661 2383 741 2424 est
803 2374 1266 2442 impedimentum
1328 2391 1445 2424 esse
1507 2371 1742 2424 dubium
1803 2382 1856 2422 et
1916 2371 2149 2440 proinde

259 2462 488 2515 nullum.

405 2552 625 2596 Rationes
659 2566 827 2608 eorum,
862 2553 938 2607 qui
960 2552 1341 2608 impedimentum
1368 2553 1611 2609 affirmant
1629 2564 1645 2594 .·
1679 2565 1719 2594 α.
1747 2552 1817 2594 Ex
1842 2550 2150 2595 declaratione

262 2628 343 2670 Piz?
386 2628 427 2670 11
461 2628 532 2671 ius
565 2628 808 2683 antiquum
842 2629 990 2683 quoad
1034 2627 1379 2671 matrimonium
1421 2630 1574 2670 ratum
1615 2640 1706 2670 non
1748 2630 1817 2669 est
1861 2626 2150 2677 restrictum

261 2703 337 2745 sed
371 2703 616 2745 secundum
650 2703 721 2746 ius
764 2703 1006 2758 antiquum
1041 2717 1094 2746 ex
1129 2702 1422 2746 matrimonio
1455 2708 1570 2757 rato,
1615 2702 1703 2745 etsi
1743 2702 1965 2757 invalido,
2005 2701 2153 2745 oritur

260 2777 640 2832 impedimentum
675 2778 883 2833 publicae
915 2779 1186 2832 honestatis,
1220 2778 1352 2821 modo
1386 2791 1475 2820 non
1509 2777 1571 2820 sit
1604 2777 1861 2820 invalidum
1887 2791 1939 2821 ex
1966 2777 2148 2821 defectu

259 2866 520 2904 consensus;
558 2853 687 2908 atqui
722 2853 1066 2897 matrimonium
1101 2853 1438 2896 clandestinum
1472 2866 1563 2896 non
1596 2857 1665 2896 est
1697 2852 1955 2896 invalidum
1990 2865 2044 2895 ex
2079 2852 2149 2895 de-

258 2928 382 2969 fectu
438 2940 690 2971 consensus.
758 2930 796 2978 13.
851 2929 1029 2972 Extant
1079 2927 1408 2971 declarationes
1453 2941 1510 2971 ss.
1560 2927 1985 2983 congregationum,
2038 2940 2153 2982 quae

261 3002 556 3045 existentiam
589 3003 910 3058 impedimenti
943 3005 1196 3048 affirmant.
1262 3004 1483 3047 Rationes
1525 3016 1696 3057 eorum,
1737 3002 1812 3057 qui
1857 3002 2152 3058 impedimen·

259 3080 359 3119 tum
393 3080 591 3132 neycmt:
626 3092 666 3120 α.
700 3077 777 3121 Ius
810 3078 1052 3133 antiquum
1102 3079 1272 3122 statuit
1320 3078 1702 3133 impedimentum
1752 3077 1860 3121 oriri
1908 3077 2049 3120 etiam
2098 3090 2153 3120 ex

261 3151 553 3194 matrimonio
586 3151 804 3208 invalido,
839 3154 957 3208 quod
991 3159 1147 3197 tamen
1180 3154 1372 3209 speciem
1407 3153 1503 3197 veri
1537 3152 1822 3197 matrimonii
1872 3152 2031 3203 habet;
2074 3152 2152 3195 sed

264 3225 607 3269 matrimonium
642 3227 975 3272 clandestinum
1010 3243 1066 3273 ne
1100 3229 1293 3284 speciem
1329 3229 1511 3283 quidem
1549 3228 1642 3272 veri
1677 3227 1962 3271 matrimonii
1996 3226 2149 3271 habet.

263 3301 301 3348 β.
335 3300 526 3356 Insuper
558 3302 904 3346 matrimonium
939 3305 1290 3359 clandestinum,
1326 3305 1444 3358 quod
1478 3318 1568 3347 non
1614 3304 1758 3346 solum
1803 3302 2149 3346 matrimonium

415 3464 444 3518 ¹)
478 3465 671 3509 Constit.
707 3466 778 3508 Pii
809 3467 860 3508 V.
899 3467 971 3510 Ad
1001 3481 1237 3510 romanum
1275 3469 1312 3510 1.
1346 3469 1426 3514 iul.
1467 3469 1596 3511 1568.

412 3540 444 3593 2>
476 3539 585 3583 Ibid.
