2269 3898
280 129 365 170 140
1019 124 1083 166 De
1116 122 1422 165 matrimonio.

427 261 572 303 Paris
604 258 874 302 condicionis
907 258 1000 299 late
1033 256 1345 310 accipiendum
1392 260 1476 310 est,
1524 269 1614 298 non
1656 255 1800 298 solum
1845 256 1898 299 de
1941 259 2068 298 statu
2113 263 2158 298 et

278 335 451 390 opibus,
485 335 561 377 sed
594 334 733 377 etiam
770 333 823 375 de
855 336 1022 383 aetate,
1056 329 1337 384 educatione,
1371 330 1519 384 genio,
1553 329 1707 373 indole
1737 330 1952 384 religiosa
1984 335 2069 373 etc.

426 423 639 465 Invenire
670 422 846 464 nullum
882 434 1097 476 sponsum
1134 419 1303 462 dicitur
1336 418 1514 473 mulier,
1563 419 1601 462 si
1634 419 1708 461 hic
1740 424 1786 462 et
1834 433 1954 462 nunc
2001 424 2159 473 aptam

278 496 476 540 nubendi
510 495 783 538 occasionem
818 508 907 537 non
940 495 1121 548 habeat,
1154 493 1240 536 etsi
1274 493 1451 536 nullum
1487 507 1701 548 sponsum
1725 493 1986 547 quaesierit,
2018 506 2159 535 unum

280 572 532 614 alterumve
565 574 701 612 antea
733 569 972 624 respuerit,
1007 582 1062 612 ex
1094 567 1184 611 alio
1218 568 1313 610 1000
1346 567 1495 610 virum
1521 568 1685 611 habere
1707 567 1867 622 possit,
1899 580 2016 610 unus
2039 567 2162 622 paris

279 644 554 688 condicionis
587 658 684 687 eam
721 645 880 687 ducere
912 643 1040 698 velit,
1090 656 1148 686 ne
1181 642 1354 685 scilicet
1401 642 1685 685 matrimonii
1733 641 1921 685 libertas
1967 641 2161 684 nimium

281 722 547 762 coarctetur.

427 808 476 861 2.
522 808 721 872 „Aetas
749 809 992 878 feminae
1043 805 1409 876 superadulta,
1467 807 1511 856 si
1568 805 1777 857 scilicet
1829 808 2162 874 vigesimum

279 905 535 967 quartum
577 899 770 948 aetatis
812 915 1021 948 annum
1069 897 1179 947 iam
1223 913 1441 963 egressa
1481 894 1748 946 hactenus
1789 897 1971 946 virum
2015 897 2163 964 paris

280 986 639 1053 condicionis,
703 988 790 1037 cui
846 986 1054 1037 nubere
1111 987 1297 1054 possit,
1357 1003 1468 1036 non
1523 986 1755 1038 invenit.
1838 985 1991 1036 Haec
2032 1004 2162 1036 vero

280 1094 444 1127 causa
485 1095 595 1128 non
649 1077 983 1144 suffragatur
1022 1075 1230 1140 viduae,
1291 1093 1432 1144 quae
1475 1074 1546 1125 ad
1587 1074 1723 1126 alias
1777 1077 2001 1144 nuptias
2043 1093 2164 1126 con-

280 1165 463 1217 volare
505 1168 744 1235 cupiatf‘

428 1269 473 1313 Si
505 1269 679 1313 femina
711 1269 895 1312 maioris
929 1269 1077 1312 adhuc
1109 1268 1277 1311 aetatis
1311 1268 1387 1323 sit,
1419 1268 1552 1312 iuvat
1585 1268 1633 1311 id
1679 1269 1727 1310 in
1768 1267 1921 1311 libello
1971 1268 2165 1323 supplici

279 1343 542 1399 exprimere,
576 1358 662 1399 quo
697 1344 879 1387 facilius
915 1343 1196 1399 dispensatio
1230 1343 1505 1386 obt-ineatur.
2020 1339 2023 1340 ⁷

433 1433 751 1489 Opinabantur
784 1434 1050 1488 complures,
1085 1433 1121 1476 si
1156 1434 1336 1488 quando
1371 1433 1653 1487 dispensatio
1689 1433 1961 1476 concedatur
1982 1438 2168 1488 propter

280 1514 480 1551 aetatem
517 1522 707 1564 sponsae
741 1509 1100 1564 superadultam,
1133 1507 1182 1551 in
1215 1508 1527 1551 verificatione
1568 1521 1728 1551 causae
1769 1508 1827 1550 ad
1873 1507 2166 1550 validitatem

284 1583 637 1638 dispensationis
670 1588 916 1638 utrumque
949 1583 1129 1638 probari
1176 1582 1357 1626 debere:
1404 1582 1639 1626 mulierem
1685 1596 1780 1626 esse
1824 1583 2167 1637 superadultam

282 1671 469 1712 eamque
524 1672 666 1713 usque
719 1659 777 1702 ad
828 1659 946 1701 illud
995 1662 1178 1713 tempus
1211 1657 1361 1700 virum
1395 1657 1518 1713 paris
1552 1657 1843 1712 condicionis,
1896 1657 1968 1700 cui
2001 1656 2169 1700 nubere

283 1733 443 1787 possit,
477 1746 567 1776 non
600 1733 845 1788 invenisse,
879 1746 1036 1776 verum
1070 1733 1184 1776 satis
1217 1738 1300 1787 est,
1334 1733 1378 1775 si
1409 1735 1530 1776 certo
1563 1735 1734 1775 constet
1764 1732 1818 1774 de
1841 1724 1998 1774 aetate
2013 1745 2168 1787 super-

281 1807 438 1850 adulta
452 1807 490 1861 ¹).

431 1882 480 1934 3.
525 1883 878 1949 „Deficientia
907 1892 999 1933 aut
1026 1884 1431 1953 incompetentia
1462 1882 1617 1948 dotis,
1662 1883 1705 1932 51
1735 1899 1934 1949 nempe
1962 1881 2170 1931 femina

285 1989 396 2022 non
437 1971 641 2023 habeat
681 1979 808 2023 actu
849 1980 1060 2023 tantam
1106 1972 1306 2038 dotem,
1351 1981 1411 2022 ut
1452 1980 1715 2022 extraneo
1759 1970 2006 2040 aequalis
2049 1988 2169 2021 con·

285 2060 535 2127 dicioniS,
579 2063 672 2130 qui
716 2080 893 2131 neque
922 2063 1369 2130 consanguineus
1399 2080 1577 2130 neque
1607 2060 1792 2128 affinis
1834 2062 1917 2125 sit,
1961 2058 2169 2112 nubere

284 2151 456 2219 possit
509 2152 564 2201 in
607 2153 828 2220 proprio
870 2151 1005 2214 1000,
1061 2153 1119 2203 in
1174 2169 1280 2221 quo
1339 2159 1724 2203 commoratur.
1806 2150 1964 2214 Quae
2006 2168 2172 2201 causa

285 2242 460 2309 magis
501 2249 676 2309 urget,
733 2243 775 2292 si
820 2241 1016 2292 mulier
1057 2243 1277 2311 penitus
1319 2241 1568 2292 indotata
1610 2242 1812 2292 existat
1852 2249 1905 2290 et
1946 2257 2169 2290 consan-

283 2332 518 2398 guineus
565 2330 649 2381 vel
691 2331 871 2382 affinis
913 2348 1034 2383 eam
1088 2333 1145 2382 in
1188 2349 1418 2382 uxorem
1462 2330 1663 2382 ducere
1704 2338 1799 2381 aut
1839 2331 2006 2381 etiam
2048 2348 2172 2380 con-

283 2422 571 2472 venienter
611 2440 681 2472 ex
721 2423 933 2488 integro
978 2420 1166 2472 dotare
1207 2429 1432 2490 paratus
1475 2422 1599 2473 sit.“

434 2525 570 2568 Dotis
602 2539 766 2568 nomen
797 2525 892 2568 late
923 2525 1279 2580 intelligendum
1321 2530 1391 2568 est
1445 2525 1499 2567 de
1553 2524 1680 2567 bonis
1727 2525 1955 2578 fortunae,
2010 2522 2172 2577 quibus

287 2613 421 2643 onera
454 2600 736 2643 matrimonii
770 2599 988 2643 sustineri
1022 2600 1215 2655 possint,
1247 2613 1337 2643 non
1372 2600 1517 2642 solum
1553 2599 1607 2643 de
1641 2599 1747 2642 dote
1780 2598 1940 2641 stricte
1972 2602 2173 2653 accepta,

285 2674 361 2717 ubi
396 2688 557 2729 nempe
588 2676 719 2730 viget
752 2680 952 2728 systema
987 2675 1151 2718 dotale.

440 2767 569 2819 Actu,
603 2765 689 2809 etsi
723 2773 882 2820 postea
917 2765 1067 2808 dotem
1103 2765 1318 2807 habitura
1352 2765 1428 2818 sit,
1462 2764 1557 2807 sive
1591 2778 1617 2806 a
1649 2763 1930 2818 parentibus,
1965 2762 2040 2817 qui
2075 2775 2171 2805 eam

283 2854 404 2883 nunc
450 2841 555 2883 dare
587 2854 677 2884 non
709 2843 900 2895 possunt
934 2847 1016 2883 aut
1051 2841 1156 2883 dare
1188 2841 1366 2893 nolunt,
1416 2839 1525 2894 quin
1573 2839 1631 2881 ad
1679 2852 1775 2881 eam
1828 2837 2024 2880 dandam
2074 2836 2170 2892 cogi

288 2915 480 2969 possint,
516 2915 610 2958 sive
643 2930 669 2957 a
702 2915 1054 2970 consanguineo,
1088 2914 1165 2969 qui
1199 2918 1375 2969 partem
1411 2913 1685 2957 hereditatis
1719 2912 1945 2967 promisit.

437 3006 486 3056 4.
545 3005 729 3068 „Lites
789 3024 944 3074 super
1008 3006 1328 3056 successione
1392 3004 1644 3055 boncwum-
1684 3005 1791 3054 iam
1833 3011 2045 3053 eocortae
2087 3001 2174 3051 vel

290 3095 572 3145 earundem
599 3114 755 3163 yrave
798 3103 892 3144 aut
932 3096 1207 3145 imminens
1224 3092 1540 3164 periculum.
1622 3093 1679 3145 Si
1722 3091 1919 3143 mulier
1945 3108 2172 3159 gravem

289 3184 440 3235 litem
469 3202 633 3253 super
673 3186 1019 3235 successione
1048 3183 1320 3235 bonorum
1363 3184 1549 3252 magni
1581 3182 1844 3234 momenti
1887 3181 2171 3245 sustineat,

288 3292 465 3343 neque
522 3273 678 3325 adest
735 3273 889 3340 alius,
951 3275 1044 3343 qui
1099 3273 1250 3324 litem
1304 3272 1624 3324 huiusmodi
1682 3273 1739 3323 in
1795 3289 1852 3322 se
1909 3270 2174 3338 suscipiat

449 3498 474 3548 ¹)
511 3497 553 3539 S.
591 3497 960 3539 Poem'tenlim‘ia
995 3498 1034 3539 ὃ.
1069 3511 1165 3551 apr.
1204 3497 1330 3539 1902.
