2269 3898
270 158 357 202 100
807 155 858 198 ΙΙ.
893 155 961 197 De
992 152 1175 197 actibus
1207 153 1266 197 ad
1298 154 1436 197 finem
1469 153 1607 209 aptis.

269 293 484 335 ficantem
528 288 748 333 manserit
789 288 839 331 in
880 287 1115 343 Christ01).
1179 287 1373 342 Insuper
1417 288 1562 330 solum
1606 286 1728 329 filios
1768 290 1902 330 vocat
1947 286 2148 342 heredes,

268 366 298 409 i.
335 379 371 409 e.
405 365 708 408 hereditatem
742 376 832 405 non
865 365 1079 415 meretur,
1126 362 1216 406 nisi
1261 362 1338 417 qui
1379 361 1505 405 filius
1539 361 1601 405 sit
1634 374 1713 416 per
1745 360 1947 416 gratiam
1986 360 2149 404 sancti-

269 437 541 494 fieantem2).
608 452 640 481 c.
684 438 746 480 Et
789 450 897 480 sane
942 436 979 479 si
1021 437 1177 480 meriti
1221 451 1364 492 capax
1415 439 1548 492 esset,
1593 436 1668 491 qui
1709 448 1800 478 non
1834 435 1986 478 estin
2019 438 2149 478 statu

269 514 461 569 gratiae,
495 512 662 567 aliquis
695 512 832 555 simul
865 512 990 555 vitae
1024 516 1070 556 et
1103 511 1266 554 mortis
1299 514 1512 555 aeternae
1538 509 1706 565 dignus
1739 522 1835 552 esse
1867 512 2034 564 posset.
2079 509 2149 551 In-

269 601 402 643 super
433 587 686 643 praemium
721 590 791 630 est
823 586 988 629 bonum
1024 585 1259 641 proprium
1295 585 1495 629 filiorum
1529 585 1626 639 Dei,
1671 598 1771 627 cum
1814 583 1876 626 sit
1918 581 2150 627 hereditas

267 664 468 706 filiorum
502 661 586 705 Dei
620 674 699 716 per
731 660 1050 715 adoptionem;
1101 661 1178 704 sed
1223 661 1369 704 solum
1410 673 1490 715 per
1538 658 1739 715 gratiam
1774 658 1908 701 homo
1943 659 2151 700 elevatur

268 739 327 782 ad
349 741 524 781 statum
551 736 751 780 filiorum
775 736 883 787 Dei;
919 749 1055 790 opera
1091 749 1197 791 ergo
1231 739 1362 778 extra
1396 739 1569 779 statum
1605 733 1785 790 gratiae
1815 735 1942 777 facta
1972 733 2149 776 nullam

268 813 606 870 proportionem
640 810 810 854 habent
841 811 896 854 ad
932 810 1200 866 praemium.

419 962 512 1016 85.
567 960 891 1029 Complures
931 959 1175 1027 theologi
1218 959 1445 1029 insuper
1484 960 1733 1027 exigunt,
1789 966 1850 1009 ut
1902 976 2039 1027 opus
2081 958 2150 1008 sit

270 1073 334 1105 eoe
374 1054 597 1104 caritate
623 1050 866 1120 factum:
923 1067 1051 1100 nam
1099 1050 1216 1100 sine
1259 1051 1487 1100 caritate
1528 1067 1631 1100 1166
1670 1048 1809 1100 fides
1851 1066 1956 1099 nec
1997 1046 2151 1099 aliud

271 1162 408 1213 opus
446 1141 654 1193 bonum
690 1138 1075 1208 qualecunque
1111 1138 1283 1189 ullum
1304 1138 1548 1190 valorem
1573 1156 1756 1189 coram
1774 1138 1894 1189 Deo
1919 1135 2150 1204 habetss).

272 1231 562 1297 Quomodo
605 1237 788 1281 autem
830 1247 966 1297 opus
998 1246 1068 1279 ex
1099 1229 1327 1279 caritate
1353 1227 1652 1298 procedere
1681 1226 1896 1294 debeat,
1941 1235 2001 1278 ut
2042 1244 2147 1278 me-

267 1323 519 1373 ritorium
549 1338 666 1371 esse
692 1319 879 1388 possit,
924 1337 1034 1369 non
1078 1336 1267 1370 omnes
1310 1317 1505 1369 eadem
1546 1319 1759 1369 ratione
1797 1315 2147 1387 exponunt4).

421 1440 461 1468 a.
515 1424 608 1467 Alii
647 1423 717 1466 ita
760 1422 1006 1477 explicant,
1054 1426 1107 1465 ut
1153 1422 1237 1465 soli
1282 1427 1412 1466 actus
1454 1421 1597 1465 eliciti
1638 1421 1848 1465 caritatis
1882 1424 1928 1465 et
1961 1424 2091 1464 actus
2124 1434 2152 1463 a

270 1501 464 1545 caritate
494 1497 725 1554 imperati,
760 1497 835 1552 qui
871 1510 1031 1551 nempe
1068 1510 1121 1539 ex
1154 1496 1327 1539 motivo
1362 1496 1571 1540 caritatis
1605 1497 1848 1540 actualiter
1881 1497 1954 1540 vel
1985 1496 2149 1539 saltem

270 1574 529 1618 virtualiter
560 1573 608 1616 in
641 1573 787 1615 Deum
832 1571 1116 1625 ordinentur,
1163 1571 1386 1614 merit-orii
1421 1571 1528 1617 sint.
1591 1572 1654 1614 Hi
1687 1585 1793 1627 ergo
1839 1572 1898 1614 ad
1933 1571 2149 1614 meritum

269 1649 571 1693 intentionem
617 1647 779 1690 saltem
824 1645 1071 1689 virtualem
1119 1646 1329 1701 exigunt,
1378 1660 1466 1700 qua
1510 1659 1644 1701 opera
1677 1646 1831 1690 omnia
1865 1659 1918 1689 ex
1954 1645 2150 1689 caritate

268 1725 316 1767 in
349 1725 495 1767 Deum
529 1722 810 1766 ordinentur.
875 1721 1161 1775 Argumento
1212 1734 1266 1763 ex
1305 1724 1472 1764 natura
1511 1720 1576 1763 rei
1621 1721 1828 1764 desumto
1870 1721 1987 1764 hanc
2020 1733 2149 1763 suam

272 1798 546 1843 sententiam
580 1797 628 1840 in
668 1797 788 1839 hunc
839 1796 1022 1838 modum
1073 1796 1369 1838 confirmant:
1425 1796 1482 1839 ad
1535 1796 1750 1839 meritum
1802 1797 1856 1839 de
1908 1795 2153 1850 condigno,

270 1874 388 1929 quod
437 1876 505 1916 est
551 1870 886 1914 nobilissimum
936 1870 1166 1925 meritum,
1221 1873 1350 1913 actus
1400 1883 1636 1925 supremae
1688 1873 1734 1913 et
1788 1869 2151 1925 perfectissimae

269 1947 473 2002 virtutis,
507 1959 621 2001 quae
654 1950 722 1989 est
755 1945 937 2000 caritas,
968 1944 1231 1999 requiritur.
1296 1945 1367 1987 Ad
1401 1946 1759 1989 confirmandam
1802 1959 1930 1988 suam
1975 1947 2150 1988 senten-

269 2023 383 2066 tiam
432 2022 488 2065 ad
533 2020 855 2064 auctoritatem
898 2034 935 2063 s.
973 2020 1167 2063 leomae
1199 2019 1507 2078 provocante),
1556 2034 1687 2076 quem
1727 2019 1776 2063 in
1814 2021 1935 2063 hunc
1968 2032 2149 2063 sensum

268 2098 496 2153 intelligit
529 2101 573 2140 et
608 2096 814 2151 sequitur
845 2111 880 2139 s.
916 2096 1190 2152 Alphonsns.

420 2180 457 2222 b.
491 2179 584 2222 Alii
616 2178 686 2222 ita
718 2178 964 2233 explicant,
997 2181 1051 2220 ut
1085 2183 1214 2221 actus
1250 2177 1460 2221 caritatis
1483 2181 1530 2221 et
1553 2191 1702 2233 opera,
1736 2190 1850 2233 quae
1884 2190 1962 2233 per
1994 2181 2148 2221 actum

269 2254 478 2299 caritatis
511 2253 809 2296 habitualiter
839 2252 888 2295 in
921 2253 1067 2296 Deum
1106 2252 1389 2307 ordinentur,
1422 2252 1646 2296 meritorii
1680 2252 1788 2296 sint.
1854 2252 1916 2295 Hi
1950 2265 2057 2307 ergo
2090 2252 2149 2301 ad

269 2330 483 2373 meritum
515 2328 818 2371 intentionem
851 2327 1135 2371 habitualem
1171 2327 1378 2383 exigunt,
1412 2341 1502 2382 qua
1524 2341 1659 2382 opera
1682 2327 1834 2370 omnia
1867 2340 1921 2370 ex
1954 2327 2149 2370 caritate

268 2406 316 2448 in
350 2406 494 2448 Deum
529 2403 809 2448 ordinentur.
859 2402 923 2445 Ut
955 2403 1062 2446 111116
1095 2401 1349 2446 condicioni
1382 2402 1600 2457 satisfiat,
1632 2400 1897 2457 requiritur,
1931 2406 1985 2444 ut
2017 2404 2150 2444 actus

270 2479 478 2523 caritatis
520 2478 775 2533 praecedat,
822 2490 1055 2532 nunquam
1104 2490 1184 2532 per
1227 2476 1502 2532 subsequens
1541 2479 1776 2531 peccatum
1812 2489 1953 2531 grave
1984 2479 2147 2519 retrac-

268 2558 396 2597 tatus
426 2553 570 2597 fuerit
603 2556 648 2596 et
680 2556 735 2595 ut
766 2552 905 2596 toties
938 2556 1195 2606 renovetur,
1230 2551 1406 2606 quoties
1429 2555 1566 2606 urget
1596 2555 1890 2606 praeceptum
1916 2550 2149 2602 caritatis;

269 2630 352 2672 hac
388 2628 566 2672 ratione
609 2627 760 2671 onmia
794 2640 928 2682 opera
961 2639 1015 2669 ex
1052 2626 1311 2669 intentione
1343 2625 1553 2669 caritatis
1585 2625 1888 2669 habitualiter
1919 2625 1968 2669 in
2001 2626 2147 2668 Deum

268 2704 414 2747 relata
447 2706 698 2746 censentur.
762 2701 951 2745 Patroni
984 2700 1119 2744 huius
1161 2701 1417 2744 sententiae
1459 2701 1517 2744 ad
1556 2715 1592 2743 5.
1632 2701 1843 2744 Ἠῑοηιαιη
1883 2703 2149 2756 provocant,

272 2791 404 2832 quem
437 2777 486 2819 in
518 2778 637 2819 hunc
671 2789 851 2820 sensum
884 2776 1240 2831 intelligendum
1274 2789 1369 2819 esse
1401 2775 1623 2831 putantG).

418 2873 451 2902 c.
500 2858 594 2901 Alii
628 2860 813 2902 tandem
845 2858 914 2902 ita
947 2858 1196 2914 explicant,
1231 2863 1285 2901 ut
1317 2861 1448 2901 actus
1487 2857 1697 2901 caritatis
1730 2861 1778 2901 et
1811 2857 1965 2900 omnia
1998 2870 2147 2912 opera,

271 2946 385 2988 quae
418 2934 667 2988 procedunt
701 2947 755 2976 ex
788 2933 981 2977 caritate
1013 2933 1241 2976 habituali
1275 2946 1352 2976 seu
1386 2946 1439 2976 ex
1472 2932 1635 2976 habitu
1667 2931 1891 2987 caritatiS,
1935 2931 2011 2986 qui
2044 2944 2145 2974 cum

426 3081 455 3136 ¹)
486 3082 609 3124 Ioan.
646 3082 715 3136 15,
748 3083 790 3124 4.

417 3156 453 3211 2)
484 3157 614 3199 Rom.
648 3156 689 3210 8,
725 3156 779 3199 16
813 3170 870 3199 55.

420 3229 454 3284 3)
490 3231 530 3273 1.
564 3230 661 3276 Cor.
697 3230 766 3285 13,
801 3231 929 3273 1—3.

419 3304 452 3360 4)
488 3305 554 3348 Cf.
590 3304 806 3362 Selziffini
836 3306 864 3347 1.
899 3318 932 3348 c.
967 3319 1011 3348 11.
1046 3305 1133 3348 361
1167 3318 1222 3348 55.

419 3378 452 3432 5)
483 3378 669 3422 Summa
701 3379 742 3436 {L
776 3378 828 3421 II.
863 3393 903 3433 q.
939 3379 1038 3422 100.
1083 3393 1121 3422 6.
1159 3380 1214 3422 10
1247 3380 1305 3422 ad
1338 3379 1377 3422 ⁴2.
1409 3379 1477 3422 De
1508 3378 1615 3423 virt.
1655 3392 1697 3434 q.
1730 3378 1770 3423 2.
1805 3391 1843 3421 6.
1883 3378 1952 3420 11.
1987 3377 2045 3420 6(1
2078 3378 2145 3429 3.;

269 3452 308 3495 2.
345 3452 450 3496 dist.
484 3454 555 3495 40.
590 3467 630 3508 q.
665 3454 705 3499 1.
740 3467 780 3497 6.
813 3454 852 3497 5.
889 3458 934 3497 et
967 3454 1025 3497 ad
1059 3455 1099 3497 6.

421 3526 454 3582 ⁶)
488 3527 554 3570 De
586 3528 706 3571 malo
739 3542 779 3583 q.
814 3529 855 3571 2.
889 3542 927 3572 a.
962 3528 1002 3574 5.
1036 3529 1095 3572 ad
1129 3528 1221 3580 10.;
1257 3529 1298 3574 2.
1334 3528 1439 3572 dist.
1473 3529 1544 3572 40.
1579 3542 1619 3583 q.
1656 3530 1693 3574 1.
1728 3542 1766 3571 a.
1801 3527 1841 3571 ὗ.
1876 3527 1934 3570 6(1
1967 3526 2007 3569 6.
