2269 3898
234 123 319 167 102
762 119 823 163 II.
857 121 924 163 De
956 119 1137 164 actibus
1170 119 1230 163 ad
1261 120 1400 163 finem
1433 118 1569 174 aptis.

232 257 381 312 ipsum
416 256 534 300 enim
569 255 816 310 quaeritur,
847 257 1005 297 utrum
1038 266 1267 296 summum
1301 253 1514 296 meritum
1542 253 1596 297 de
1619 253 1844 309 condigno
1867 255 2012 298 solum
2034 268 2109 299 no-

233 331 482 375 bilissimae
504 330 670 374 virtuti
703 328 926 384 caritatiS,
959 342 1017 372 an
1042 327 1182 371 etiam
1208 327 1313 372 aliis
1336 327 1591 372 conveniat.
1630 327 1839 371 Secunda
1862 329 2110 385 sententia,

234 410 548 461 praeterquam
583 405 700 459 quod
733 404 791 447 ad
823 403 1039 447 meritum
1084 403 1392 446 condicionem
1436 404 1658 458 postulat,
1700 417 1835 458 quam
1869 403 2109 447 concilium

233 479 535 523 tridentinum
570 493 660 522 non
693 478 855 533 exigit,
888 478 979 521 alia
1009 491 1100 521 non
1132 477 1220 521 levi
1259 477 1539 521 difficultate
1571 477 1809 533 premitur.
1856 477 2110 533 Fingamus

233 568 421 610 puerum
455 554 503 597 in
534 552 737 596 infantia
768 552 1073 608 baptizatum,
1121 553 1213 607 qui,
1256 557 1498 608 postquam
1532 553 1590 596 ad
1621 566 1755 596 usum
1788 552 1982 596 rationis
2017 566 2110 608 per-

232 629 375 684 venit,
407 629 465 672 ad
499 626 826 683 obligationem
859 627 1069 671 eliciendi
1103 630 1256 670 actum
1292 626 1502 670 caritatis
1533 641 1624 670 non
1656 627 1876 683 advertit,
1919 628 2111 683 ideoque

232 718 311 759 per
348 703 552 751 notabile
595 706 775 758 tempus
821 702 870 745 in
911 705 1039 746 statu
1082 701 1262 757 gratiae
1304 701 1422 744 bona
1463 714 1597 756 opera
1638 701 1767 756 facit,
1812 702 1921 756 quin
1954 705 2109 745 actum

233 779 442 823 caritatis
474 777 703 829 elicuerit;
746 778 819 820 vel
851 777 1079 832 adultum,
1124 776 1202 831 qui
1235 790 1314 832 per
1347 776 1635 820 attritionem
1681 780 1727 820 et
1771 780 2109 821 sacramentum

233 853 543 909 poenitentiae
573 852 854 896 iustificatus
886 851 934 895 in
967 851 1122 907 gratia
1153 851 1287 906 vivit,
1322 851 1431 906 quin
1463 855 1616 894 actum
1651 851 1874 907 caritatis,
1906 853 2109 895 nondum

232 934 427 985 urgente
457 931 711 984 praecepto,
744 927 916 979 eliciat;
956 928 1029 970 vel
1063 927 1249 970 tandem
1282 926 1510 970 hominem
1542 926 1733 981 iustum,
1765 927 1842 981 qui
1875 940 1955 982 per
1985 930 2110 971 nota-

233 1004 324 1048 bile
355 1008 537 1059 tempus
568 1017 622 1047 ex
653 1002 995 1046 inadvertentia
1026 1006 1180 1045 actum
1214 1001 1438 1056 caritatis,
1483 1002 1662 1056 quando
1693 1001 1785 1044 iam
1818 1005 1955 1056 urget
1988 1015 2110 1056 prae-

235 1082 430 1134 ceptum,
462 1090 679 1121 renovare
712 1076 1068 1132 praetermittit:
1103 1077 1184 1119 hos
1218 1090 1371 1119 omnes
1404 1080 1503 1120 toto
1535 1076 1618 1119 hoc
1650 1080 1854 1131 tempore
1884 1075 2002 1118 nihil
2025 1088 2111 1119 me-

234 1153 322 1196 reri
355 1166 484 1208 posse
516 1156 620 1207 post
652 1151 890 1195 concilium
925 1151 1232 1195 tridentinum
1266 1151 1345 1194 vix
1377 1151 1480 1205 erit,
1515 1151 1593 1208 qui
1627 1151 1889 1198 contendat,

388 1304 536 1347 Nota.
580 1302 626 1346 Si
658 1302 768 1345 haec
800 1301 1030 1345 sententia
1068 1314 1159 1344 non
1193 1304 1311 1344 esset
1345 1303 1488 1354 certa,
1520 1300 1576 1344 ab
1608 1300 1791 1344 homine
1812 1300 1934 1344 iusto
1959 1299 2111 1344 crebro

235 1377 481 1421 eliciendae
513 1381 664 1422 essent
693 1376 974 1420 intentiones
1008 1377 1382 1432 supernaturales
1406 1375 1674 1431 praesertim
1708 1388 1762 1419 ex
1795 1375 1969 1419 motivo
2003 1375 2111 1419 cari-

236 1453 369 1497 tatis:
419 1452 496 1496 ubi
538 1452 658 1497 enim
702 1452 860 1507 agitur
906 1452 959 1495 de
999 1450 1338 1494 condicionibus
1371 1451 1428 1494 ad
1462 1450 1678 1494 meritum
1712 1449 1961 1505 requisitis,
1994 1449 2113 1493 nihil

234 1526 368 1571 iuvat
416 1527 1003 1589 OpiQiQEQS*,E‡9„b-Qiili}ffi
1051 1527 1129 1570 sed
1177 1527 1273 1569 sola
1319 1526 1503 1569 veritas.
1568 1526 1733 1569 Verum
1780 1525 1920 1569 etiam
1970 1514 2138 1568 ss‘Ti'Zsv

236 1587 627 1647 veriffit‘ffharum
661 1602 992 1647 sententiarum
1025 1616 1114 1645 non
1148 1602 1210 1645 sit
1244 1601 1563 1656 dubitandum,
1586 1601 1744 1644 fideles
1767 1600 1890 1655 aptis
1923 1599 2113 1643 motivis

235 1677 485 1721 inducandi
540 1680 647 1720 sunt
689 1678 747 1721 ad
797 1677 1075 1733 operandum
1120 1691 1174 1720 ex
1216 1676 1553 1720 intentionibus
1599 1675 1947 1731 perfectissimis
1988 1687 2112 1730 prae-

238 1752 395 1796 sertim
430 1752 638 1796 caritatis
669 1754 932 1807 frequenter
961 1752 1217 1796 renovatis:
1264 1766 1350 1807 quo
1384 1751 1626 1807 perfectior
1659 1751 1778 1795 enim
1812 1754 1882 1794 est
1914 1749 2113 1793 intentio

236 1827 434 1883 agentis,
467 1841 516 1871 eo
550 1828 698 1872 maius
731 1832 800 1871 est
832 1828 1047 1872 meritum
1081 1826 1289 1871 actionis.
