2269 3898
254 167 337 209 1-22
982 163 1065 205 ΠΙ.
1100 163 1172 205 De
1203 161 1396 215 legibus.

402 300 659 343 lurisdictio
709 296 1013 342 ecclesiastica
1058 295 1367 351 distinguitur
1408 309 1434 338 a
1477 295 1608 350 civili,
1658 308 1771 350 quae
1810 298 1878 338 est
1920 299 2125 350 potestas

253 375 440 430 regendi
491 374 608 416 cives
659 373 706 415 111
740 371 896 414 ordine
934 371 991 414 ad
1025 382 1260 413 commune
1304 369 1469 413 bonum
1503 370 1764 424 temporale.
1827 369 1951 413 Haec
1982 370 2125 412 solum

252 451 299 493 in
331 451 428 492 foro
462 452 660 501 externo,
693 446 775 489 illa
806 446 854 488 in
886 447 984 488 foro
1018 449 1203 488 externo
1237 448 1283 487 et
1313 444 1493 488 interno
1525 448 1771 487 exercetur.

405 539 452 591 2.
492 536 808 589 Iurisdictio
852 535 1112 586 dividitur
1130 555 1145 586 .·
1196 554 1246 586 α,
1289 536 1350 585 In
1384 536 1682 604 propriam,
1726 552 1866 603 quae
1907 534 2137 584 1101111116

253 629 491 697 proprio,
531 634 587 681 ,et
627 625 899 686 vicariam,
945 643 1085 693 quae
1129 625 1354 675 nomine
1397 624 1577 675 alieno
1621 631 1926 676 exercetur.

401 716 472 759 Sic
516 728 718 758 summus
761 713 970 769 pontifex
1018 712 1382 756 iurisdictionem
1433 713 1661 768 propriam
1710 716 1900 764 exercet,
1950 711 2130 766 quan'do

251 794 374 847 leges
416 792 522 845 fert,
570 790 618 832 in
650 788 828 844 legibus
862 802 889 831 a
922 801 967 831 se
1006 787 1116 830 latis
1159 787 1394 843 dispensat
1438 792 1483 831 et
1521 787 1680 830 fideles
1715 786 2028 841 delinquentes
2061 799 2130 828 ex-

254 865 571 919 communicat,
614 868 662 907 at
695 862 1056 906 iurisdictionem
1098 862 1316 905 vicariam
1357 866 1548 916 exercet,
1597 862 1775 916 quando
1818 860 2052 916 dispensat
2083 859 2133 902 in

253 942 389 991 votis,
421 938 691 983 iuramentis
725 943 771 981 et
803 936 1094 980 matrimonio
1127 940 1242 990 1610,
1275 936 1381 990 quia
1415 949 1469 979 ex
1501 935 1687 991 speciali
1712 935 1796 979 Dei
1819 933 2133 978 commissione

252 1015 433 1059 nomine
457 1013 541 1057 Dei
565 1012 678 1067 agit.
713 1012 820 1055 Pari
854 1012 986 1054 modo
1010 1011 1245 1066 episcopus
1278 1010 1642 1054 iurisdictionem
1676 1009 1905 1065 propriam
1939 1011 2131 1062 exercet,

254 1091 290 1134 si
323 1091 469 1145 legem
503 1090 592 1131 fert
628 1092 673 1131 et
705 1087 753 1129 111
786 1086 971 1141 propria
1003 1087 1104 1140 lege
1139 1085 1390 1140 dispensat,
1437 1091 1487 1128 at
1518 1085 1880 1128 iurisdictionem
1913 1083 2131 1126 vicariam

255 1168 445 1218 exercet,
480 1163 516 1206 si
551 1164 598 1205 in
632 1163 732 1216 lege
764 1159 915 1204 aliena
963 1173 997 1203 e.
1033 1172 1077 1214 g.
1110 1159 1158 1202 in
1190 1160 1291 1214 lege
1333 1159 1585 1202 universali
1630 1159 1842 1203 ecclesiae
1885 1157 2133 1212 dispensat.

407 1253 449 1305 b.
495 1252 560 1303 In
604 1250 957 1315 ordinariam,
1003 1268 1142 1318 quae
1187 1250 1241 1299 vi
1284 1251 1490 1318 proprii
1528 1250 1790 1309 muneris,
1834 1256 1888 1301 et
1916 1249 1971 1299 in
2001 1247 2135 1298 clele-

252 1351 443 1411 ι(μιτεωη,
488 1358 628 1410 quae
671 1358 739 1390 ex
781 1337 1009 1408 speciali
1054 1339 1444 1390 commissione
1476 1341 1613 1405 61113,
1658 1341 1752 1408 qui
1794 1337 2132 1389 ordinariam

256 1430 440 1494 habet,
484 1429 651 1481 alicui
696 1429 973 1497 competit.

404 1535 444 1562 α.
477 1518 741 1562 Iurisdictio
776 1517 1006 1561 ordinaria
1041 1517 1235 1573 duplicis
1285 1517 1465 1573 generis
1500 1527 1583 1573 est,
1622 1518 1767 1561 altera
1807 1530 1921 1571 quae
1954 1530 2008 1560 ex
2037 1517 2136 1571 ipso

255 1608 439 1638 munere
462 1594 582 1648 fluit,
606 1594 752 1637 altera
775 1605 887 1647 quae
910 1592 1087 1636 muneri
1111 1592 1414 1636 habitualiter
1432 1606 1609 1636 annexa
1631 1596 1720 1637 est:
1754 1592 1836 1635 illa
1869 1591 2139 1646 simpliciter

255 1668 499 1720 ordinaria,
533 1669 642 1710 haec
674 1667 730 1710 ab
755 1667 858 1710 aliis
883 1666 1126 1722 ordinaria,
1160 1667 1216 1710 ab
1239 1667 1343 1710 aliis
1367 1681 1472 1711 vero
1507 1667 1900 1723 quasi-ordt'naria
1934 1669 2136 1709 vocatur.

408 1744 445 1792 ,3.
481 1742 721 1786 Ordinaria
754 1755 854 1784 cum
888 1741 987 1797 ipso
1021 1754 1205 1785 munere
1237 1742 1521 1795 conceditur3
1557 1741 1958 1797 quasi-ordinaria
1990 1740 2138 1784 tribus

255 1817 400 1861 modis
433 1816 604 1871 acquiri
628 1820 796 1871 potest:
835 1816 890 1858 ab
912 1816 1090 1858 homine
1122 1816 1150 1858 i.
1177 1829 1212 1858 e.
1246 1829 1325 1871 per
1347 1817 1676 1860 concessionem
1703 1816 1869 1860 summi
1893 1814 2135 1871 principis;

256 1907 280 1935 ιι
315 1894 411 1949 leffe
444 1905 522 1936 seu
555 1904 745 1942 canone;
781 1905 807 1932 a
842 1890 1163 1934 consuetudine
1194 1890 1405 1945 legitime
1437 1891 1732 1946 praescripta.

404 1982 445 2019 γ.
480 1967 636 2010 Omnis
673 1964 930 2008 iurisdictio
955 1965 1169 2020 delegata
1191 1965 1362 2009 vicaria
1384 1971 1467 2021 est,
1504 1966 1611 2021 quia
1640 1965 1823 2009 nomine
1845 1964 1992 2009 alieno
2015 1977 2133 2008 exer-

257 2052 402 2096 cetur3
437 2043 513 2085 sed
546 2055 635 2084 non
669 2040 814 2084 omnis
847 2040 1105 2084 iurisdictio
1139 2040 1311 2084 vicaria
1345 2041 1573 2096 delegata,
1604 2054 1684 2084 nec
1709 2039 1854 2083 omnis
1876 2038 2134 2082 iurisdictio

257 2117 486 2160 ordinaria
509 2116 691 2171 propria
717 2120 808 2159 est:
845 2114 991 2158 omnis
1007 2111 1136 2158 'enim
1161 2115 1420 2159 iurisdictio
1455 2116 1621 2159 summi
1648 2114 1881 2171 pontificis
1904 2113 2134 2157 ordinaria

258 2199 340 2247 est,
369 2198 531 2247 utpote
560 2205 614 2234 ex
643 2191 738 2234 eius
766 2203 951 2234 munere
979 2191 1140 2245 fluens,
1173 2194 1224 2234 at
1249 2205 1339 2234 non
1372 2191 1518 2234 omm's
1546 2190 1642 2234 eius
1666 2189 1924 2234 iurisdictio
1952 2188 2136 2244 propria

259 2272 348 2320 est-3
380 2267 492 2310 item
515 2265 772 2309 iurisdictio
797 2265 1026 2308 ordinaria
1050 2265 1248 2320 episcopi
1272 2266 1456 2321 propria
1479 2269 1563 2321 est,
1597 2265 1704 2320 quia
1736 2264 1918 2320 proprio
1949 2263 2132 2307 nomine

260 2346 506 2396 exercetur,
527 2340 903 2395 quasi-ordinaria
920 2344 1072 2383 autem
1091 2340 1262 2383 vicaria
1280 2344 1363 2395 est,
1387 2340 1493 2395 quia
1514 2340 1663 2384 alieno
1685 2339 1867 2383 nomine
1890 2342 2135 2382 exercetur.

410 2453 449 2483 c.
503 2432 569 2483 In
621 2429 995 2495 voluntariam,
1054 2449 1194 2500 quae
1249 2432 1366 2481 sine
1408 2434 1587 2482 forma
1629 2428 1880 2480 iudiciali
1925 2437 1978 2480 et
2017 2446 2132 2497 pro-

259 2521 387 2573 inde
429 2539 645 2590 semper
685 2521 741 2571 in
785 2519 1034 2572 volentes
1076 2528 1379 2586 exercetur,
1436 2526 1495 2569 ut
1546 2518 1607 2569 fit
1659 2519 1716 2570 in
1771 2517 2134 2583 absolutione,

260 2612 701 2681 clispensatione3
757 2617 809 2661 et
852 2610 1249 2671 contentiosa-m,
1294 2627 1435 2678 quae
1477 2609 1534 2659 in
1576 2607 1752 2660 forma
1794 2607 2044 2659 iudiciali
2086 2615 2140 2658 et

262 2700 493 2769 proinde
535 2701 700 2751 etiam
743 2700 801 2750 in
843 2700 1050 2750 invitos
1092 2708 1397 2764 exercetur,
1454 2706 1515 2748 ut
1569 2699 1613 2749 si
1654 2715 1780 2749 reus
1822 2699 1878 2748 in
1921 2697 2007 2748 ius
2048 2714 2137 2747 vo-

261 2798 415 2841 catur
457 2797 508 2840 et
548 2790 792 2858 punitur.

407 2878 669 2921 Iurisdictio
718 2877 973 2920 voluntaria
1022 2877 1161 2920 etiam
1206 2881 1336 2921 extra
1379 2877 1611 2932 proprium
1656 2875 1938 2920 territorium
1986 2875 2138 2919 valide

260 2958 305 2997 et
338 2953 602 3008 plerumque
635 2953 772 2995 etiam
806 2952 933 2995 licite
965 2955 1212 3006 exercetur,
1257 2952 1363 3006 quia
1394 2952 1452 2995 ad
1486 2951 1621 2995 huius
1654 2951 1922 2995 exercitium
1953 2964 2044 2993 non
2075 2963 2137 2993 re-

261 3027 459 3083 quiritur
482 3026 702 3081 strepitus
736 3040 813 3069 seu
845 3039 1077 3081 processus
1100 3025 1351 3077 iudicialis‚·
1387 3025 1643 3069 iurisdictio
1677 3029 1830 3069 autem
1864 3023 2138 3068 contentiosa

261 3101 454 3146 exerceri
498 3114 588 3143 non
629 3106 781 3156 potest
830 3106 960 3144 extra
993 3100 1225 3155 proprium
1259 3100 1543 3143 territorium
1587 3100 1683 3144 sine
1723 3112 1941 3143 consensu
1971 3097 2136 3142 iudicis

260 3176 386 3219 illius
417 3174 504 3218 loci
538 3180 584 3218 et
616 3175 818 3230 partium
852 3175 1241 3219 contendentium.

410 3251 459 3302 d.
513 3249 580 3301 In
636 3250 1079 3302 iurisdictionem
1130 3250 1247 3317 fori
1301 3251 1515 3316 interni,
1571 3268 1712 3319 quae
1765 3249 2026 3319 primario
2085 3257 2138 3298 et

265 3339 468 3391 directe
531 3339 740 3390 bonum
801 3340 1082 3408 privatum
1146 3340 1373 3408 respicit
1431 3347 1482 3390 et
1537 3338 1786 3390 fidelium
1842 3336 2137 3389 relationes

264 3429 496 3480 morales
539 3429 609 3480 ad
650 3430 834 3480 Deum
876 3428 1126 3495 ordinat3
1186 3436 1239 3479 et
1279 3428 1720 3480 iurisdictionem
1747 3427 1872 3496 fori
1912 3427 2130 3491 eoeterni,

264 3536 404 3587 quae
445 3518 708 3587 primario
751 3526 803 3569 et
844 3518 1050 3570 directe
1093 3518 1164 3569 ad
1206 3517 1414 3569 bonum
1457 3535 1748 3569 commune
1803 3516 2038 3567 refertur
2085 3528 2139 3566 et
