2269 3898
280 132 338 175 50
1018 124 1085 166 De
1116 122 1422 166 matrimonio.

281 263 490 307 iustitiae
521 261 657 317 parit.
724 259 905 309 Gravis,
938 256 1045 311 quia
1078 256 1302 299 obiectum
1336 259 1597 298 contractus
1621 260 1690 298 est
1715 268 1794 298 res‘
1807 255 1964 310 gravis
1987 254 2160 299 scilicet

282 336 639 381 matrimonium.
702 332 775 375 Ad
795 331 1133 373 matrimonium
1156 334 1252 384 aut,
1286 330 1322 372 si
1357 329 1531 373 iniuste
1553 343 1580 373 a
1611 329 1897 384 sponsalibus
1919 329 2161 384 receditur,

283 411 444 454 saltem
478 409 534 451 ad
567 406 869 462 reparandum
904 405 1136 459 damnum,
1171 405 1290 459 quod
1323 416 1378 447 ex
1411 404 1638 447 solutione
1669 403 1846 447 iniusta
1878 409 2030 447 ortum
2075 408 2162 452 est.

283 485 450 526 Postea
483 482 512 524 i.
548 495 582 526 e.
617 486 820 535 tempore
870 479 1189 532 determinato,
1242 479 1280 521 si
1330 478 1449 532 quod
1496 478 1544 520 in
1592 481 1833 521 contractu
1881 478 2161 533 sponsalium

283 556 577 613 praefinitum
612 560 695 609 est,
728 561 809 598 aut
844 554 881 597 si
914 554 1092 596 nullum
1128 552 1373 595 definitum
1406 552 1514 606 fuit,
1548 552 1727 607 quando
1767 566 1860 595 una
1881 565 1987 607 pars
2009 552 2163 595 matri—

284 631 484 675 monium
518 629 856 673 rationabiliter
888 629 1109 684 postulat.
1175 626 1323 680 Quare
1356 627 1702 670 matrimonium
1736 627 1861 669 ultra
1891 625 1941 669 id
1983 629 2165 680 tempus

283 706 380 749 sine
411 706 536 748 iusta
568 718 704 748 causa
735 703 1003 747 notabiliter
1038 703 1235 756 differre,
1269 706 1504 756 peccatum
1538 715 1679 757 grave
1711 706 1794 745 est.

435 781 470 822 b.
506 778 791 834 Obligationi
838 778 1078 832 utriusque
1126 776 1279 832 sponsi
1323 775 1621 820 contrahendi
1670 789 1770 818 cum
1819 776 1963 818 alt-ero
2012 773 2166 817 matri-

284 854 486 898 monium
534 854 582 897 in
625 858 817 908 utroque
854 852 1098 908 respondet
1133 851 1230 897 ,ius
1278 851 1493 906 exigendi
1540 851 1595 894 ab
1645 852 1788 894 altero
1837 864 1916 894 suo
1964 854 2168 905 tempore

285 928 643 972 matrimonium.
708 928 810 971 Ideo
845 942 885 969 α.
920 940 1009 970 11011
1041 926 1149 969 licet
1181 925 1352 981 iuveni,
1386 925 1464 980 qui
1498 925 1730 980 sponsalia
1752 928 2043 968 contraxerat
2066 937 2167 967 cum

284 1004 450 1059 puella,
483 1003 598 1046 hanc
630 1002 745 1046 citra
784 1001 1000 1045 iniuriam
1043 1000 1366 1055 derelinquere,
1413 1006 1469 1044 ut
1512 999 1651 1043 aliam
1698 999 1835 1042 ducat
1876 999 1925 1041 in
1966 1011 2169 1053 uxorem,

286 1077 372 1121 etsi
417 1090 514 1120 eam
555 1076 841 1119 abundanter
886 1076 1042 1119 dotare
1087 1075 1220 1118 velit:
1266 1088 1372 1117 nam
1417 1087 1584 1129 sponsa
1626 1073 1778 1128 ipsum
1822 1072 2169 1116 matrimonium

286 1152 383 1194 iure
417 1165 495 1194 suo
529 1151 710 1206 exigere
743 1156 909 1205 potest.
976 1151 1014 1199 13.
1048 1150 1210 1192 Potest
1243 1149 1480 1204 episcopus
1523 1154 1758 1203 tamquam
1806 1147 1945 1191 iudex
1991 1147 2040 1190 in
2087 1148 2172 1191 hac

290 1240 337 1270 re
371 1232 629 1280 competens
663 1239 779 1279 eum,
829 1224 904 1279 qui
939 1224 1095 1267 valida
1143 1223 1376 1279 sponsalia
1423 1223 1615 1278 implere
1663 1228 1859 1275 recusat,
1907 1221 1996 1265 nisi
2046 1221 2172 1265 adsit

288 1300 411 1343 iusta
443 1299 675 1343 resiliendi
709 1313 858 1354 causa,
892 1299 1031 1342 etiam
1066 1298 1240 1342 additis
1274 1298 1476 1341 censuris
1509 1297 1792 1352 compellere,
1826 1302 1881 1339 ut
1914 1300 2064 1340 servet
2100 1296 2171 1339 da-

289 1382 384 1417 tam
418 1374 570 1417 fidem.
633 1374 687 1416 In
720 1373 850 1428 praxi
884 1379 1039 1416 tamen
1083 1386 1183 1416 raro
1232 1372 1432 1428 expedit,
1479 1378 1534 1414 ut
1583 1370 1736 1426 sponsi
1787 1374 2011 1426 cogantur
2057 1370 2174 1414 inire

290 1448 656 1503 matrimonium,
711 1448 817 1502 quia
869 1447 1091 1491 eiusmodi
1145 1447 1441 1490 matrimonia
1494 1450 1650 1490 coacta
1714 1445 1943 1489 infelicem
1998 1445 2173 1489 exitum

292 1523 456 1567 habere
489 1524 649 1566 solent.

441 1612 474 1641 c.
509 1597 747 1653 Sponsalia
781 1611 830 1641 eo
864 1598 981 1652 quod
1017 1596 1224 1652 obligant
1259 1597 1316 1640 ad
1350 1595 1696 1639 matrimonium
1731 1602 1889 1651 postea
1912 1595 2175 1638 contrahen-

294 1673 417 1727 dum,
451 1672 660 1727 obligant
693 1672 832 1716 etiam
867 1672 924 1715 ad
958 1672 1216 1715 omittenda
1250 1671 1416 1725 omnia,
1451 1684 1565 1725 quae
1596 1671 1806 1714 futurum
1831 1669 2176 1713 matrimonium

294 1747 514 1802 impedire
547 1748 619 1790 vel
654 1747 893 1790 difficilius
926 1751 972 1790 et
1004 1747 1192 1802 gravius
1225 1746 1412 1789 reddere
1444 1749 1650 1801 possunt,
1683 1752 1729 1789 et
1755 1745 1944 1800 proinde
1966 1744 2024 1787 ad
2048 1744 2178 1787 omit-

294 1822 435 1865 tenda
467 1835 532 1876 ea,
569 1835 682 1876 quae
715 1822 836 1877 parti
871 1821 1102 1864 innocenti
1137 1834 1318 1863 causam
1353 1820 1574 1875 praebent
1604 1819 1891 1864 rescindendi
1933 1819 2178 1874 sponsalia,

293 1896 559 1951 praesertim
593 1910 697 1939 vero
731 1896 1046 1940 commercium
1082 1896 1260 1938 carnale
1294 1908 1394 1938 cum
1429 1895 1570 1938 tertia
1602 1893 1847 1950 persona1).

445 1987 494 2038 2.
532 1986 855 2038 Invalidz'tas
886 1985 1231 2056 sponsalium,
1261 2003 1401 2054 quae
1432 2003 1558 2035 cum
1585 1984 1695 2035 alia
1724 2001 1959 2053 persona
1989 1991 2181 2034 contra

299 2075 466 2127 fidem
507 2078 754 2145 priorum
797 2074 1226 2127 contrahuntur:
1284 2073 1431 2144 quod
1486 2077 1634 2125 enim
1686 2075 1741 2124 vi
1798 2073 2181 2143 promissionis

295 2167 391 2216 uni
434 2167 545 2217 iam
587 2165 834 2232 debetur,
878 2183 988 2216 non
1028 2172 1207 2234 potest
1249 2163 1405 2215 alteri
1446 2164 1711 2233 promitti.

444 2255 563 2298 Hinc
596 2255 634 2298 si
666 2255 845 2299 iuvenis
879 2268 979 2297 cum
1015 2254 1190 2297 duabus
1225 2253 1410 2297 feminis
1444 2253 1675 2308 sponsalia
1717 2253 1947 2296 contraxit
1991 2257 2038 2296 et
2080 2266 2181 2295 cum

296 2330 493 2372 secunda
527 2330 753 2385 peccavit:

448 2420 488 2450 a.
523 2406 723 2449 Tenetur
757 2406 915 2448 ducere
939 2404 1149 2460 primam,
1182 2404 1271 2447 nisi
1295 2404 1404 2447 haec
1425 2403 1523 2447 iure
1547 2416 1626 2446 suo
1653 2411 1814 2458 sponte
1848 2403 2000 2446 cedat:
2036 2401 2184 2457 prima

297 2485 417 2529 enim
443 2481 674 2538 sponsalia
696 2480 790 2523 vim
814 2493 942 2523 suam
965 2493 1055 2522 non
1078 2479 1320 2533 amittunt,
1343 2478 1429 2521 etsi
1455 2478 1747 2533 postmodum
1771 2478 1864 2521 alia
1887 2477 2180 2520 contraxerit.

298 2559 516 2614 Quocirca
550 2556 721 2612 primae
755 2567 944 2610 sponsae
981 2553 1162 2597 suaderi
1195 2558 1363 2608 potest,
1396 2556 1449 2595 ut
1481 2552 1571 2595 iuri
1606 2566 1685 2595 suo
1731 2557 1893 2608 sponte
1935 2551 2185 2605 renuntiet,

296 2636 355 2679 ad
387 2634 435 2677 id
469 2636 622 2676 autem
654 2644 744 2673 non
778 2634 977 2681 tenetur,
1011 2628 1098 2672 etsi
1131 2628 1233 2683 ipsa
1266 2628 1445 2671 nullum
1489 2628 1560 2671 vel
1604 2629 1703 2671 leve
1748 2631 1948 2682 tantum,
1990 2627 2187 2670 secunda

299 2723 403 2753 vero
439 2720 656 2762 magnum
693 2705 1021 2748 detrimentum
1057 2701 1347 2758 pateretui-2).

450 2783 486 2824 h.
521 2781 566 2825 Si
599 2780 747 2836 prima
778 2780 876 2822 iure
908 2792 987 2822 suo
1021 2781 1183 2833 sponte
1217 2769 1353 2832 cedit3
1388 2777 1568 2821 iuvenis
1601 2777 1844 2820 secundam
1871 2777 2032 2820 ducere
2066 2779 2187 2820 tene·

301 2869 391 2912 tur,
423 2870 513 2899 non
546 2855 726 2910 quidem
760 2854 806 2897 vi
841 2852 1168 2909 promissioniS,
1217 2866 1330 2907 quae
1362 2853 1492 2896 nulla
1539 2852 1647 2907 tuit,
1692 2853 1769 2895 sed
1819 2852 1877 2895 ad
1932 2851 2188 2906 reparanda

301 2934 468 2975 damna
501 2931 721 2974 secundae
752 2929 901 2984 illata,
933 2928 1011 2972 ubi
1044 2928 1153 2971 haec
1186 2927 1240 2970 ob
1264 2941 1389 2983 spem
1414 2927 1564 2971 futuri
1588 2926 1873 2971 matrimonii
1896 2926 1944 2970 in
1979 2926 2187 2982 copulam

302 3006 530 3050 consensit
563 3011 607 3048 et
641 3018 695 3047 ex
729 3017 779 3047 ea
812 3004 1007 3059 gravida
1039 3003 1201 3047 evasit.

454 3094 487 3123 c.
523 3078 690 3132 Quodsi
724 3079 934 3133 secunda,
969 3077 1148 3133 quando
1181 3078 1388 3132 copulam
1413 3091 1515 3120 cum
1540 3090 1589 3120 eo
1613 3076 1790 3131 habuit,
1824 3076 2055 3131 sponsalia
2086 3089 2188 3119 cum

304 3155 452 3210 prima
485 3154 578 3197 iam
611 3153 730 3196 inita
763 3153 992 3207 cognovit,
1025 3152 1204 3196 iuvenis
1237 3151 1376 3195 aliam
1411 3151 1740 3206 obligationem
1784 3164 1894 3206 erga
1944 3150 2187 3194 secundam

462 3334 483 3388 ¹2
524 3334 664 3387 Quale
698 3339 930 3389 peccatum
965 3334 1027 3376 sit
1060 3333 1221 3388 copula
1254 3333 1452 3377 carnalis
1489 3346 1755 3389 sponsorum
1790 3346 1891 3376 cum
1926 3331 2066 3374 tertia
2097 3342 2191 3385 per-

306 3422 430 3464 sona,
465 3409 632 3452 dicitur
664 3409 711 3451 in
745 3408 963 3452 fasciculo
997 3409 1069 3451 De
1104 3411 1234 3451 sexto
1255 3411 1504 3465 praecepto
1536 3422 1578 3451 n.
1616 3409 1685 3463 19,
1719 3409 1758 3450 2.

464 3481 495 3535 2)
533 3483 577 3525 S.
612 3483 871 3538 Alphonsns
904 3497 946 3525 n.
982 3483 1081 3525 640.
