2269 3898
730 99 797 141 De
830 98 1079 141 cessatione
1112 97 1421 153 obligationis.
1924 99 2006 141 1ῖὸ

135 233 432 276 incommodo.
495 232 602 275 Ideo
645 245 735 274 non
779 237 988 274 tenemur
1028 245 1128 274 cum
1175 232 1372 286 periculo
1416 230 1542 274 vitae
1587 239 1667 274 aut
1712 231 1867 286 gravis
1901 231 2009 274 mali

137 307 395 362 depositum
441 319 634 360 servare,
682 310 840 348 votum
867 305 1094 361 implere,
1142 306 1347 361 proximo
1393 310 1640 348 extremam
1690 305 2009 348 necessitatem

136 381 409 436 corporalem
443 380 642 435 patienti
678 392 948 434 succurrere,
982 393 1075 423 rem
1108 380 1280 423 iniuste
1314 380 1516 423 ablatam
1550 379 1804 422 restituere.

286 469 424 512 Ratio
458 469 647 512 secundi
678 473 762 524 est,
806 469 926 524 quia,
975 483 1075 512 cum
1109 470 1269 512 harum
1305 470 1457 524 legum
1492 470 1685 513 materia
1718 469 1773 512 ad
1808 468 2009 511 ordinem

138 544 411 587 servandum
444 556 534 586 non
568 544 629 586 sit
662 543 928 598 necessaria,
962 544 1083 586 Deus
1116 557 1206 586 non
1240 551 1448 586 censetur
1472 557 1624 586 earum
1651 543 2009 585 observationem

136 632 236 661 cum
270 622 403 661 tanto
436 617 586 672 rigore
620 617 814 672 exigere,
849 617 935 661 etsi
970 631 1067 661 eam
1102 618 1282 673 exigere
1315 623 1480 672 posset.
1536 618 1642 661 Ideo
1676 618 1883 661 Christus
1914 617 2011 671 ipse

135 698 321 736 excusat
354 692 594 747 Davidem,
628 693 703 747 qui
737 693 785 735 in
818 693 1017 747 periculo
1051 693 1207 748 gravis
1252 693 1361 735 mali
1406 693 1599 736 comedit
1646 705 1783 747 panes
1816 690 2010 746 proposi-

134 767 275 811 tionis
306 767 436 810 laicis
468 767 566 811 iure
600 768 754 810 divino
790 768 1104 823 prohibitos‘).
1169 768 1287 811 Item
1331 781 1420 810 non
1454 772 1661 810 tenemur
1702 781 1800 810 cum
1843 766 2012 821 gravis-

136 841 248 883 simo
282 839 568 885 incommodo
601 847 788 885 externo
821 843 1001 898 integre
1035 842 1258 885 confiteri.

286 930 425 974 Ratio
459 931 588 974 tertii
618 936 701 985 est,
736 931 841 985 quia
873 932 947 975 lex
980 932 1181 974 humana
1212 931 1448 974 moraliter
1482 929 1778 985 impossibilis
1820 943 1909 972 non
1942 929 2013 971 ob-

134 1005 269 1062 ligat,
301 1006 441 1049 immo
473 1006 730 1061 legislatori
765 1007 964 1050 humano
997 1021 1086 1050 non
1120 1007 1341 1062 competit
1364 1012 1569 1061 potestas
1591 1005 1768 1048 ferendi
1792 1004 2012 1047 eiusmodi

133 1082 258 1136 leges
291 1081 429 1124 nimis
464 1081 676 1125 difficiles
708 1083 766 1135 (11.
805 1082 918 1136 116).

284 1170 349 1223 In
379 1171 611 1240 singulis
654 1181 838 1222 autem
869 1172 1175 1240 praeceptis
1206 1170 1687 1222 determinandum
1720 1178 1814 1235 est,
1848 1188 2013 1238 quan-

134 1270 251 1312 tum
297 1261 494 1312 debeat
536 1280 652 1312 esse
697 1261 962 1312 damnum
1004 1261 1091 1312 vel
1132 1260 1562 1327 incommodum,
1615 1268 1674 1311 ut
1714 1259 1782 1310 ab
1826 1277 2013 1310 eorum

136 1351 522 1402 observatione
582 1351 781 1420 aliquis
844 1358 1167 1416 excusetur>
1237 1352 1367 1420 quia
1435 1350 1654 1401 diversa
1720 1358 2014 1418 praecepta

136 1451 264 1492 sunt
329 1441 580 1492 diversae
647 1441 938 1508 gravitatis
1006 1439 1326 1509 diversique
1386 1440 1598 1507 rigoris,
1686 1438 1749 1488 In
1815 1456 2014 1506 genere

135 1530 398 1582 affirmari
453 1538 645 1600 potest,
707 1529 856 1597 leges
911 1531 1201 1598 negativas
1255 1530 1481 1597 gravius
1550 1526 1793 1595 obligare
1850 1544 2009 1596 quarn

136 1621 421 1689 positivas7
465 1619 684 1670 divinas
725 1621 951 1688 gravius
994 1638 1158 1690 quam
1200 1619 1486 1670 humanas.

284 1784 407 1838 151.
471 1784 556 1837 De
605 1784 985 1853 appositione
1044 1799 1359 1838 causarum
1416 1799 1448 1835 a
1497 1782 1628 1849 lege
1673 1773 2014 1846 deobligan-
2077 1823 2080 1825 .

135 1874 308 1928 tium.
391 1875 665 1927 Notiones‘.
749 1894 796 1927 α.
859 1873 1065 1926 Causae
1123 1893 1154 1925 a
1208 1873 1327 1941 lege
1372 1872 1752 1941 deobligantes
1808 1871 2007 1940 apponi

137 1964 397 2016 dicuntur
451 1965 661 2028 directe,
718 1966 762 2015 si
817 1965 981 2014 unice
1034 1963 1123 2014 vel
1177 1963 1368 2014 saltem
1414 1960 1792 2032 principaliter
1834 1979 1897 2011 ea
1939 1961 2013 2010 in-

136 2055 380 2105 tentione
437 2063 733 2124 ponuntur,
788 2064 848 2104 ut
902 2055 1022 2123 quis
1065 2073 1096 2104 a
1135 2053 1272 2120 legis
1327 2052 1711 2104 observatione
1755 2069 1809 2101 se
1854 2048 2013 2100 deob-

136 2143 291 2211 liget;
359 2151 411 2194 et
462 2146 667 2213 apponi
726 2144 986 2195 dicuntur
1026 2144 1298 2207 indirecte,
1354 2144 1398 2194 si
1440 2160 1509 2193 ex
1551 2140 1656 2192 alio
1699 2140 1807 2191 fine
1849 2156 2008 2208 appo-

139 2242 364 2300 nuntur,
408 2232 537 2284 lieet
579 2233 996 2302 impossibilitas
1049 2232 1364 2303 implendae
1418 2232 1554 2301 legis
1608 2229 2013 2300 praevideatur.

294 2336 337 2389 b.
395 2335 631 2405 Insuper
684 2355 850 2388 causa.
893 2338 1142 2406 proscime
1194 2337 1487 2406 impediens
1543 2335 1759 2401 dieitur,
1829 2333 1873 2384 si
1926 2331 2015 2382 lex

138 2428 248 2478 iam
290 2435 417 2478 actu
459 2434 717 2495 aut-post
756 2425 928 2478 breve
969 2434 1188 2495 tempus
1242 2436 1416 2493 urget,
1475 2433 1528 2476 et
1584 2424 1787 2475 dicitur
1825 2429 2015 2473 remote

138 2514 444 2585 impediens,
489 2515 533 2564 si
578 2514 752 2566 solum
795 2524 917 2584 post
957 2514 1200 2566 notabile
1253 2522 1471 2584 tempus
1525 2521 1697 2582 urget.
1778 2509 2014 2576 Quando

139 2614 323 2656 autem
381 2621 547 2655 eausa
605 2606 817 2658 censeri
875 2604 1072 2656 debeat
1124 2605 1376 2675 proxime
1430 2612 1482 2655 et
1536 2602 1759 2673 quando
1809 2608 2013 2652 remote

135 2693 466 2764 impediens,
526 2712 634 2746 non
676 2694 866 2763 regula
905 2694 1166 2764 generali,
1211 2694 1305 2746 sed
1347 2695 1530 2763 potius
1571 2711 1640 2744 ex
1679 2691 2014 2761 prudentum

138 2783 346 2835 iudicio
389 2791 441 2834 et
481 2802 550 2834 ex
591 2786 750 2853 praxi
792 2786 1173 2836 timoratorum
1215 2785 1427 2836 ratione
1481 2781 1673 2834 habita
1728 2780 2016 2850 gravitatis

139 2872 275 2940 legis
316 2880 369 2922 et
408 2872 751 2942 frequentiae
795 2873 1148 2941 obligationis
1191 2873 1547 2925 determinari
1590 2871 1768 2926 debet.

291 2976 377 3030 Qui
412 2977 600 3021 sabbato
633 2991 818 3033 vespere
849 2978 923 3022 vel
966 2978 1037 3022 die
1070 2980 1188 3022 festo
1221 2978 1311 3021 iam
1345 2978 1557 3020 inchoato
1591 2975 1818 3019 auditioni
1852 2974 2014 3017 missae

142 3051 522 3106 impedimentum
547 3052 691 3109 ponit,
716 3067 898 3097 causam
917 3053 1121 3109 proxime
1137 3052 1463 3107 impedientem
1486 3051 1631 3107 ponit,
1655 3051 1731 3105 qui
1753 3049 1868 3093 feria
1886 3052 2015 3091 sexta

140 3125 188 3169 id
220 3125 350 3180 facit,
383 3139 564 3169 causam
597 3133 768 3172 remote
791 3128 1118 3183 impedientem
1142 3128 1286 3183 ponit.
1330 3126 1732 3182 Impedimentum,
1767 3123 1883 3178 quod
1909 3122 2014 3166 obli-

141 3200 373 3255 gationem
407 3201 524 3256 legis
556 3201 733 3256 aliquot
767 3203 941 3246 dierum
983 3203 1133 3258 spatio
1167 3201 1415 3258 praecedit,
1460 3200 1687 3245 ordinarie
1727 3201 1898 3242 remote
1936 3196 2014 3239 im-

142 3274 328 3335 pediens
361 3283 582 3320 censetur.

299 3468 332 3524 ¹)
365 3470 531 3513 Matth.
569 3469 637 3523 12,
671 3470 711 3514 3.
745 3471 785 3513 4.
821 3471 918 3514 coll.
955 3485 1054 3515 cum
1089 3472 1128 3514 1.
1162 3472 1275 3526 Reg.
1310 3472 1379 3513 21.
