2269 3898
278 138 362 180 122
1019 133 1085 176 De
1116 129 1423 174 matrimonio.

276 281 442 323 tatem
485 271 650 324 habet
693 279 882 321 votum
924 267 993 318 ab
1036 266 1298 329 ecclesia,
1343 281 1471 331 ergo
1504 265 1671 315 etiam
1713 267 1827 315 vim
1857 264 2162 318 dirimendi

279 362 691 413 matrimonium
732 360 800 410 ab
846 355 1078 408 ecclesia
1120 354 1304 407 habet.

435 450 553 492 Hinc
587 449 794 503 sequitur
827 459 1055 490 summum
1089 444 1355 500 pontificem
1390 457 1477 498 003,
1524 443 1601 498 qui
1635 443 1900 486 sollemnem
1933 443 2173 499 professio-

283 539 384 568 nem
438 524 688 569 emiserint,
737 523 794 566 ad
843 519 1189 564 matrimonium
1236 518 1487 562 ineundum
1538 518 1810 575 dispensare
1857 531 2006 573 posse;
2057 531 2178 572 quae

290 599 471 654 quidem
508 597 803 654 dispensatio,
846 596 933 639 etsi
965 608 1067 638 raro
1100 599 1145 637 et
1180 593 1371 636 difficile
1405 593 1691 636 concedatur.
1735 607 1762 636 a
1801 592 1993 636 summis
2024 592 2174 648 ponti·

283 672 442 716 ficibus
477 676 576 716 tum
612 672 881 727 quandoque
915 677 1065 723 antea,
1110 676 1209 712 tum
1255 681 1400 723 nuper
1441 667 1609 711 iterum
1652 682 1678 711 a
1716 668 1867 711 Leone
1899 668 2028 711 XIII.
2073 681 2175 712 con-

281 761 403 790 cessa
436 746 560 800 est¹).

433 838 479 890 2.
526 837 749 907 Duplex
791 845 873 888 est
912 845 1101 900 votum,
1146 833 1310 903 quod,
1355 834 1454 884 etsi
1497 831 1738 902 simplem,
1789 841 1976 885 tamen
2026 833 2171 885 futu·

279 947 400 979 rum
432 928 848 978 matrimonium
879 925 1117 977 dirimit:
1163 943 1211 975 α.
1235 921 1382 974 Vota
1409 922 1686 992 simplicia
1715 922 2173 976 scholasticorum>

283 1025 335 1068 et
376 1017 757 1069 coadiutorum
802 1016 1079 1067 societatis
1119 1012 1266 1080 Iesti,
1311 1031 1453 1082 quae
1496 1031 1565 1064 ex
1607 1011 1837 1082 speciali
1878 1011 2174 1083 privilegio

279 1106 525 1158 futurum
578 1107 991 1157 matrimonium
1052 1104 1338 1169 dirimunt,
1397 1103 1504 1154 nisi
1561 1102 1836 1171 generalis
1892 1103 2172 1172 dispensa·

285 1197 499 1262 verit2);
545 1197 587 1249 b.
630 1197 829 1248 Votum
876 1197 1144 1247 castitatis
1186 1193 1480 1263 perfectae,
1538 1193 1686 1263 quod
1729 1213 1799 1245 ex
1840 1195 1959 1245 iure
2013 1195 2172 1245 emit-

283 1295 395 1337 tere
437 1296 654 1338 tenetur
696 1304 851 1352 uxor,
897 1287 1053 1336 cuius
1096 1286 1328 1336 maritus
1370 1301 1496 1335 cum
1540 1284 1715 1353 ipsius
1758 1301 2030 1335 consensu
2089 1301 2175 1335 or-

286 1376 471 1428 dinem
516 1395 731 1428 sacrum
775 1377 1022 1445 suscipit,
1068 1376 1172 1426 nisi
1217 1393 1357 1426 uxor
1395 1373 1647 1426 ordinem
1674 1373 1993 1443 religiosum
2033 1375 2174 1426 inire

289 1475 530 1535 cogatur.
613 1467 762 1518 Hinc
807 1468 973 1517 etiam
1019 1464 1279 1516 defuncto
1324 1466 1522 1516 marito
1567 1466 1738 1516 sacris
1779 1466 1997 1517 initiato
2041 1464 2173 1517 vali-

285 1555 415 1607 dum
459 1557 873 1608 matrimonium
916 1557 1057 1607 inire
1100 1556 1307 1625 nequit.

948 1752 979 1807 ,ξ
1013 1753 1099 1796 13.
1138 1753 1289 1797 Ordo
1322 1765 1498 1797 sacer.

441 1890 564 1944 121.
619 1889 841 1943 Natura
904 1888 1346 1956 impedimenti.
1442 1887 1912 1957 impedimentum
1970 1886 2180 1938 ordinis

286 1983 341 2032 in
400 1999 460 2032 eo
520 1981 799 2046 consistit,
859 1980 1006 2049 quod
1062 1980 1475 2031 matrimonium
1535 1976 1786 2029 validum
1853 1977 1994 2028 inire
2063 1994 2176 2028 non

287 2072 474 2140 possit,
537 2071 631 2140 qui
693 2069 943 2121 ordinem
1005 2086 1226 2120 sacrum
1288 2066 1764 2136 (subdiaconatUS,
1828 2066 2175 2131 diaconatUS,

285 2160 719 2230 presbyteratus)
761 2159 1068 2228 suscepit3).

435 2250 553 2293 Ordo
578 2263 700 2293 sacer
724 2249 1069 2292 matrimonium
1105 2255 1242 2292 antea
1276 2252 1562 2292 contractum
1587 2261 1677 2291 non
1703 2247 1897 2304 dirimit,
1928 2248 2007 2291 sed
2031 2247 2176 2291 'solum

284 2325 380 2369 eius
413 2339 546 2368 usum
581 2324 792 2380 impedit.

435 2402 482 2452 1.
547 2401 743 2453 Utrum
806 2399 937 2451 ordo
1000 2418 1154 2451 sacer
1214 2400 1329 2450 vim
1393 2398 1693 2451 dirimendi
1758 2399 2176 2450 matrimonium

285 2491 487 2542 habeat
528 2490 702 2542 solum
746 2491 953 2541 ratione
995 2491 1103 2541 voti
1144 2488 1412 2541 sollemnis
1454 2490 1738 2556 castitatis,
1799 2487 1947 2558 quod
1989 2489 2046 2539 in
2089 2506 2178 2539 ec—

287 2581 451 2633 clesia
490 2581 663 2633 latina
705 2581 884 2632 ordini
929 2599 1081 2632 sacro
1125 2598 1410 2632 annexum
1466 2588 1562 2646 est,
1619 2599 1690 2631 an
1746 2581 1913 2630 etiam
1969 2579 2181 2630 ratione

289 2673 455 2741 ipsius
499 2671 720 2737 ordinis,
766 2689 875 2723 non
919 2672 1052 2722 satis
1094 2679 1323 2723 constat.

437 2776 476 2803 a.
519 2762 571 2804 In
617 2761 805 2804 ecclesia
849 2774 1026 2816 graeca,
1068 2760 1116 2803 in
1150 2775 1238 2815 qua
1272 2774 1362 2804 non
1395 2760 1633 2804 emittitur
1666 2765 1826 2803 votum
1861 2759 2096 2804 castitatis
2128 2758 2177 2802 in

287 2836 650 2880 ordinationibus
684 2836 837 2890 sacris,
871 2835 1046 2879 clericis
1077 2835 1126 2879 in
1160 2836 1300 2879 sacris
1333 2835 1425 2879 iam
1450 2835 1721 2879 constitutis
1744 2835 1968 2879 nonlicet
1989 2848 2176 2878 uxorem

289 2910 461 2954 ducere.
515 2912 611 2954 Iam
644 2926 748 2955 vero
781 2916 937 2954 utrum
973 2910 1336 2964 matrimonium,
1372 2912 1491 2966 quod
1521 2925 1547 2955 a
1570 2911 1730 2955 clerico
1765 2925 1926 2966 graeco
1958 2911 2007 2954 in
2040 2910 2182 2954 sacris

289 2986 540 3028 constituto
575 2995 733 3030 contra
765 2988 1121 3043 prohibitionem
1156 2987 1370 3031 ecclesiae
1403 2988 1708 3042 contrahitur,
1753 2988 1899 3031 solum
1943 2986 2182 3038 illicitum,

289 3073 347 3103 an
381 3061 519 3103 etiam
553 3061 808 3106 invalidum
844 3064 921 3119 sit,
965 3071 1036 3108 est-
1078 3063 1285 3119 quaestio
1318 3063 1441 3106 inter
1475 3063 1714 3118 theologos
1748 3066 2052 3106 controversa.
2117 3061 2182 3104 Et

290 3134 397 3177 licet
442 3149 496 3178 ex
544 3136 827 3181 documentis
874 3139 1193 3183 ecclesiasticis
1237 3139 1372 3182 valde
1412 3138 1646 3193 probabile
1686 3143 1921 3194 appareat,
1955 3136 2177 3181 eiusmodi

445 3301 478 3357 ¹)
514 3301 559 3344 S.
600 3302 805 3358 Officium
843 3304 911 3347 ΞΟ.
944 3304 1056 3347 febr.
1093 3306 1222 3348 1888.
1616 3358 1622 3363 ,

327 3405 330 3413 -
446 3374 477 3430 ²)
512 3377 795 3420 Constitutio
829 3380 1112 3422 Aseendente
1146 3380 1342 3423 Domino
1378 3380 1589 3436 Gregorii
1621 3380 1749 3423 XIII.
1785 3379 1855 3422 25.
1890 3378 2001 3422 maii
2036 3377 2176 3431 1584;

292 3460 432 3494 const.
467 3452 686 3495 Dolentes
717 3453 882 3496 Leonis
915 3454 1042 3497 XIII.
1079 3455 1148 3497 13.
1182 3455 1263 3498 iul.
1301 3455 1427 3499 1886.

447 3526 479 3576 ³)
518 3527 759 3570 Concilium
794 3528 901 3570 trid.
936 3542 1041 3572 sess.
1078 3530 1147 3572 24.
1183 3544 1277 3574 can.
1314 3532 1355 3574 9.
1390 3532 1456 3575 De
1490 3544 1602 3574 sacr.
1636 3530 1838 3574 matrim.
