2269 3898
786 142 854 184 De
886 141 1062 184 actibus
1095 142 1321 185 humanis.
1928 144 1985 187 53

267 287 306 316 a.
342 274 715 330 Concupiscentia
749 273 976 317 strictiore
1009 288 1141 317 sensu
1175 278 1359 330 accepta
1391 281 1460 318 est
1492 289 1582 318 una
1605 289 1659 318 ex
1682 277 1982 331 passionibus,

110 362 306 403 quarum
352 361 429 392 sex
470 352 768 392 numerantur
811 347 858 390 in
903 348 1098 403 appetitu
1132 348 1489 403 concupiscibili:
1539 363 1677 404 amor,
1712 350 1984 393 desiderium

112 422 539 478 (concupiscentia),
572 421 805 477 gaudium,
842 421 1010 475 odium,
1044 422 1200 464 horror
1232 429 1277 465 et
1311 423 1534 467 tristitia:
1569 423 1765 477 quinque
1799 437 1902 467 vero
1936 424 1983 466 in

110 497 312 552 appetitu
346 496 572 539 irascibili
586 509 601 538 .·
651 509 770 551 speS,
814 496 1018 550 audacia,
1065 496 1333 551 desperatio,
1378 497 1592 540 timeret
1626 498 1707 541 ira.
1772 498 1984 552 Concupi-

114 570 293 614 scentia
326 584 432 625 ergo
464 570 628 614 latiore
661 583 794 613 sensu
827 576 1011 624 accepta
1046 571 1246 613 omnium
1279 571 1540 625 passionum
1577 576 1719 626 actus,
1755 571 1982 614 strictiore

111 648 269 688 autem
304 658 437 689 sensu
470 649 655 700 accepta
696 645 831 688 unius
878 648 1062 688 tantum
1106 645 1328 699 passionis
1373 650 1516 699 actus,
1564 659 1723 701 nempe
1767 646 1988 689 desiderii

110 718 363 774 significat.
1155 713 1158 717 ’

265 793 302 836 b.
338 792 614 848 Quandoque
647 793 1001 849 concupiscentia
1036 793 1124 835 alio
1158 806 1339 848 prorsus
1374 807 1505 836 sensu
1539 794 1775 848 significat
1798 807 1983 848 pravam

109 866 459 911 inclinationem
504 867 741 923 appetitus
786 866 1033 922 (inferioris
1067 873 1111 910 et
1146 867 1406 922 superioris>
1447 880 1501 910 ex
1547 872 1730 922 peccato
1773 868 1986 922 originali

110 945 276 995 ortam,
321 955 406 995 qua
455 943 587 985 homo
634 944 782 985 fertur
829 942 876 984 in
930 955 996 995 ea,
1051 955 1164 996 quae
1216 946 1365 985 rectae
1414 942 1586 985 rationi
1632 942 1984 996 adversantur1).

113 1015 371 1070 Dupliciter
403 1029 509 1071 ergo
542 1017 651 1059 haec
686 1016 1053 1070 concupiscentia
1101 1016 1156 1059 ab
1205 1030 1257 1059 ea
1307 1016 1478 1070 differt,
1530 1017 1582 1059 de
1631 1029 1719 1070 qua
1767 1016 1847 1058 hoc
1890 1016 1986 1059 loco

106 1089 291 1144 agitur;
327 1104 366 1132 α.
402 1090 511 1134 haec
543 1090 662 1133 enim
696 1096 871 1133 motum
905 1104 982 1134 seu
1015 1094 1182 1145 actum,
1214 1090 1296 1133 illa
1328 1103 1432 1134 vero
1466 1092 1608 1134 solum
1642 1090 1984 1133 inclinationem

107 1177 191 1207 seu
225 1164 568 1219 dispositionem
603 1164 860 1220 significat;
898 1166 935 1214 β.
971 1165 1079 1208 haec
1112 1165 1229 1207 circa
1261 1164 1427 1208 bonum
1461 1166 1533 1208 vel
1567 1166 1737 1208 malum
1762 1164 1988 1219 sensibile,

108 1238 194 1282 illa
226 1242 378 1283 autem
413 1240 557 1282 solum
592 1239 708 1282 circa
742 1240 927 1293 malum,
977 1240 1054 1282 sed
1098 1244 1357 1294 utrumque,
1406 1239 1619 1283 sensibile
1663 1244 1708 1282 et
1749 1238 1987 1292 rationale,

109 1317 334 1356 versatur.

262 1461 352 1515 44.
394 1462 702 1516 Dividitur
730 1464 786 1513 in
814 1463 1233 1513 antecedentem
1264 1469 1316 1512 et
1343 1469 1786 1530 consequentem.
1830 1462 1984 1513 Ante-

108 1546 297 1602 cedens
324 1569 387 1602 ea
417 1560 513 1617 est,
560 1569 701 1621 quae
744 1569 962 1602 omnem
993 1550 1293 1602 voluntatis
1337 1569 1665 1602 consensum
1693 1552 1982 1617 antecedit,

111 1639 454 1692 voluntatem
496 1649 682 1692 tamen
732 1640 802 1692 ad
845 1658 1175 1692 consensum
1217 1639 1386 1691 trahit
1427 1648 1479 1691 et
1520 1638 1706 1692 allicit.
1795 1638 1984 1691 Conse-

107 1749 271 1798 quens
314 1748 377 1780 ea
419 1738 516 1795 est,
561 1748 702 1799 quae
744 1748 1072 1781 consensum
1116 1728 1418 1780 voluntatis
1460 1728 1823 1797 subsequitur.

218 1837 228 1850 ν
261 1832 302 1860 a.
337 1818 600 1874 Tripliciter
631 1819 731 1862 fieri
765 1822 931 1874 potest,
964 1822 1017 1861 ut
1051 1818 1418 1873 concupiscentia
1441 1830 1705 1861 consensum
1729 1816 1983 1860 voluntatis

106 1898 434 1948 consequatur:
469 1894 541 1937 vel
578 1893 697 1937 enim
733 1898 894 1947 sponte
925 1894 1016 1936 iam
1051 1893 1253 1936 excitata
1276 1892 1557 1946 admittitur,
1590 1895 1641 1934 ut
1673 1891 1710 1934 si
1742 1891 1790 1934 in
1813 1904 1876 1945 eo,
1911 1891 1986 1945 qui

107 1967 296 2011 obvium
330 1968 465 2011 habet
498 1952 940 2021 inimicumj‘ffii'um
975 1972 1135 2023 sponte
1168 1967 1418 2011 excitatum
1454 1967 1707 2012 deliberato
1730 1966 1984 2009 voluntatis

107 2056 331 2086 consensu
362 2044 568 2086 fovetur:
614 2043 687 2086 vel
721 2043 874 2086 studio
907 2043 1150 2096 excitatur,
1194 2046 1248 2085 ut
1281 2041 1318 2084 si
1353 2041 1454 2096 quis
1487 2041 1680 2084 iniurias
1713 2040 1769 2084 ab
1801 2040 1984 2083 inimico

108 2116 198 2160 sibi
220 2117 377 2161 illatas
400 2122 553 2161 mente
574 2117 817 2172 recogitat,
839 2121 891 2160 ut
915 2117 972 2160 ad
996 2117 1249 2160 vindictam
1273 2115 1522 2165 excitetur;
1557 2116 1629 2159 vel
1652 2129 1705 2158 ex
1728 2115 1984 2158 vehementi

106 2197 218 2235 actu
250 2192 390 2235 libero
423 2192 679 2235 voluntatis
711 2192 954 2246 redundat,
997 2196 1050 2234 ut
1084 2191 1122 2234 si
1163 2192 1357 2234 affectus
1399 2189 1490 2233 odii
1523 2190 1595 2246 vel
1639 2189 1804 2233 amoris
1848 2188 1985 2232 libere

107 2266 303 2309 admissi
336 2266 384 2309 in
417 2266 676 2320 appetitum
712 2266 984 2309 sensitivum
1018 2266 1289 2309 redundent.

88 2332 94 2338 ¹
263 2341 300 2383 h.
323 2340 466 2384 Actus
488 2340 638 2395 igitur
659 2341 896 2396 appetitus
920 2340 1131 2384 sensitivi
1155 2339 1481 2402 antecedentes
1495 2352 1585 2381 non
1608 2342 1715 2392 sunt
1737 2337 1984 2391 yroluntarii

109 2415 467 2476 idessql19„Qss„
489 2428 637 2475 neque
671 2415 775 2475 beni
798 2428 951 2478 neque
984 2414 1122 2469 mali.-
1171 2415 1314 2457 Actus
1346 2427 1450 2457 vero
1494 2412 1729 2468 appetitus
1777 2411 1985 2456 sensitivi

108 2495 435 2557 consequentes
468 2491 719 2552 voluntarii
754 2495 862 2553 sunt
892 2490 1081 2545 ideoque
1113 2490 1186 2533 vel
1220 2489 1323 2532 boni
1360 2490 1429 2533 vel
1462 2488 1594 2539 mali;
1641 2493 1687 2531 et
1720 2487 1752 2530 ii
1787 2486 1982 2541 quidem,

110 2566 189 2620 qui
223 2566 277 2609 de
308 2565 538 2609 industria
571 2565 832 2609 excitantur
873 2565 946 2608 vel
987 2564 1176 2608 excitati
1217 2563 1546 2617 admittuntur,
1595 2566 1702 2605 sunt
1735 2560 1983 2604 voluntarii

109 2640 160 2684 in
194 2654 254 2695 se,
302 2640 378 2694 qui
411 2646 564 2683 autem
599 2653 653 2683 ex
696 2640 941 2684 voluntate
987 2638 1035 2681 in
1083 2637 1342 2693 appetitum
1391 2636 1663 2680 sensitivum
1710 2635 1984 2688 redundant,

110 2714 361 2758 voluntarii
395 2719 503 2757 sunt
533 2714 582 2757 in
615 2727 762 2757 causa.

262 2863 358 2916 45.
425 2862 703 2916 Influxus
758 2862 1279 2930 concupiscentiae
1331 2861 1394 2912 in
1448 2860 1614 2912 actus
1667 2859 1980 2912 humanos.

112 2955 162 3006 1.
217 2953 683 3021 Concupiscentia
737 2952 1050 3022 antecedens
1100 2951 1289 3001 minuit
1327 2948 1681 3000 voluntam‘um
1722 2954 1774 2997 et
1815 2964 1983 3015 quan-

754 3017 774 3022 ·-
785 3012 1021 3023 mam

1382 3037 1385 3046 s
1403 3031 1424 3041 a*

112 3042 292 3112 doque
334 3043 554 3111 penitus
595 3041 925 3116 tQssff
1212 3074 1278 3113 L
1304 3106 1364 3113 ..
1391 3111 1415 3114 *-

263 3150 312 3185 a.
354 3131 513 3181 Ratio
561 3131 757 3200 primi:
797 3129 1170 3181 voluntarium
1213 3128 1359 3178 enim
1402 3144 1462 3177 eo
1505 3126 1687 3177 minus
1729 3135 1822 3188 est,
1875 3139 1981 3190 quo

114 3221 289 3288 magis
328 3221 465 3270 ratio
509 3221 565 3270 in
608 3218 1005 3270 deliberatione
1048 3236 1146 3269 sua
1188 3215 1490 3285 impeditur
1543 3221 1595 3265 et
1646 3230 1751 3282 quo
1807 3211 1981 3277 magis

113 3309 368 3360 voluntas
420 3308 489 3359 ab
542 3308 759 3359 influxu
811 3315 1036 3358 externo
1091 3307 1149 3357 in
1192 3323 1358 3356 unam
1400 3310 1613 3373 partem
1655 3300 1980 3365 inclinatur;

266 3500 299 3557 ¹)
333 3501 400 3545 ef.
435 3500 533 3544 eal.
568 3501 609 3555 5,
644 3501 712 3543 17.
747 3501 874 3543 Rom.
910 3500 949 3553 τ,
983 3499 1053 3541 23.
