2269 3898
246 99 333 142 248
931 94 1008 138 IV.
1041 95 1109 138 De
1141 94 1429 138 conscientia.

244 231 310 283 In
349 232 529 300 priore
573 249 701 281 casu
745 247 846 297 ope
888 229 1151 297 principii
1193 228 1387 280 reflexi
1442 227 1772 279 universalis
1829 227 2120 279 formanda

247 328 326 371 est
367 319 706 370 conscientia
747 319 989 386 practice
1019 326 1183 383 certa,
1227 320 1284 369 in
1314 319 1612 387 posteriore
1641 336 1704 368 ea
1728 318 1837 368 iam
1866 315 2119 368 habetur.

399 407 484 461 Qui
518 420 702 462 vespere
735 407 965 462 persoluto
999 406 1150 450 officio
1186 406 1340 450 divino
1376 406 1573 461 dubitat,
1606 419 1715 448 num
1750 405 1934 448 Sextam
1967 405 2123 449 recita-

245 482 378 535 verit,
421 495 520 524 cum
569 481 622 524 de
665 482 760 525 eius
803 481 1071 525 recitatione
1105 482 1279 524 nullam
1315 495 1496 537 prorsus
1545 480 1808 524 memoriam
1841 480 2021 535 habeat,
2070 493 2124 523 ex

245 555 545 598 communiter
567 555 953 611 contingentibus,
985 556 1092 610 quia
1113 555 1227 599 alias
1249 555 1367 598 nihil
1391 556 1534 599 soleat
1567 555 1793 610 omittere,
1827 554 2125 610 probabiliter

244 630 419 673 iudicat
459 643 503 673 se
537 644 634 674 eam
668 631 904 673 recitasse:
957 630 1064 683 quin
1098 630 1237 673 etiam
1272 629 1506 673 moraliter
1550 634 1670 673 certo
1719 632 1898 672 constat
1947 642 1992 672 se
2025 642 2122 672 eam

250 704 480 758 recitasse,
514 704 551 747 si
586 718 621 748 e.
657 718 700 759 g.
735 705 995 748 recordetur
1028 717 1073 747 se
1104 704 1278 747 Nonam
1313 703 1542 755 recitasse,
1577 710 1622 746 et
1655 717 1744 746 non
1777 704 1920 746 soleat
1965 704 2120 746 horam

248 778 542 832 posteriorem
576 779 768 822 recitare
800 779 1001 822 nondum
1036 779 1270 833 persoluta
1302 778 1462 833 priore.

397 869 444 920 l.
489 869 552 919 In
592 868 751 920 dubio
793 869 978 920 melior
1020 877 1095 919 est
1134 867 1370 918 condicio
1419 868 1761 936 possidentis,
1806 867 1894 918 vel
1941 869 2125 936 potius

252 964 310 1006 ut
350 958 408 1007 in
450 958 566 1007 iure
610 956 876 1008 habetur:
919 958 976 1008 in
995 957 1131 1027 pari
1171 955 1358 1007 delicto
1401 953 1481 1006 vel
1514 975 1677 1006 causa
1697 958 1878 1026 potior
1907 965 1982 1008 est
2010 975 2125 1007 con-

248 1045 385 1096 dicio
419 1046 814 1116 possidenti-5¹).
898 1047 1021 1097 Hoc
1064 1047 1405 1115 principium
1450 1047 1671 1114 proprie
1713 1052 1766 1096 et
1806 1044 2126 1096 immediate

246 1134 316 1186 ad
359 1137 647 1187 materiam
690 1137 932 1187 iustitiae
988 1136 1421 1187 commutativae
1480 1141 1532 1184 et
1573 1133 1799 1203 quidem
1842 1135 1913 1185 ad
1937 1133 2127 1204 forum

247 1232 516 1275 externum
557 1227 797 1294 pertinet
837 1234 890 1276 et
930 1224 1079 1276 hune
1120 1242 1342 1276 sensum
1385 1222 1580 1274 habet:
1625 1224 1668 1274 si
1710 1225 1854 1275 inter
1882 1223 2018 1275 duos
2058 1223 2125 1275 lis

245 1315 434 1365 existit
487 1314 554 1366 de
606 1317 941 1384 proprietate
999 1313 1233 1365 alieuius
1287 1314 1366 1364 rei
1423 1322 1475 1364 et
1528 1321 1759 1382 uterque
1817 1314 1901 1364 ius
1965 1332 2125 1365 suum

247 1403 464 1473 aequali
507 1403 706 1474 probat
756 1406 986 1467 rat-ione,
1046 1405 1166 1455 iura
1218 1422 1333 1454 rem
1377 1404 1427 1454 ei
1468 1403 1736 1463 tribuunt,
1793 1404 1886 1473 qui
1927 1405 2126 1455 hueus-

248 1512 352 1562 que
396 1512 517 1545 eam
559 1493 895 1563 possidebat,
941 1494 1117 1545 donee
1159 1492 1295 1544 alter
1337 1500 1432 1544 aut
1459 1492 1804 1562 probabilius
1845 1500 1941 1543 aut
1978 1500 2123 1543 certo

248 1582 445 1652 probet
491 1603 607 1635 rem
657 1602 773 1635 esse
815 1601 999 1634 suam:
1062 1584 1333 1651 possessio
1390 1584 1536 1633 enim
1597 1582 1796 1634 fundat
1848 1599 2125 1651 praesum-

246 1673 452 1724 tionem
514 1673 744 1725 dominii
805 1684 858 1724 et
910 1674 1262 1742 proprietatis
1319 1680 1484 1742 atque
1545 1672 1671 1724 ideo
1735 1672 1989 1723 concedit
2041 1674 2126 1722 ius

247 1762 521 1814 retinendi
576 1782 719 1829 rem,
790 1763 966 1814 donee
1033 1763 1098 1814 de
1156 1763 1428 1813 contrario
1485 1770 1580 1813 aut
1630 1760 1974 1831 probabilius
2030 1773 2126 1812 aut

248 1858 393 1902 certo
437 1861 664 1904 constet.

394 1941 740 2011 Principium
783 1942 930 1993 istud
973 1943 1137 1993 etiam
1182 1941 1254 1992 ad
1277 1941 1466 2011 forum
1494 1942 1759 1992 internum
1799 1940 2129 1992 transfertur

249 2036 300 2080 et
349 2029 573 2098 quidem
634 2032 689 2082 in
746 2033 976 2082 materia
1041 2032 1283 2082 iustitiae
1349 2029 1418 2081 ab
1480 2029 1739 2081 omnibus
1806 2029 2128 2081 auctoribus

249 2119 576 2188 applicatur,
621 2128 673 2171 et
715 2121 1025 2190 complures
1065 2127 1292 2190 propter
1331 2119 1643 2188 analogiam
1687 2121 1853 2171 etiam
1893 2120 1965 2171 ad
1991 2119 2129 2170 alias

251 2210 510 2260 materias
564 2210 668 2261 fori
727 2211 930 2261 interni
988 2209 1124 2261 illud
1179 2209 1504 2263 extendunt.
1585 2209 1703 2260 Iam
1748 2227 1878 2260 Vero
1920 2209 1991 2260 ad
2032 2208 2127 2260 sol·

250 2299 435 2350 venda
478 2299 649 2350 dubia
690 2301 953 2368 negativa
996 2301 1142 2350 cirea
1184 2298 1580 2369 obligationem
1609 2299 1746 2368 legis
1783 2298 1921 2361 illud
1956 2298 2127 2367 appli-

251 2389 363 2438 cari
405 2406 564 2457 posse
608 2407 768 2440 nemo
799 2398 980 2457 negat.
1026 2388 1080 2441 Si
1109 2407 1152 2440 e.
1183 2407 1233 2457 g.
1268 2390 1487 2439 iuvenis
1517 2388 1701 2458 quoad
1731 2386 2128 2455 obligationem

250 2476 444 2527 ieiunii
498 2479 758 2545 negative
808 2478 1042 2543 dubitat,
1098 2496 1230 2529 num
1273 2479 1469 2528 aetatis
1511 2496 1720 2528 annum
1763 2477 1850 2529 21.
1896 2475 2129 2545 eomple-

255 2567 409 2631 verit,
453 2568 717 2619 immunis
759 2577 839 2620 est
881 2567 951 2619 ab
996 2567 1351 2635 obligatione,
1408 2569 1538 2636 quia
1591 2567 1838 2636 possidet
1876 2566 2129 2626 libertam

252 2655 446 2723 quodsi
503 2675 674 2708 senex
728 2660 987 2725 negative
1043 2657 1276 2723 dubitat,
1330 2675 1463 2708 num
1521 2657 1592 2708 ad
1633 2675 1839 2708 annum
1885 2657 1972 2709 60.
2014 2675 2131 2725 per-

253 2746 482 2811 venerit,
527 2747 777 2799 ieiunare
820 2755 1055 2813 tenetur,
1113 2749 1244 2816 quia
1302 2746 1548 2815 possidet
1586 2746 1693 2800 lex.
1774 2746 1921 2798 Num
1964 2748 2132 2796 etiam

252 2833 322 2883 ad
365 2834 630 2887 solvenda
685 2837 853 2888 dubia
908 2838 1148 2906 positiva
1212 2835 1481 2905 applicari
1540 2837 1728 2905 possit,
1786 2836 1995 2886 dietum
2051 2843 2132 2886 est

253 2941 418 2991 supra
461 2930 534 2990 (n.
581 2927 722 2993 221).

401 3013 450 3065 2.
492 3016 554 3065 In
581 3015 737 3067 dubio
765 3016 1110 3068 iudicandum
1135 3025 1210 3068 est
1233 3034 1297 3066 ex
1319 3016 1657 3066 communiter
1684 3013 2132 3084 contingentibus:

255 3121 322 3152 ex
353 3106 718 3156 communiter
749 3108 894 3157 enim
924 3104 1376 3174 contingentibus
1419 3104 1602 3172 colligi
1644 3111 1837 3172 potest,
1883 3119 1979 3172 pro
2023 3120 2133 3171 qua

253 3201 407 3261 parte
451 3201 555 3244 stet
595 3198 949 3263 praesumtio.
1034 3195 1220 3259 Quare
1263 3196 1320 3245 in
1364 3193 1550 3259 dubio,
1594 3211 1728 3244 num
1771 3192 1894 3261 quis
1923 3192 1979 3242 in
2008 3208 2131 3260 pec-

256 3290 438 3333 eatum
495 3287 861 3351 consenserit,
934 3286 977 3335 si
1035 3292 1117 3336 est
1168 3285 1459 3335 timoratae
1514 3282 1884 3333 eonscientiae
1926 3287 1979 3330 et
2019 3297 2130 3330 non

410 3462 439 3517 ¹)
474 3463 518 3506 C.
554 3464 607 3506 In
631 3464 749 3519 pari
779 3463 834 3505 65
868 3476 960 3518 reg.
995 3463 1079 3505 iur.
1114 3462 1161 3505 in
1195 3463 1263 3505 60.
