2269 3898
726 175 792 217 De
823 182 988 217 natura
1023 176 1312 218 matrimonii.

90 309 358 357 rationem
401 315 710 358 contractus
751 306 966 374 habeat,
1021 328 1051 358 a
1108 310 1299 359 ceteris
1349 318 1532 360 tamen
1574 309 1946 361 contractibus

91 395 148 444 in
188 393 273 444 his
314 396 659 463 potissimum
703 394 912 445 differt:
969 415 1017 447 α.
1071 397 1128 446 in
1181 398 1373 448 ceteris
1415 398 1783 449 contractibus
1826 416 1946 449 con-

89 482 368 533 trahentes
412 482 762 533 condiciones
804 491 1114 534 contractus
1169 502 1264 553 pro
1319 485 1542 537 arbitrio
1586 486 1949 538 determinare

94 579 333 639 possunt,
378 572 433 621 in
477 579 759 621 contractu
800 589 928 622 vero
960 573 1348 624 matrimoniali
1386 585 1502 624 tum
1532 574 1804 626 obiectum
1831 586 1947 626 tum

90 659 445 710 condiciones
485 671 601 709 tum
644 661 804 710 etiam
850 659 1031 711 officia
1073 679 1104 711 a
1145 662 1261 711 iure
1304 672 1530 712 naturae
1573 663 1659 714 vel
1701 664 1950 715 ecclesia-

90 748 226 797 stico
269 747 343 797 ita
381 746 776 798 determinatae
819 759 959 813 sunt,
1005 758 1064 799 ut
1104 748 1330 800 arbitrio
1375 750 1814 802 contrahentium
1857 754 1949 803 im·

94 836 293 885 mutari
328 845 628 903 nequeant:
675 836 716 887 b.
758 839 921 887 ceteri
952 846 1263 888 contractus
1293 848 1479 889 mutuo
1512 839 1950 891 contrahentium

90 941 363 974 consensu
406 923 632 974 dissolvi
688 934 928 992 possunt,
985 934 1296 977 contractus
1352 945 1479 978 vero
1537 929 1952 980 matrimonialis

91 1029 362 1062 consensu
405 1012 846 1064 contrahentium
888 1014 1023 1065 solvi
1067 1017 1270 1084 nequit,
1314 1016 1450 1067 adeo
1493 1026 1552 1067 ut
1594 1015 1953 1086 obligationes

92 1109 148 1152 et
200 1119 364 1151 onera
405 1103 460 1151 vi
517 1110 828 1152 contractus
870 1103 1035 1154 semel
1078 1112 1327 1172 suscepta
1369 1103 1534 1155 abiici
1576 1124 1686 1157 non
1727 1108 1952 1174 possint,

94 1189 361 1258 quamdiu
412 1189 573 1241 ambo
630 1191 1013 1242 contrahentes
1066 1193 1121 1242 in
1172 1193 1317 1242 vivis
1368 1194 1639 1258 existunt,
1694 1214 1733 1245 C.
1789 1197 1952 1245 ceteri

95 1286 407 1329 contractus
468 1297 614 1330 mere
668 1279 880 1348 profani
939 1290 1079 1346 sunt,
1136 1290 1448 1332 contractus
1499 1300 1626 1332 vero
1682 1284 1953 1334 matrimo-

98 1366 258 1417 nialis
300 1367 644 1419 considerata
686 1369 797 1419 sola
839 1378 1035 1420 natura
1077 1388 1173 1419 sua
1214 1388 1295 1420 res
1337 1387 1490 1420 sacr-a
1532 1384 1625 1421 est.

246 1455 586 1498 Matrimonium
621 1457 903 1500 considerata
926 1458 1019 1500 sola
1042 1458 1104 1500 rei
1129 1465 1307 1512 natura,
1341 1459 1691 1512 praescindendo
1725 1473 1750 1501 a
1783 1460 1957 1502 ratione

93 1530 382 1583 sacramenti,
415 1543 507 1573 rem
542 1544 711 1573 sacram
736 1537 872 1585 atque
894 1531 1153 1586 religiosam
1188 1545 1295 1586 esse,
1330 1538 1456 1586 patet
1493 1547 1533 1574 α.
1568 1533 1672 1586 quia
1695 1533 1958 1576 immediate

96 1616 125 1645 a
147 1604 238 1646 Deo
271 1603 541 1646 institutum
575 1611 663 1654 est;
702 1606 738 1654 ¹3.
774 1605 878 1659 quia
911 1612 978 1648 est
1012 1606 1298 1648 adumbratio
1321 1606 1501 1649 unionis
1525 1607 1658 1649 Verbi
1692 1615 1736 1649 et
1769 1616 1959 1650 naturae

96 1677 334 1731 humanae,
369 1678 537 1721 Christi
562 1683 607 1721 et-
640 1679 871 1730 ecclesiae;
908 1694 947 1731 γ.
982 1680 1087 1734 quia
1119 1681 1166 1722 in
1199 1681 1343 1723 Deum
1368 1681 1625 1723 ordinatum
1651 1691 1734 1735 est,
1768 1694 1816 1724 eo
1841 1683 1957 1735 quod

95 1749 369 1793 institutum
414 1757 481 1794 est
531 1752 588 1794 ad
637 1754 996 1807 perpetuandum
1041 1767 1183 1808 genus
1229 1754 1501 1798 humanum.
1551 1756 1666 1808 quod
1714 1757 1771 1798 ad
1815 1756 1958 1798 Deum

94 1824 334 1867 colendum
368 1831 411 1867 et
453 1824 801 1879 glorificandum
846 1827 1125 1870 destinatum
1170 1835 1251 1871 est.
1316 1828 1420 1871 Ideo
1468 1829 1621 1883 populi
1667 1830 1959 1883 antiquitatis

96 1897 311 1940 cultiores
344 1899 684 1942 matrimonium
718 1901 1059 1944 considerarunt
1092 1910 1145 1944 ut
1177 1915 1270 1944 rem
1314 1915 1413 1944 cum
1456 1903 1673 1957 religione
1714 1912 1757 1946 et
1800 1904 1962 1946 sancti-

102 1975 199 2014 tate
232 1971 515 2015 coniunctam
529 1972 567 2023 ἢ.
1920 2030 1936 2040 ὁ
1969 2021 1983 2032 ,ν
2046 2027 2050 2031 .

1921 2072 2158 2231 ἴψζ)

1923 2203 1986 2306 *Ξ

751 2209 1042 2266 Articulus
1082 2211 1315 2282 primus.
1879 2188 1919 2219 χ’

536 2343 612 2381 De
646 2341 981 2379 matrimonio
1014 2342 1075 2379 ut.
1106 2342 1409 2380 contractus
1444 2344 1532 2379 est.

256 2487 310 2540 2.
371 2488 567 2544 Notio.
666 2487 1062 2538 Matrimonium
1124 2497 1283 2554 prout
1342 2496 1637 2537 contractus
1700 2497 1778 2538 est
1839 2488 1965 2538 defi·

106 2578 257 2626 nitur
297 2594 609 2642 consensus,
655 2593 759 2644 quo
803 2576 888 2625 vir
930 2584 981 2625 et
1022 2574 1217 2625 mulier
1258 2574 1324 2624 de
1366 2575 1481 2624 iure
1524 2573 1734 2625 habiles
1776 2587 1964 2626 mutuo

108 2664 216 2715 sibi
259 2666 344 2715 ius
386 2667 442 2716 in
485 2683 710 2734 corpora
739 2660 1046 2714 tradunt'in
1076 2663 1266 2714 ordine
1295 2662 1363 2713 ad
1391 2674 1572 2713 actum
1605 2663 1965 2731 coniugalem.

259 2782 299 2810 a.
333 2768 456 2811 Sicut
503 2781 654 2811 omnes
688 2768 768 2810 alii
808 2775 1080 2821 contractus,
1125 2767 1192 2809 ita
1226 2774 1270 2810 et
1315 2766 1654 2809 matrimonium
1696 2766 1967 2810 considerari

108 2846 259 2897 potest-
292 2843 335 2884 in
361 2842 476 2898 fieri
521 2855 597 2885 seu
645 2847 779 2896 prout
826 2846 894 2884 est
929 2844 1056 2885 actus
1102 2841 1356 2883 voluntatis
1403 2840 1618 2883 inducens
1667 2847 1838 2883 statum
1873 2854 1968 2884 con-

106 2916 323 2971 iugalem,
357 2901 401 2959 et
436 2916 478 2957 in
505 2917 633 2972 facto
667 2928 782 2967 esse,
815 2922 949 2969 prout
982 2922 1051 2957 est,
1083 2917 1230 2957 statas
1263 2914 1514 2969 coniugalis
1546 2927 1624 2969 per
1655 2915 1804 2970 ipsum
1836 2915 1966 2957 illum

105 2997 261 3032 actum
305 2990 551 3044 productus
584 2994 629 3031 et
663 2988 880 3032 definitur
922 2988 1132 3043 legitima
1166 2988 1420 3031 coniunctio
1461 2988 1548 3030 viri
1591 2994 1635 3031 et
1676 2988 1878 3032 mulieris
1911 2989 1968 3032 ad

109 3070 374 3118 perpetuam
408 3063 532 3105 vitae
564 3063 946 3106 consuetudinem.

262 3137 298 3179 b.
332 3137 404 3179 De
436 3138 537 3179 iure
569 3137 743 3179 habiles·
787 3136 999 3180 dicuntur
1040 3150 1267 3191 personae,
1312 3136 1471 3190 quibus
1503 3149 1645 3190 neque
1685 3149 1738 3179 cx
1770 3136 1865 3179 iure
1897 3150 1971 3179 na-

108 3211 250 3253 turali
283 3224 426 3264 neque
459 3224 512 3253 ex
544 3210 640 3254 iure
672 3211 870 3265 positivo
903 3211 1053 3253 obstat
1087 3211 1478 3265 impedimentum,
1512 3224 1597 3264 quo
1631 3223 1779 3253 eorum
1816 3210 1968 3252 matri-

114 3285 313 3328 monium
355 3284 573 3328 reddatur
612 3284 866 3327 invalidum
900 3291 980 3328 aut
1013 3284 1242 3339 illicitum,
1276 3284 1550 3339 proindeque
1582 3297 1809 3339 personae,
1859 3296 1972 3337 quae

109 3359 262 3402 valide
295 3363 340 3402 et
372 3358 496 3401 licite
530 3358 870 3401 matrimonium
903 3358 1018 3402 inire
1050 3365 1251 3413 possunt.

269 3507 298 3559 ²)
330 3507 395 3549 Cf.
430 3505 651 3561 encyclica
689 3507 917 3549 Arcanum
952 3505 1067 3549 circa
1099 3506 1309 3549 medium.
