2269 3898
671 134 738 175 De
769 141 936 176 natura
968 133 1281 176 conscientiae.
1819 136 1904 177 211

37 269 381 336 propositum
426 267 716 333 concipere
747 283 837 316 eos
864 265 1177 334 deponendi
1217 274 1269 317 et
1295 266 1540 318 remedia
1581 266 1905 334 adhibendi,

38 355 242 424 quibus
283 361 687 407 removeantur.
756 354 800 405 b.
844 353 1107 405 Precibus
1150 374 1204 405 se
1245 355 1364 406 Deo
1409 357 1794 408 commendare
1835 357 1906 409 ad

38 444 316 513 triplicem
360 443 504 495 hanc
543 443 776 510 gratiam
822 443 1255 511 impetrandam:
1308 445 1681 513 consequendi
1723 447 1907 507 finem,

41 540 264 602 propter
317 550 479 601 quem
534 532 687 582 Deus
739 531 1022 599 scrupulos
1075 534 1321 583 immittit
1372 541 1466 584 aut
1518 535 1739 586 immitti
1792 553 1908 604 per-

42 623 235 687 mittit3
279 622 551 690 patienter
578 619 790 671 ferendi
821 620 1204 689 scrupulorum
1233 639 1468 687 crucem,
1499 641 1638 691 quae
1666 625 1725 675 in
1754 626 1908 676 timo·

40 710 194 761 ribus
225 719 277 762 et
303 707 681 761 anxietatibus
710 710 940 760 internis
971 711 1248 775 consistit3
1279 709 1566 762 obtinendi
1589 711 1754 762 huius
1778 712 1907 764 mali

40 799 443 864 liberationem,
495 799 538 849 si
581 798 700 849 Deo
754 798 1038 867 placuerit.
1116 820 1156 851 c.
1200 798 1497 868 Scrupulos
1539 808 1936 870 contemnere„

43 896 232 940 contra
272 887 393 939 illos
433 904 594 953 agere
636 888 670 940 i.
702 906 747 940 e.
777 906 888 939 non
929 888 1109 939 facere
1152 896 1246 939 aut
1282 890 1548 950 omittere,
1592 890 1738 958 quod
1767 884 2027 941 seru—‘'⁴⁶⁸“

42 977 206 1046 pulus
248 978 479 1044 ingerit3
536 977 866 1044 cogitatione
909 995 999 1028 eos
1042 995 1152 1028 non
1194 977 1397 1031 fovere.
1453 978 1500 1028 cl.
1529 977 1744 1030 Iudicio
1787 998 1909 1031 con.-

40 1066 252 1118 fessarii
271 1067 621 1134 acquiescere
642 1073 694 1117 et
714 1067 829 1117 eius
849 1067 1070 1116 monitis
1087 1074 1300 1135 promte
1322 1065 1572 1118 obedire:
1595 1066 1912 1120 obedientia

43 1157 402 1224 praecipuum
465 1163 545 1206 est
613 1154 778 1205 huius
841 1155 1176 1206 infirmitatis
1239 1156 1561 1209 remedium.
1659 1177 1699 1207 e.
1765 1158 1911 1209 Ante

43 1246 319 1295 actionem
363 1261 472 1295 non
516 1243 765 1294 iudicare
807 1243 1020 1313 aliquid
1064 1262 1179 1295 esse
1219 1252 1527 1314 peccatum,
1571 1247 1677 1297 nisi
1702 1246 1910 1316 absque

38 1332 441 1384 deliberatione
484 1341 630 1384 certo
673 1341 726 1384 et
767 1333 1054 1384 evidenter
1095 1343 1392 1402 cognoscat
1446 1353 1560 1386 esse
1603 1344 1910 1403 peccatum,

43 1430 165 1491 post
203 1424 478 1474 actionem
518 1440 630 1474 non
671 1422 919 1474 iudicare
963 1441 1019 1474 se
1063 1424 1401 1474 commisisse
1442 1432 1748 1492 peccatum,
1806 1427 1913 1476 nisi

43 1512 251 1581 absque
294 1513 552 1563 examine
606 1518 752 1562 certo
803 1518 856 1562 et
907 1511 1197 1562 evidenter
1249 1513 1387 1563 sciat
1444 1530 1499 1563 se
1552 1515 1911 1565 consensisse.

26 1600 85 1670 f.
144 1601 442 1670 Nunquam
496 1599 743 1651 iudicare
797 1599 902 1651 sibi
960 1600 1353 1668 obligationem
1411 1601 1753 1670 incumbere,
1808 1604 1914 1654 nisi

47 1698 193 1740 certo
252 1698 304 1740 et
358 1689 646 1740 evidenter
703 1707 823 1740 eam
875 1690 1162 1758 percipiat.
1252 1710 1298 1759 9.
1367 1690 1664 1760 Nunquam
1734 1693 1910 1759 otiari,

45 1778 138 1830 sed
182 1796 398 1848 semper
437 1778 624 1830 labore
666 1780 989 1848 praesertim
1032 1786 1256 1830 externo
1301 1781 1588 1848 occupari3
1644 1798 1754 1832 non
1796 1800 1913 1833 esse

43 1867 369 1934 solitarium,
412 1877 470 1918 ut
499 1886 655 1920 mens
684 1887 715 1919 a
746 1867 1190 1935 cogitationibUS,
1227 1886 1367 1938 quae
1394 1870 1678 1938 scrupulos
1706 1870 1913 1938 fovent,

48 1957 412 2023 distrahatur3
456 1975 565 2009 non
608 1958 687 2008 uti
729 1956 1162 2025 austeritatibus,
1208 1976 1348 2027 quae
1378 1960 1524 2009 vires
1555 1961 1796 2028 corporis
1826 1960 1913 2012 de-

47 2044 280 2113 bilitent,
323 2047 418 2098 sed
460 2048 516 2097 in
558 2045 816 2097 omnibus
858 2064 1078 2097 servare
1118 2049 1557 2115 temperantiam.

196 2209 324 2264 193.
375 2210 584 2263 Modus
621 2210 835 2276 agendi
863 2209 1241 2263 confessarii.
1286 2230 1333 2262 α.
1367 2210 1685 2279 Scrupulosi
1715 2230 1917 2280 magna

44 2300 278 2351 caritate
306 2308 359 2350 et
388 2301 656 2368 patientia
684 2299 958 2350 tractandi
989 2307 1149 2350 sunt:
1193 2306 1321 2350 sunt
1359 2301 1505 2350 enim
1543 2299 1747 2351 infirmi
1775 2320 1916 2353 com·

50 2390 401 2440 miseratione
459 2389 630 2457 digni,
685 2390 779 2458 qui
834 2388 939 2439 sibi
993 2388 1276 2440 consulere
1326 2407 1437 2439 non
1477 2397 1720 2458 possunt.
1801 2390 1917 2441 Nec

45 2485 236 2528 tamen
278 2496 347 2529 ex
389 2479 563 2529 nimia
603 2478 947 2546 benignitate
990 2479 1066 2528 eis
1099 2478 1155 2529 id
1187 2477 1604 2530 concedendum
1631 2486 1724 2542 est,
1769 2478 1917 2548 quod

52 2566 337 2636 scrupulos
389 2575 577 2636 auget,
634 2569 802 2618 immo
857 2569 1129 2618 constanti
1188 2567 1428 2636 quodam
1481 2568 1661 2635 rigore
1716 2566 1785 2618 ab
1841 2569 1918 2619 eis

52 2657 199 2724 exigi
244 2656 421 2724 debet,
465 2656 613 2726 quod
653 2657 723 2708 ad
767 2657 1018 2708 morbum
1061 2656 1425 2708 minuendum
1466 2656 1554 2707 vel
1608 2656 1917 2708 sanandum

53 2754 422 2814 opportunum
464 2746 761 2799 videbitur.

204 2842 248 2895 b.
295 2840 638 2910 Cognoscere
669 2843 900 2908 studeat,
931 2861 1063 2894 num
1092 2843 1381 2911 poenitens
1410 2860 1540 2893 vere
1569 2842 1920 2911 scrupulosus

50 2932 140 2997 -sit,
184 2949 461 3001 quaenam
503 2933 572 2983 sit
611 2931 992 3001 scrupulorum
1036 2933 1204 3000 origo,
1248 2939 1431 2982 utrum
1467 2932 1523 2982 in
1558 2950 1666 2983 uno
1707 2940 1920 2983 tantum

56 3039 126 3070 an
170 3021 224 3070 in
266 3020 516 3089 pluribus
557 3020 910 3090 scrupulosus
963 3022 1048 3074 sit.
1131 3019 1467 3071 Confessarii
1521 3029 1602 3071 est
1653 3021 1918 3087 iudicare,

55 3127 187 3159 num
230 3111 518 3178 poenitens
560 3109 912 3180 scrupulosus
938 3111 1035 3177 sit3
1079 3109 1385 3178 scrupulosi
1414 3111 1519 3179 ipsi
1554 3110 1666 3161 fere
1708 3128 1923 3178 semper

55 3206 253 3267 putant
293 3200 516 3250 timores
557 3217 682 3250 suos
722 3218 832 3251 non
875 3218 990 3251 esse
1031 3201 1240 3251 inanes,

206 3315 245 3348 c,
287 3293 354 3346 In
397 3294 641 3346 consiliis
682 3303 734 3346 et
773 3297 1049 3364 responsis
1096 3295 1381 3347 tradendis
1433 3295 1622 3346 brevis
1671 3296 1755 3361 sit,
1810 3312 1922 3346 non

57 3381 319 3451 ambigue
373 3391 425 3434 et
483 3383 824 3450 dubitanter,
887 3385 983 3436 sed
1037 3384 1263 3436 definite
1321 3398 1374 3435 et
1430 3385 1792 3456 determinate
1845 3383 1920 3434 lo-

1033 3460 1206 3469 ——----‚-«.‘.

53 3479 274 3540 quatur,
335 3472 552 3541 regulas
611 3472 894 3540 generales
953 3476 1084 3540 (non
1144 3473 1524 3542 particulares)
1591 3461 1921 3540 suppeditet,

1661 3559 1746 3602 14*
