2269 3898
726 134 791 177 De
822 137 986 176 natura
1020 132 1311 176 matrimonii.
1895 134 1949 175 25

86 266 351 319 fidelium.
428 265 665 334 Insuper
721 284 1008 334 supremus
1061 267 1332 335 princePS,
1390 266 1545 316 cuius
1603 274 1841 334 potestas
1895 267 1952 316 in

92 357 498 406 matrimonium
565 353 935 405 examinanda
995 363 1089 420 est,
1156 355 1270 422 ipse
1328 352 1502 404 fidelis
1563 361 1656 404 aut
1716 352 1952 404 infidelis

87 462 206 496 esse
247 451 437 513 potest.

238 590 329 644 25.
402 591 474 643 In
540 590 925 642 matrimonia
993 589 1280 642 fidelium.
1374 591 1418 641 1.
1476 589 1722 641 Potestas
1775 590 1954 641 civilis

88 679 273 749 quoad
325 679 662 730 matrimonia
700 677 945 745 fidelium
1000 677 1210 729 nullum
1268 680 1350 728 ius
1408 677 1572 728 habet
1625 687 1675 729 et
1724 679 1954 748 proinde

90 786 269 837 neque
310 767 705 836 impedimenta
749 767 1064 819 dirimentia
1107 785 1283 836 neque
1322 766 1682 835 impedientia
1719 776 1954 818 statuere

88 864 295 927 potest3
353 856 474 907 ideo
529 856 745 906 efficere
801 858 1006 925 nequit,
1061 864 1119 907 ut
1174 856 1521 906 matrimonia
1573 854 1818 906 fidelium
1862 875 1956 924 per

90 964 147 997 se
189 947 304 997 sive
347 944 593 996 invalida
635 946 752 996 sive
797 944 985 995 illicita
1027 946 1149 1011 sint,
1209 944 1355 1014 quod
1413 952 1464 994 et
1512 945 1649 994 ratio
1694 943 1864 994 dictat
1906 953 1959 994 et

90 1034 390 1086 declaratio
434 1032 695 1084 ecclesiae
739 1033 1093 1097 confirmatl).

241 1122 407 1176 Quodsi
441 1128 643 1177 potestas
677 1122 824 1165 civilis
856 1122 1152 1164 nihilominus
1186 1121 1302 1164 circa
1335 1121 1677 1163 matrimonium
1712 1120 1956 1174 quidquam

88 1198 274 1252 statuit,
315 1197 431 1251 quod
474 1197 521 1239 in
566 1210 610 1239 se
656 1197 825 1239 malum
871 1210 960 1239 non
1003 1196 1077 1249 sit,
1120 1196 1276 1238 fideles
1318 1209 1407 1237 non
1449 1195 1592 1237 solum
1634 1194 1758 1237 licite
1791 1207 1957 1237 morem

89 1286 245 1328 gerere
276 1277 481 1326 possunt,
515 1271 591 1314 sed
626 1271 688 1313 eis
722 1272 859 1314 etiam
893 1270 1225 1325 iniungendum
1261 1274 1342 1323 est,
1375 1276 1425 1311 ut
1461 1274 1640 1311 servent
1664 1267 1958 1321 condiciones,

91 1360 203 1401 quas
237 1350 439 1401 potestas
473 1345 622 1388 civilis
656 1346 712 1388 ad
747 1345 948 1389 validum
985 1345 1055 1387 vel
1089 1344 1265 1386 licitum
1302 1342 1643 1385 matrimonium
1669 1341 1958 1396 praescribit;

88 1434 181 1464 non
215 1420 332 1475 quod
366 1419 533 1463 directe
566 1419 613 1461 in
647 1418 921 1461 conscientia
954 1418 1060 1460 illae
1094 1416 1313 1471 obligent,
1349 1417 1425 1459 sed
1459 1430 1512 1459 ne
1559 1416 1763 1458 fidelium
1808 1415 1960 1457 matri-

91 1495 244 1538 monia
278 1500 459 1538 careant
493 1493 728 1537 effectibus
763 1492 972 1535 civilibus
1005 1492 1053 1534 in
1087 1491 1316 1546 proprium
1351 1496 1395 1533 et
1440 1490 1680 1533 liberorum
1725 1489 1961 1533 detrimen-

91 1574 213 1619 tum;
248 1569 468 1612 indirecte
501 1581 606 1623 ergo
640 1581 693 1610 ex
727 1567 918 1610 caritate
952 1579 1058 1621 erga
1093 1578 1138 1608 se
1171 1565 1291 1620 ipsos
1326 1572 1368 1607 et
1403 1564 1564 1607 liberos
1590 1578 1689 1606 suos
1713 1564 1816 1606 illas
1840 1564 1961 1618 leges

90 1658 269 1689 servare
302 1650 530 1687 tenentur.

242 1720 288 1772 2.
344 1719 462 1769 Etsi
504 1718 802 1768 auctoritas
845 1717 1024 1768 civilis
1075 1719 1131 1768 in
1173 1714 1383 1784 effectus
1422 1713 1749 1764 matrimonii
1788 1730 1962 1763 essen·

93 1808 249 1861 tiales
306 1807 580 1859 influxum
640 1825 893 1857 exercere
951 1813 1203 1875 nequeat,
1267 1804 1492 1854 effectus
1546 1810 1726 1852 tamen
1786 1802 1962 1851 matri-

94 1898 267 1949 monii
310 1895 500 1947 civiles
541 1897 761 1965 propria
802 1903 1069 1964 potestate
1111 1911 1298 1961 regere
1339 1899 1529 1960 potest.
1587 1891 1746 1941 Ratio
1769 1890 1964 1959 primi:

96 1988 190 2056 qui
232 1985 299 2037 de
341 1986 458 2054 ipso
501 1986 848 2036 matrimonio
893 1985 1117 2053 eiusque
1160 1981 1344 2033 valore
1394 1980 1619 2045 iudicat,
1674 1981 1839 2030 etiam
1897 1977 1963 2029 de

97 2078 177 2138 iis,
223 2092 362 2144 quae
404 2075 711 2125 necessario
754 2073 882 2124 inde
925 2080 1244 2142 sequuntur,
1288 2069 1533 2121 iudicare
1572 2067 1748 2120 debet.
1803 2067 1961 2118 Ratio

95 2164 343 2217 secundi.-
398 2181 521 2214 cum
572 2163 984 2214 matrimonium
1036 2163 1102 2212 sit
1154 2167 1465 2212 contractus
1515 2157 1746 2222 socialiS,
1799 2158 1963 2207 etiam

98 2256 218 2305 iura
275 2261 325 2303 et
385 2251 748 2319 obligationes
810 2251 1000 2302 civiles
1059 2251 1218 2320 parit,
1285 2267 1423 2318 quae
1486 2248 1711 2298 effectus
1777 2244 1965 2296 civiles

101 2343 410 2411 nuncupari
465 2340 665 2406 solentg
722 2342 830 2391 iam
886 2341 1032 2391 circa
1081 2339 1180 2390 hos
1223 2338 1448 2389 effectus
1490 2344 1728 2405 potestas
1770 2334 1965 2386 civilis.

98 2449 274 2501 eaque
316 2429 445 2496 sola,
488 2429 636 2498 leges
676 2430 781 2481 fert
821 2431 856 2481 i.
888 2447 933 2481 e.
966 2446 1055 2479 eos
1086 2427 1452 2479 determinare
1494 2433 1546 2476 et
1587 2425 1747 2476 certis
1789 2424 1967 2474 matri-

101 2522 299 2572 moniis
341 2539 409 2570 ex
452 2522 591 2570 iusta
633 2538 798 2575 causa
841 2536 930 2569 eos
972 2516 1294 2569 abiudicare
1337 2523 1527 2583 potest.

250 2623 291 2652 α.
323 2610 528 2652 Effectus
561 2608 842 2652 matrimonii
890 2607 968 2651 alii
1011 2611 1118 2649 sunt
1150 2603 1427 2657 essentialeS,
1473 2602 1552 2645 alii
1598 2602 1776 2645 civiles:
1822 2613 1969 2643 esset-2-

100 2684 236 2727 tiales
268 2688 398 2726 sunt:
449 2683 669 2738 obligatio
703 2681 1008 2735 cohabitandi,
1042 2679 1193 2734 patria
1223 2677 1435 2733 'potestas
1475 2676 1522 2718 in
1562 2675 1681 2718 filios
1729 2678 1774 2717 et
1817 2675 1967 2729 legiti-

103 2759 240 2801 mitas
274 2758 427 2813 prolis.
490 2757 550 2800 Hi
583 2759 772 2800 effectus
804 2756 903 2799 ideo
937 2753 1199 2798 essentiales
1233 2752 1460 2803 dicuntur,
1501 2749 1606 2803 quia
1638 2762 1692 2792 ex
1734 2748 1832 2803 ipso
1876 2761 1971 2790 con-

103 2837 256 2877 tractu
297 2831 624 2875 matrimoniali
663 2830 910 2874 necessario
957 2832 1302 2882 consequuntur.
1377 2824 1581 2866 Effectus
1625 2822 1777 2865 civiles
1820 2821 1972 2864 matri-

105 2907 262 2961 monii,
295 2906 370 2960 qui
403 2906 500 2948 iure
533 2905 712 2960 proprio
736 2905 793 2947 ad
815 2908 1090 2959 potestatem
1114 2900 1346 2956 politicam
1367 2897 1612 2953 pertinent,
1646 2899 1773 2938 sunt:
1808 2909 1849 2936 α.
1874 2908 1974 2936 con-

104 2986 281 3024 tractus
314 2979 557 3035 coniugum
591 2979 708 3022 circa
741 2978 855 3021 bona
888 2976 1182 3032 temporalia;
1221 2975 1258 3022 i3.
1278 2973 1348 3015 ius
1381 2970 1534 3014 uxoris
1566 2974 1612 3013 et
1644 2969 1843 3012 filiorum
1877 2980 1973 3022 par-

106 3055 331 3111 ticipandi
362 3055 411 3098 in
444 3054 585 3108 bonis,
621 3052 927 3108 dignitatibus
960 3056 1006 3094 et
1038 3049 1191 3092 titulis
1225 3046 1379 3090 mariti
1413 3045 1484 3088 vei
1509 3042 1676 3099 patris:
1712 3056 1751 3093 γ.
1785 3041 1855 3084 ius
1879 3054 1973 3083 suc-

107 3129 295 3174 cedendi
328 3134 560 3183 tamquam
594 3128 801 3171 heredem
835 3125 1095 3181 legitimum
1136 3123 1184 3165 in
1228 3121 1342 3164 bona
1383 3117 1611 3162 defuncti:
1657 3116 1695 3158 ὃ.
1739 3114 1972 3170 quantitas

106 3204 246 3255 dotis;
283 3219 316 3245 ε.
350 3203 585 3258 quantitas
618 3201 763 3256 partis
797 3199 1032 3255 legitimae
1065 3202 1148 3240 etc.

256 3278 292 3323 h.
326 3276 467 3332 Leges
500 3276 726 3331 politicae,
760 3274 921 3329 quibus
968 3276 1191 3326 reguntur
1239 3270 1428 3312 effectus
1476 3266 1631 3309 civiles
1677 3261 1972 3315 matrimonii,

106 3354 154 3397 in
187 3351 461 3396 conscientia
494 3350 719 3405 obligant:
757 3352 863 3391 sunt
897 3347 1015 3391 enim
1049 3346 1170 3400 leges
1204 3343 1260 3386 ab
1292 3341 1567 3386 auctoritate
1611 3342 1893 3393 competente
1926 3335 1974 3378 in

263 3485 293 3539 1)
323 3485 390 3528 Cf.
426 3483 572 3527 Pescla
605 3482 706 3525 VH.
741 3495 783 3524 n.
818 3480 918 3523 881.
