2269 3898
741 125 807 168 De
838 123 1129 167 matrimonio
1161 123 1300 167 civili.
1867 122 1952 164 199

240 258 277 301 b.
313 258 522 301 Civiliter
554 257 714 312 iuncti,
747 270 932 311 quorum
968 255 1310 299 matrimonium
1344 269 1490 298 coram
1525 255 1710 299 ecclesia
1748 253 1951 297 validum

89 340 172 387 est,
207 338 422 375 tenentur
455 340 608 387 petere
641 330 990 374 ecclesiasticam
1013 329 1410 373 conraliclationem
1433 343 1510 372 seu
1533 333 1748 373 tenentur
1769 328 1816 371 in
1836 326 1954 370 facie

87 406 299 450 ecclesiae
330 419 546 449 renovare
579 419 858 448 consensum.
924 404 1092 457 Quodsi
1125 417 1275 447 eorum
1317 403 1657 446 matrimonium
1697 401 1952 445 invalidum

89 485 157 524 est
188 494 269 523 nec
301 479 579 523 convalidari
613 483 780 534 potest,
813 483 1028 522 tenentur
1049 481 1201 533 petere
1224 477 1357 521 civile
1381 477 1644 531 divortium,
1677 475 1795 530 quod
1816 475 1953 518 iudex

89 553 222 597 iuxta
252 554 376 608 leges
411 553 706 608 pronuntiare
740 556 892 608 potest
924 557 971 595 et
1004 552 1151 596 debet.

236 640 269 671 c.
304 626 349 669 Si
383 626 581 669 civiliter
612 626 758 669 iuncti
801 626 993 681 parocho
1039 639 1085 669 se
1133 626 1302 668 sistant
1350 624 1690 668 matrimonium
1740 624 1785 666 in
1824 623 1953 679 facie

93 700 307 744 ecelesiae
340 700 633 753 contraetm’i,
666 700 863 743 examini
897 713 1160 755 sponsorum
1194 699 1353 742 subiici
1394 698 1571 748 debent,
1607 702 1652 741 et
1685 698 1722 741 si
1754 711 1844 740 non
1885 697 1952 740 ob-

90 779 185 817 stat
215 774 611 829 impedimentum,
644 787 797 817 eorum
832 774 1190 828 matrimonium,
1222 773 1311 816 nisi
1334 777 1520 831 petatur
1544 772 1836 827 dispensatio,
1860 784 1957 826 pro-

87 849 373 891 clamandum
410 853 494 903 est,
528 863 614 904 quo
645 850 768 892 facto
802 849 849 892 in
882 849 999 893 facie
1032 848 1242 892 ecclesiae
1274 847 1405 902 iungi
1439 852 1644 902 possunt.

238 939 285 991 3.
308 939 726 991 Matrimonium
749 938 912 990 civile
936 940 990 989 in
1015 939 1081 990 iis
1103 937 1422 1005 regionibus
1442 938 1657 1002 initum,
1677 937 1733 986 in
1755 934 1956 1004 quibus

89 1029 240 1095 viget
277 1038 443 1097 caput
475 1030 722 1093 Tametsi,
763 1046 830 1079 ne
866 1026 1109 1079 valorem
1145 1027 1369 1096 quidem
1405 1025 1742 1095 sponsalium
1771 1023 1957 1090 habet,

88 1135 266 1186 neque
320 1118 782 1185 impedimentum
839 1116 1096 1187 publicae
1152 1115 1454 1168 honestatis
1510 1113 1780 1183 producit,
1832 1131 1957 1182 qua-

90 1224 307 1276 cunque
363 1208 668 1259 intentione
723 1206 858 1258 illud
913 1206 1282 1272 contrahatur,
1342 1207 1459 1256 sive
1513 1205 1697 1274 sponsi
1747 1221 1959 1255 merum

89 1296 256 1347 ritum
299 1295 520 1348 civilem
563 1314 827 1365 peragere
870 1299 986 1348 sive
1020 1295 1297 1367 sponsalia
1335 1295 1401 1347 de
1439 1294 1622 1345 futuro
1661 1294 1800 1344 inire
1843 1293 1959 1343 sive

95 1386 508 1437 matrimonium
552 1385 617 1436 de
660 1386 936 1455 praesenti
979 1383 1301 1437 contrahere
1344 1382 1652 1435 intendunt.

241 1489 332 1532 Diu
366 1490 652 1544 multumque
687 1490 740 1533 de
773 1490 857 1532 hac
878 1503 925 1533 re
954 1489 1075 1532 inter
1098 1489 1332 1543 theologos
1357 1487 1642 1542 disputatum
1666 1488 1758 1537 est3
1793 1488 1962 1526 contro·

88 1563 282 1606 versiam
316 1564 500 1607 tandem
536 1564 719 1607 diremit
754 1564 979 1607 decretum
1017 1563 1057 1608 S.
1092 1563 1137 1606 C.
1172 1563 1218 1606 C.
1263 1563 1333 1606 17.
1384 1566 1517 1604 mart.
1552 1560 1667 1602 1879
1715 1573 1741 1601 a
1788 1571 1963 1600 summo

90 1638 304 1693 pontifice
345 1638 662 1694 approbatum,
703 1651 788 1693 quo
823 1638 1047 1682 statuitur
1082 1636 1452 1691 „matrimonium
1486 1634 1618 1678 civile
1649 1634 1697 1676 in
1730 1633 1853 1687 locis,
1885 1631 1962 1674 ubi

89 1713 431 1767 promulgatum
465 1718 533 1756 est
568 1712 797 1756 decretum
831 1712 1151 1766 tridentinum,
1185 1711 1280 1755 sive
1311 1711 1469 1753 fideles
1509 1713 1660 1752 actum
1704 1707 1853 1762 ipsum
1895 1719 1964 1749 ex-

90 1787 266 1841 plentes
299 1786 559 1841 intendant,
604 1787 674 1829 uti
709 1800 790 1842 par
829 1791 913 1841 est,
955 1800 1122 1829 meram
1168 1785 1464 1829 ceremoniam
1515 1783 1693 1827 civilem
1735 1793 1964 1837 peragere,

92 1861 186 1904 sive
217 1860 463 1904 intendant
496 1861 725 1916 sponsalia
759 1861 812 1904 de
843 1863 1001 1904 futuro
1049 1860 1178 1915 inire,
1225 1860 1320 1903 sive
1367 1859 1552 1902 tandem
1601 1870 1655 1900 ex
1702 1854 1966 1911 ignorantia

91 1941 173 1978 aut
204 1935 253 1978 in
286 1940 489 1990 spretum
525 1935 929 1979 ecclesiasticarum
949 1936 1102 1990 legum
1126 1934 1372 1978 intendant
1395 1931 1737 1976 matrimonium
1763 1930 1817 1973 de
1842 1941 1964 1985 prae-

91 2008 209 2052 senti
242 2010 520 2064 contrahere,
554 2010 916 2065 impedimentmn
951 2010 1153 2052 institiae
1190 2009 1402 2065 publicae
1444 2006 1695 2050 honestatis
1736 2018 1822 2047 non
1855 2017 1964 2060 pro-

90 2084 302 2127 (l11ee1²e.“

241 2176 292 2226 4,
348 2175 769 2226 Matrimonium
826 2173 988 2226 civile
1043 2176 1098 2225 in
1152 2175 1219 2225 iis
1270 2170 1589 2241 regionibus
1643 2172 1857 2235 initum,
1909 2170 1965 2219 in

93 2263 294 2333 quibus
348 2265 499 2332 viget
552 2263 835 2316 decretum
887 2264 1276 2328 tridentinum,
1332 2262 1591 2313 rationem
1640 2259 1968 2311 matrimonii

94 2354 343 2404 attentati
382 2353 551 2417 habet,
595 2353 742 2405 unde
783 2352 922 2404 haec
964 2359 1403 2421 consequuntur:

243 2470 284 2499 a.
320 2457 364 2500 Si
399 2458 625 2501 concurrit
659 2471 759 2500 cum
793 2457 1033 2511 adulterio,
1066 2456 1095 2499 i.
1130 2469 1165 2499 e.
1200 2455 1238 2498 si
1281 2469 1373 2498 una
1415 2467 1518 2509 pars
1563 2452 1841 2508 coniungata
1884 2456 1968 2506 est,

96 2543 150 2573 ex
183 2544 232 2574 eo
266 2532 412 2575 oritur
443 2532 823 2587 impedimentum
858 2530 1074 2574 criminis.

244 2605 280 2647 b.
315 2605 475 2649 Clerici
507 2606 555 2649 in
589 2606 727 2650 sacris
776 2605 1018 2649 constituti
1067 2609 1111 2649 et
1158 2605 1390 2660 regulares
1439 2603 1531 2658 (vel
1580 2602 1814 2654 moniales)
1860 2605 1967 2644 voto

95 2679 302 2723 sollemni
336 2680 568 2723 castitatis
602 2680 825 2734 obstricti,
875 2680 951 2736 qui
985 2679 1328 2723 matrimonium
1378 2678 1511 2722 civile
1559 2677 1849 2725 contrahunt,
1898 2688 1968 2718 ex-

95 2754 551 2798 communicationem
586 2755 814 2799 ordinario
847 2758 1125 2799 reservatam
1157 2752 1453 2808 incurrunt¹).

245 2843 277 2872 c.
313 2829 489 2884 Clerici,
523 2829 599 2884 qui
633 2830 976 2873 matrimonium
1011 2829 1143 2873 civile
1177 2831 1506 2883 consummant,
1550 2826 1826 2869 contrahunt
1865 2823 1968 2867 irre-

95 2904 394 2958 gularitatem
430 2916 484 2947 ex
517 2903 721 2958 bigamia
754 2903 1147 2949 similitudinaria.

248 3051 375 3106 186.
422 3053 568 3103 Num
607 3055 950 3121 mczqistratas
992 3062 1038 3103 et
1080 3061 1232 3104 testes
1273 3054 1606 3104 matrimonio
1650 3053 1793 3105 civili
1828 3053 1968 3106 licite

95 3143 340 3193 assistere
371 3143 600 3211 possint.

247 3250 295 3285 α.
339 3231 519 3282 Licite
561 3232 813 3282 assistere
856 3239 1099 3300 possunt,
1129 3233 1345 3300 quoties
1371 3231 1560 3284 fideles
1590 3251 1772 3285 coram
1799 3234 1965 3300 magi-

97 3327 271 3371 stratu
313 3319 464 3371 civili
509 3328 887 3389 comparentes
928 3319 1076 3372 hunc
1118 3320 1292 3372 solum
1336 3321 1404 3373 de
1451 3323 1801 3373 matrimonio
1844 3340 1966 3373 con-

253 3468 282 3522 ¹>
314 3468 508 3512 Constit.
542 3470 696 3524 Apost.
729 3468 867 3512 sedis.
900 3469 982 3512 III.
1020 3470 1057 3514 1.
