2269 3898
838 162 904 204 De
937 162 1233 216 sponsalibus.
1915 163 1963 204 ὧι

100 296 271 364 partis
325 295 570 364 elapsum
625 302 704 346 est
759 303 991 364 tempus,
1047 313 1172 363 pars
1222 296 1487 346 innocens
1540 314 1571 346 a
1625 294 1971 364 sponsalibus

99 384 307 436 resilire
343 392 534 453 potest.
619 385 667 454 β.
714 382 876 448 Quod
906 385 949 434 si
979 382 1162 434 nullus
1187 385 1453 434 terminus
1483 374 1818 435 matrimonii
1850 401 1970 434 con-

102 471 355 524 trahendi
387 472 664 541 praefixus
702 471 821 534 fuit,
866 471 957 522 illa
986 490 1128 541 pars,
1174 489 1313 540 quae
1344 471 1549 522 diutius
1579 490 1758 523 moras
1786 471 1970 535 trahit,

97 562 254 613 alteri
297 563 441 630 parti
495 569 817 630 potestatem
877 560 1174 613 recedendi
1231 580 1262 611 a
1305 568 1588 611 contractu
1630 560 1810 611 facere
1854 579 1972 611 cen·

101 659 264 704 setur.
348 650 568 714 Quanto
611 658 794 701 autem
835 658 1080 719 tempore
1134 658 1425 718 expectare
1468 648 1603 700 haec
1647 649 1859 715 debeat⁷
1915 656 1973 699 ut

101 760 132 792 a
174 738 520 809 sponsalibus
561 741 678 790 iure
732 738 940 790 resilire
995 740 1181 808 possit,
1227 738 1561 807 prudentum
1605 738 1809 789 iudicio
1853 756 1971 789 con-

100 829 352 880 sideratis
392 827 670 879 adiunctis
713 827 1195 879 determinandum
1239 835 1334 879 est.

250 947 293 1000 b.
340 945 464 998 Sine
516 964 768 998 consensu
817 945 1038 998 alterius
1079 946 1264 1016 partis
1318 944 1423 997 alio
1482 963 1533 995 se
1585 944 1837 1014 coozferre.
1919 943 1974 996 Si

98 1056 212 1088 una
252 1055 378 1107 pars
434 1037 633 1105 migrat
674 1037 730 1086 in
773 1035 943 1087 alium
984 1035 1181 1097 locum,
1243 1036 1417 1085 inscia
1458 1033 1547 1085 vel
1589 1035 1765 1085 invita
1806 1033 1973 1085 altera

101 1133 274 1195 parte,
332 1126 465 1195 quin
524 1143 648 1194 spes
691 1127 759 1176 sit
801 1144 920 1176 eam
977 1124 1136 1176 brevi
1187 1124 1487 1176 redituram
1544 1141 1675 1189 esse,
1735 1141 1859 1192 pars
1900 1141 1973 1174 re-

102 1232 329 1266 manens
390 1216 573 1265 statim
630 1234 662 1266 a
720 1213 1067 1284 sponsalibus
1128 1212 1335 1264 resilire
1377 1221 1570 1282 potest,
1633 1214 1750 1264 sive
1812 1231 1974 1264 causa

103 1305 448 1371 migrationis
489 1303 595 1354 fuit
635 1305 946 1355 necessaria
988 1305 1105 1354 sive
1148 1301 1492 1353 voluntaria:
1548 1304 1639 1370 qui
1682 1303 1829 1353 enim
1870 1301 1976 1352 alio

100 1394 316 1461 migrat,
375 1392 478 1444 hoc
532 1394 651 1462 ipso
706 1374 1083 1462 sponsalibus*
1110 1393 1427 1442 renuntiare
1484 1400 1752 1457 censetur,
1808 1389 1976 1442 altera

102 1500 234 1533 vero
276 1501 404 1551 pars
446 1484 683 1551 acquirit
722 1481 1034 1533 libertatem
1079 1499 1203 1531 cum
1246 1479 1350 1531 alio
1396 1477 1822 1548 contrahendil).

256 1601 300 1644 Si
336 1615 439 1656 pars
474 1615 709 1644 remanens
746 1601 1038 1656 migrationis
1072 1601 1262 1643 alterius
1296 1599 1441 1654 partis
1473 1599 1690 1641 notitiam
1732 1598 1893 1641 habuit
1934 1603 1980 1641 et.

96 1676 356 1730 consensit,
410 1675 608 1719 reditum
665 1681 902 1730 expectare
952 1674 1097 1717 debet.
1178 1673 1346 1727 Quodsi
1389 1674 1535 1716 altera
1583 1686 1687 1728 pars
1734 1673 1782 1715 in
1831 1672 1977 1715 locum

101 1750 301 1793 vicinum
336 1763 382 1793 se
415 1749 611 1793 contulit
644 1751 714 1793 vel
739 1762 838 1804 spes
873 1752 940 1792 est
965 1762 1063 1791 eam
1090 1747 1213 1791 brevi
1236 1761 1517 1791 reversuram
1544 1761 1652 1802 esse,
1686 1747 1782 1790 eius
1805 1747 1979 1790 reditus

100 1825 409 1880 expectandus
445 1825 516 1868 vel
550 1825 650 1885 ipsa
683 1825 905 1867 monenda
939 1828 1022 1877 est,
1055 1830 1109 1865 ut
1141 1823 1264 1866 intra
1299 1828 1472 1865 certum
1507 1826 1687 1876 tempus
1725 1822 1881 1864 redeat
1922 1822 1978 1864 ad

96 1899 415 1943 celebrandum
452 1899 795 1942 matrimonium
831 1898 1118 1953 promissum.
1154 1902 1198 1941 et
1234 1897 1270 1939 si
1305 1910 1394 1940 non
1417 1897 1587 1950 redeat,
1622 1909 1725 1950 pars
1743 1908 1978 1938 remanens

96 1975 241 2018 libera
273 1979 354 2017 est.

251 2100 289 2131 c.
334 2077 464 2130 Alia
517 2077 794 2148 sponsalia
848 2078 1020 2140 inire;
1074 2088 1126 2127 et
1178 2075 1453 2145 sponsalia
1509 2074 1733 2144 quidem
1791 2082 1979 2124 contra

98 2169 268 2220 fidem
310 2170 554 2238 priorum
597 2174 877 2218 contracta
919 2164 1166 2218 invalida
1209 2174 1349 2230 sunt,
1403 2165 1502 2215 etsi
1546 2165 1852 2214 iuramento
1895 2162 1978 2213 fir-

103 2267 249 2310 mata
305 2265 499 2319 essent,
557 2264 743 2326 utpote
786 2255 992 2317 illicita,
1052 2264 1104 2306 et
1144 2273 1286 2324 pars,
1347 2272 1486 2323 quae
1539 2252 1702 2303 fidem
1762 2270 1978 2321 sponsa-

97 2347 277 2399 litiam
320 2346 566 2412 violavit,
625 2346 817 2414 primis
875 2343 1223 2414 sponsalibus
1278 2351 1511 2408 tenetur,
1569 2341 1739 2393 altera
1795 2350 1978 2392 autem

101 2456 229 2507 pars
270 2438 537 2487 innocens
579 2434 648 2486 ab
691 2433 1026 2502 obligatione
1070 2433 1350 2485 liberatur.

252 2557 301 2611 d.
345 2555 774 2607 Fornicationem
815 2555 1128 2604 committere
1185 2571 1296 2604 cum
1338 2551 1452 2603 ulia
1489 2569 1735 2619 persona.
1775 2581 1845 2586 »-
1887 2549 1979 2600 Di-

100 2647 310 2712 stingui
371 2643 536 2695 debet
586 2644 875 2695 fornicatio
929 2651 1055 2693 ante
1111 2640 1386 2710 sponsalia
1441 2649 1492 2691 et
1544 2649 1665 2709 post
1705 2637 1981 2708 sponsalia

107 2735 426 2797 commissa3
497 2734 720 2802 insuper
787 2734 844 2783 in
908 2732 1290 2795 fornicatione,
1358 2747 1522 2799 quam
1588 2729 1772 2798 sponsi
1841 2744 1980 2778 com-

104 2825 345 2888 mittunt,
391 2823 498 2873 duo
533 2821 743 2872 attendi
786 2820 1017 2872 debent:
1061 2822 1238 2889 primo
1282 2820 1342 2881 is,
1388 2819 1481 2888 qui
1511 2817 1814 2869 fornicatur
1855 2834 1978 2867 cum

104 2931 338 2983 persona
399 2919 679 2977 extranea⁷
737 2910 941 2980 frangit
997 2910 1161 2962 fidem
1220 2908 1616 2979 sponsalitiam,
1675 2915 1727 2958 et
1779 2905 1981 2958 deinde

101 3002 174 3054 ob
217 3002 633 3053 fornicationem
665 3000 914 3051 redditur
953 2999 1145 3064 vilior3
1189 3000 1290 3050 iste
1330 3005 1516 3049 tamen
1546 2997 1772 3048 effectus
1808 2997 1982 3062 magis

103 3109 361 3161 sponsam
405 3089 593 3155 afficit,
639 3107 804 3158 quam
846 3106 1122 3157 sponsum.

256 3227 306 3262 α.
339 3211 567 3278 Propter
605 3208 1028 3259 fornicationem
1069 3215 1190 3258 ante
1231 3204 1511 3275 sponsal-ico
1540 3205 1889 3256 commissam
1931 3211 1982 3253 et

105 3307 230 3369 post
284 3297 560 3368 sponsalia
617 3298 894 3366 cognitam
955 3305 1070 3346 tum
1131 3312 1360 3364 sponsus
1416 3302 1530 3344 tum
1574 3294 1738 3344 etiam
1783 3309 1981 3360 sponsa

260 3520 294 3575 l)
329 3521 374 3566 C.
409 3520 474 3563 De
506 3519 614 3562 illis.
647 3519 673 3561 5
707 3519 778 3561 De
810 3519 1007 3574 sponsal.
1042 3521 1084 3560 et
1114 3517 1313 3559 matrim.
1348 3515 1440 3571 (IV.
1478 3516 1532 3566 1).
