2301 3962
555 247 621 288 De
652 244 888 299 principiis
920 244 1177 299 theologiae
1209 243 1405 286 moralis.
1854 245 1907 284 ii

56 379 125 431 ad
167 378 602 447 comprobandas
645 377 1159 445 confirmandasque
1210 377 1468 426 veritates
1522 374 1767 440 morales,
1825 393 1914 425 eas

56 469 390 536 praesertim,
433 484 572 535 quae
612 465 683 516 ad
724 472 1066 515 sacramenta
1107 463 1431 528 referuntur,
1487 471 1616 531 apte
1670 464 1914 513 inservit.

53 554 185 606 Ideo
228 561 597 618 monumenta,
642 571 779 622 quae
821 553 1110 620 antiquum
1151 551 1416 603 ecclesiae
1442 570 1601 601 usum
1632 558 1913 610 testantur,

56 645 196 694 inter
237 642 412 693 fontes
451 641 758 708 theologiae
801 640 1021 691 moralis
1064 640 1254 690 merito
1299 647 1602 690 censentur.

206 745 253 797 8.
312 744 652 813 Philosophia
712 742 942 794 moralis.
1039 743 1119 793 Eo
1186 742 1329 810 quod
1391 742 1551 793 homo
1613 742 1682 793 ad
1747 742 1913 792 finem

60 832 530 902 supernaturalem
573 832 877 883 destinatus
919 839 1014 896 est,
1064 831 1322 881 veritates
1379 838 1430 880 et
1483 830 1628 897 leges
1686 829 1915 879 morales

59 922 266 973 ordinis
321 919 584 971 naturalis
637 938 744 971 non
787 918 1083 986 abrogatae
1138 918 1232 969 sed
1286 918 1356 968 ad
1411 920 1671 969 maiorem
1714 917 1914 986 perfec-

58 1011 263 1060 tionem
291 1016 512 1060 evectae
537 1016 677 1073 sunt,
703 1007 824 1059 ideo
850 1009 904 1058 in
927 1006 1261 1074 theologiam
1285 1006 1545 1057 moralem
1568 1015 1919 1057 assumuntur

60 1106 112 1149 et
170 1116 279 1148 una
339 1115 463 1148 cum
518 1096 840 1147 veritatibus
904 1095 1111 1147 ordinis
1164 1095 1593 1163 supernaturalis
1648 1095 1917 1145 scientiam

62 1186 344 1254 theologiae
386 1184 601 1236 moralis
641 1186 994 1236 constituunt.

816 1462 888 1474 sxaf
898 1458 1167 1473 v*“v“va‘NJN.a'x

684 1756 1027 1846 Quaestio
1077 1755 1321 1821 tertia.

334 1911 421 1963 De
462 1909 825 1973 principiis
868 1908 1251 1972 theologiae
1293 1907 1654 1970 moralie1).

217 2085 308 2137 10.
365 2084 515 2157 Quid
565 2085 712 2138 Sint.
796 2086 841 2136 1.
895 2084 979 2134 De
1032 2084 1319 2151 principiis
1358 2081 1664 2150 theologiae
1706 2080 1924 2132 moralis

66 2172 268 2242 triplici
310 2191 471 2223 sensu
513 2191 686 2223 sermo
729 2191 845 2223 esse
896 2179 1087 2240 potest,
1142 2171 1415 2240 siquidem
1462 2171 1734 2239 principia
1774 2171 1922 2221 theo-

65 2261 241 2328 logiae
283 2261 502 2312 moralis
544 2261 828 2312 dicuntur:

217 2385 265 2417 a.
323 2365 596 2415 Revelatio
657 2365 840 2415 divina
899 2373 946 2414 et
1004 2364 1142 2413 ratio
1204 2364 1432 2413 humana
1490 2371 1606 2413 tum
1665 2360 1927 2413 naturalis

66 2462 182 2504 tum
223 2453 564 2521 potissimum
609 2451 1037 2521 supernaturalis
1078 2470 1175 2520 per
1202 2451 1368 2502 fidem
1398 2450 1698 2501 illustrata:
1743 2449 1924 2500 media

70 2543 215 2592 enim
271 2543 617 2609 cognitionis,
676 2540 875 2610 quibus
934 2539 1175 2608 aliquam
1234 2540 1519 2590 scientiam
1576 2537 1733 2589 nobis
1791 2555 1928 2588 com-

68 2648 341 2699 paramus,
386 2631 501 2680 eius
541 2630 816 2698 principia
860 2629 1132 2682 dicuntur.

224 2733 266 2786 b.
325 2734 451 2784 Loci
499 2732 780 2801 theologiae
836 2732 1083 2782 moralis:
1143 2731 1320 2782 fontes
1377 2731 1539 2794 enim⁷
1602 2747 1670 2779 ex
1731 2727 1929 2798 quibus

70 2821 301 2874 alicuius
360 2823 623 2873 scientiae
682 2822 944 2872 veritates
1004 2819 1348 2883 hauriuntur⁷
1411 2819 1528 2886 pari
1590 2816 1750 2868 modo
1811 2817 1927 2867 eius

71 2913 344 2981 principia
385 2918 670 2964 vocantur.

221 3037 260 3067 c.
309 3014 492 3067 Certae
531 3016 774 3065 veritates
818 3012 1072 3063 morales:
1113 3012 1373 3062 veritates
1415 3010 1580 3072 enim,
1623 3027 1692 3058 ex
1733 3007 1931 3076 quibus

73 3104 211 3157 aliae
251 3104 671 3155 ratiocinatione
715 3101 1078 3165 deducuntur,
1120 3099 1396 3168 principia
1437 3097 1622 3148 vocari
1666 3095 1854 3147 solent.

226 3209 273 3261 2.
317 3207 376 3259 Si
415 3207 637 3257 nomine
677 3205 942 3274 principii
986 3210 1165 3254 certae
1204 3202 1450 3252 veritates
1490 3199 1715 3250 morales
1743 3197 1930 3249 intelli-

74 3304 294 3366 guntur,
338 3294 574 3364 duplicis
613 3295 830 3362 generis
871 3293 1146 3361 principia
1189 3290 1451 3356 distingui
1506 3288 1722 3352 debent,
1775 3303 1931 3354 gene-

230 3504 261 3557 1)
322 3503 388 3546 Cf.
422 3501 661 3555 KZezztyen,
706 3498 1028 3543 Institutiones
1062 3495 1342 3551 theologicae
1389 3493 1694 3545 (Ratisbonae.
1758 3492 1933 3534 Pustet.

81 3578 214 3631 1881)
248 3591 290 3631 p.
325 3577 379 3619 27
414 3589 471 3619 ss.
