2269 3898
684 135 749 176 De
781 134 1121 189 impedimentis
1155 134 1451 178 matrimonii.
1951 138 2007 179 63

130 268 449 323 impedimenti
483 267 745 311 catechismi
781 267 1119 322 designabat-ur.
1183 268 1569 323 Impedimentum
1614 268 1816 311 criminis
1858 275 2008 312 ortum

130 348 202 386 est
235 355 288 385 ex
321 347 494 396 septem
531 341 721 384 diversis
756 341 935 384 delictis
970 343 1040 397 (ut
1080 342 1296 397 incestus,
1340 342 1500 386 occisio
1545 343 1806 397 sacerdotis,
1850 344 2009 387 occisio

130 416 338 471 coniugis
371 418 487 469 etc.).
552 415 937 469 Impedimentum
972 415 1234 458 catechismi
1268 429 1346 470 per
1388 416 1625 459 concilium
1669 416 1834 472 trid.¹)‚
1875 417 2011 473 impe-

131 490 389 533 dimentum
424 489 627 533 criminis
661 502 740 544 per
772 489 1074 532 universalem
1109 490 1482 533 consuetudinem
1517 490 1787 546 abrogatum
1822 496 1904 535 est.

283 581 331 632 3.
376 579 759 650 Impcdimcnta
801 580 1108 631 dirimentia
1163 588 1524 630 numerantur
1582 583 1804 633 omnino
1866 585 2010 651 quin-

133 669 317 735 decim,
361 688 502 738 quae
543 668 629 719 his
671 668 925 719 versibus
968 670 1347 720 continentur:

285 758 325 800 1.
360 758 533 810 Error„
566 758 608 800 2.
644 757 856 812 condicio,
888 758 932 800 3.
967 761 1128 809 cotum,
1162 757 1204 800 4.
1239 758 1456 813 manatio,
1491 760 1534 800 5.
1570 759 1753 813 crimen,

285 835 325 874 (i.
362 833 509 875 cultus
542 832 811 887 disparitas,
848 833 885 875 7.
921 833 1002 884 ris,
1036 836 1078 875 8
1114 832 1242 883 ordo,
1274 834 1313 875 9.
1350 832 1562 887 Hyantem,
1596 833 1669 875 10.
1704 834 1934 877 honestas.

286 907 355 949 11.
391 911 535 961 aetas,
570 907 642 949 12.
678 908 850 963 affinis.
885 907 957 949 13.
992 908 1036 950 δι’
1067 907 1376 950 clandestinus
1408 911 1451 949 et
1482 907 1555 949 14.
1590 908 1747 963 impos.

286 982 359 1023 15.
393 982 438 1024 si
467 982 632 1024 nmlier
664 982 726 1024 sit
756 985 890 1037 rupta
924 982 1016 1025 loco
1048 996 1129 1025 nec
1160 981 1341 1025 reddita
1379 984 1485 1024 tato.

286 1056 415 1099 Haec
447 1057 663 1099 socianda
700 1059 850 1099 fetant
882 1056 1117 1107 connubia,
1141 1058 1275 1112 facta
1309 1060 1576 1100 retractant.

290 1130 567 1196 Quoniam
624 1140 808 1182 autem
863 1134 1085 1182 nomine
1139 1132 1374 1182 criminis
1432 1141 1483 1183 01
1540 1134 1745 1202 pariter
1794 1134 2015 1184 nomine

136 1222 465 1290 cognationis
506 1222 611 1272 tria
654 1220 1202 1290 comprehenduntur
1243 1220 1659 1289 impedimenta,
1710 1223 2014 1273 universim

137 1319 500 1361 numerantur
558 1311 891 1380 undeviginti
957 1310 1355 1380 impedimenta
1416 1312 1827 1362 matrimonium
1892 1310 2013 1362 diri-

138 1401 362 1452 mentia.

293 1563 388 1616 64.
466 1563 551 1616 De
609 1563 1040 1631 impedimento
1099 1563 1422 1616 dirimente
1481 1564 1684 1618 dubio.
1782 1564 2019 1634 Impedi-

142 1662 391 1704 mentum
422 1652 653 1704 dubium
697 1653 789 1704 hic
831 1652 1157 1721 intelligitur
1198 1653 1676 1722 impedimentum,
1722 1655 1868 1724 quod
1912 1673 2021 1706 11011

142 1751 308 1798 certo,
355 1742 451 1793 sed
492 1741 855 1812 probabiliter
894 1750 1111 1794 tantum
1153 1743 1357 1810 existit,
1400 1742 1496 1795 ubi
1525 1761 1724 1813 nempe
1753 1752 1875 1813 post
1904 1743 2020 1795 dili-

144 1841 363 1899 gentem
391 1834 639 1883 veritatis
669 1833 1158 1899 investigationem
1187 1840 1437 1884 remanet
1462 1832 1756 1884 fundatum
1787 1833 2020 1886 dubium

143 1921 211 1972 de
266 1923 558 1972 existentia
610 1922 1011 1991 impedimenti.
1102 1923 1269 1974 Porro
1327 1921 1562 1974 dubium
1617 1922 2021 1993 (probabilitas)

144 2018 323 2080 potest
375 2029 492 2062 esse
545 2012 679 2062 iuris
734 2011 823 2063 vel
876 2011 1036 2077 facti3
1095 2020 1147 2062 et
1205 2011 1438 2063 dubium
1493 2013 1628 2063 iuris
1677 2022 1854 2082 potest
1906 2034 2023 2066 esse

143 2101 277 2152 iuris
319 2100 496 2152 divini
538 2109 632 2153 aut
675 2103 808 2153 iuris
849 2100 1224 2156 ecclesiastici.

296 2210 343 2242 α.
387 2190 631 2241 Licitum
674 2200 754 2242 est
796 2193 1209 2242 matrimonium
1265 2193 1406 2242 inire
1458 2211 1583 2244 011111
1627 2193 2022 2263 impedimento

149 2279 336 2346 (lubic,
381 2282 424 2331 si
463 2279 694 2331 dubium
740 2290 822 2333 est
863 2283 997 2333 iuris
1041 2281 1207 2350 idque
1250 2280 1628 2349 ecclesiastici,
1673 2284 1803 2352 quia
1838 2285 1894 2335 in
1921 2283 2023 2335 hoc

141 2387 278 2421 casu
336 2369 567 2420 ecclesia
625 2369 858 2440 supplet,
920 2379 974 2422 et
1033 2370 1263 2440 proinde
1315 2381 1723 2423 sacramentum
1774 2391 1884 2424 non
1936 2391 2020 2424 ex-

145 2460 372 2529 ponitur
424 2459 670 2529 periculo
723 2460 1017 2512 nullitatis:
1070 2480 1138 2512 ex
1189 2462 1493 2513 universali
1544 2464 1690 2513 enim
1742 2470 2022 2514 consuetu-

150 2548 278 2599 dine
321 2551 724 2601 contrahuntur
765 2552 1120 2603 matrimonia
1150 2570 1272 2602 cum
1304 2552 1701 2621 impedimento
1733 2552 2025 2603 dirimente

149 2637 319 2689 dubio
380 2645 434 2689 et
491 2638 767 2701 habentur
826 2659 923 2710 pro
985 2640 1216 2707 validis3
1284 2643 1437 2711 atqui
1502 2640 1606 2693 hoc
1667 2643 1887 2709 signum
1949 2651 2026 2694 est

147 2726 440 2779 ecclesiam
499 2728 872 2799 dispensando
931 2730 1062 2782 dare
1121 2729 1402 2782 licentiam
1465 2731 1830 2783 contrahendi
1891 2733 2026 2783 eius-

151 2817 301 2869 modi
359 2819 725 2871 matrimonia.
807 2819 880 2870 Et
936 2822 1066 2889 quia
1123 2839 1248 2871 cum
1303 2820 1574 2871 eiusmodi
1627 2820 2026 2890 impedimento

150 2906 300 2958 licite
359 2908 486 2958 iniri
554 2917 733 2977 potest
797 2912 1238 2973 matrimonium,
1306 2910 1548 2978 theologi
1610 2910 1794 2963 dicere
1855 2910 2029 2962 solent

144 2997 578 3067 >impedimcntum
617 2998 1095 3069 (ecclesiasticum)
1137 3000 1352 3051 dubium
1389 3000 1578 3067 (dubio
1616 3001 1773 3065 iuris)
1810 3000 2025 3070 impedi-

149 3096 376 3138 mentum
414 3087 632 3140 mellum.

303 3177 346 3227 b.
390 3177 515 3228 Non
574 3176 703 3228 licet
763 3180 1177 3230 matrimonium
1239 3181 1379 3230 inire
1443 3198 1568 3230 cum
1630 3179 2026 3248 impedimento

150 3265 339 3329 dubio,
396 3268 439 3317 si
482 3265 712 3318 dubium
756 3275 837 3319 est
876 3269 1010 3319 iuris
1061 3269 1238 3320 divini
1281 3277 1375 3320 aut
1417 3268 1649 3320 dubium
1692 3268 1840 3333 facti,
1900 3270 2028 3338 quia

157 3356 212 3405 111
255 3354 340 3406 1115
383 3356 600 3408 casibus
642 3355 874 3408 ecclesia
915 3377 1026 3409 non
1068 3357 1301 3428 supplet,
1347 3366 1399 3410 et
1442 3358 1666 3428 quidem
1709 3359 1752 3408 si
1797 3357 2025 3410 dubium

312 3503 340 3557 1>
372 3503 484 3547 Sess.
519 3504 589 3546 ⁶24.
624 3518 658 3547 c.
693 3505 733 3546 ἱ).
798 3505 865 3549 De
896 3508 1075 3551 reform.
1110 3514 1242 3550 matr.
