2269 3898
275 154 361 197 242
958 151 1036 193 IV.
1069 151 1136 193 De
1169 149 1458 193 conscientia.

256 283 392 331 'illud
427 287 571 330 denuo
604 285 902 340 implendum,
952 288 998 326 et
1031 296 1149 337 eum,
1198 282 1274 337 qui
1307 283 1506 337 positive
1539 282 1737 337 dubitat,
1770 297 1880 326 num
1913 289 2149 339 peccatum

278 367 399 406 certo
434 360 721 403 commissum
755 359 847 402 iam
882 359 1114 401 confessus
1147 357 1223 412 sit,
1272 357 1330 400 ad
1370 357 1487 400 illud
1522 357 1667 400 denuo
1701 358 2011 400 confitendum
2045 358 2152 401 obli-

276 441 403 492 gant.
468 435 518 478 In
553 435 730 477 delectu
763 433 1028 488 opinionum
1061 437 1216 475 autem
1250 446 1277 474 a
1309 431 1623 486 probabilistis
1655 431 1734 474 vix
1779 432 2021 476 differunt:
2071 432 2151 475 im-

276 510 436 566 primis
469 509 588 553 enim
622 521 776 551 omnes
816 508 1160 562 amplectuntur
1203 506 1452 561 opinioneS,
1501 519 1612 560 quas
1661 519 1694 548 s.
1728 505 1989 560 Alphonsus
2039 507 2153 550 dicit

276 585 545 642 probabiles,
576 583 663 626 etsi
687 582 781 625 sint
803 582 954 624 minus
978 580 1255 636 probabiles:
1290 580 1450 634 quodsi
1475 580 1528 623 de
1550 594 1669 623 nova
1692 579 1957 634 quaestione
1980 581 2151 635 agitur,

276 673 410 714 quam
454 672 486 702 s.
520 658 782 712 Alphonsus
821 669 911 698 non
944 654 1181 708 tractavit,
1230 654 1487 709 opinionem
1536 668 1617 709 pro
1663 654 1879 698 libertate
1925 655 1974 697 in
2020 655 2153 710 praxi

279 738 547 788 sequuntur,
571 731 750 785 quando
774 744 872 773 eam
897 729 1043 772 solida
1064 728 1242 771 ratione
1263 727 1417 771 fulciri
1440 728 1729 783 intelligunt.
1777 729 1918 772 Immo
1941 729 2081 772 etiam
2105 729 2155 771 in

276 807 491 862 loquendi
523 807 655 849 modo
688 820 714 848 a
743 803 1056 860 probabilistis
1078 816 1169 845 non
1191 802 1432 846 recedunt:
1468 802 1703 857 opiniones
1725 803 1861 858 enim,
1894 816 2005 857 quas
2027 803 2155 846 licite

279 883 405 938 sequi
438 894 692 938 possumus,
726 879 805 922 vix
826 892 1027 933 unquam
1063 878 1223 921 dicunt
1247 890 1388 932 aeque
1412 877 1681 932 probabiles,
1715 878 1792 921 sed
1815 878 1873 920 ad
1896 878 2154 932 exemplum

277 972 312 1001 s.
346 957 572 1013 Alphonsi
607 954 878 1010 simpliciter
910 952 1179 1008 probabiles

427 1034 477 1085 2.
522 1028 1168 1100 Aequiprobabilismum
1209 1035 1434 1077 tuentur
1462 1028 1735 1096 imprimis
1766 1027 2007 1095 theologi
2032 1045 2155 1077 con-

278 1122 614 1191 gregationis
643 1139 711 1171 ss.
741 1117 1088 1169 Redemtoris
1118 1117 1407 1185 Harinyer,
1429 1118 1599 1184 sisare,
1624 1117 1874 1187 Alerta-ys,
1897 1117 2155 1186 Koninys,

289 1212 568 1264 Vindiciae
598 1208 983 1279 alphonsianae
1020 1210 1119 1258 etc.
1163 1187 1799 1274 persuasuffiabentes
1841 1225 1880 1258 s.
1910 1205 2158 1274 Alphon-

279 1320 401 1354 sum
457 1301 627 1351 fuisse
683 1295 1289 1367 aequiprobabilistam.
1380 1294 1521 1346 Istos
1579 1299 1886 1365 sequuntur
1939 1297 1996 1346 in
2054 1296 2158 1347 hac

281 1391 603 1461 quaestione
645 1385 956 1455 complures
1005 1384 1098 1435 alii
1148 1383 1441 1452 theologii:
1491 1384 1731 1450 Gousset,
1784 1383 1890 1435 Del
1927 1384 2157 1450 Vecchio,

283 1481 525 1543 Ninzati,
570 1478 802 1540 Scavini,
846 1476 1068 1540 Przmer,
1112 1474 1174 1526 E.
1206 1473 1422 1536 Maller,
1464 1473 1658 1540 Simar,
1689 1474 1748 1526 P.
1776 1473 2027 1524 Hilarius
2055 1482 2158 1527 etc,

432 1570 653 1611 Attamen
687 1563 1199 1620 aequiprobabilismum
1232 1577 1322 1606 non
1357 1576 1511 1606 omnes
1545 1563 1700 1606 eodem
1735 1576 1868 1606 sensu
1892 1563 2159 1618 defendunt,

282 1645 400 1699 quod
433 1648 485 1686 ut
519 1642 655 1698 probe
687 1639 995 1694 intelligatur,
1042 1638 1297 1681 notandum
1346 1641 1414 1680 est
1465 1638 1577 1680 duas
1625 1651 1719 1680 esse
1765 1639 2001 1693 formulas,
2049 1651 2160 1693 quas

281 1716 769 1773 aequiprobabilismus
802 1712 1032 1757 excludit:
1069 1726 1109 1754 a.
1142 1712 1252 1755 licet
1285 1711 1411 1766 sequi
1445 1711 1702 1766 opinionem
1736 1711 2029 1767 probabilem,
2073 1712 2160 1756 etsi

285 1792 495 1848 opposita
529 1791 591 1834 sit
624 1794 743 1833 certe
776 1787 1065 1844 probabilior,
1099 1790 1145 1829 et
1179 1787 1216 1831 b.
1250 1786 1358 1829 licet
1391 1786 1517 1841 sequi
1563 1786 1820 1841 opinionem
1865 1786 2159 1841 probabilem,

286 1867 373 1911 etsi
407 1866 618 1922 opposita
650 1864 711 1908 sit
745 1871 864 1907 certe
913 1866 959 1905 et
1001 1861 1270 1904 notabiliter
1317 1860 1606 1915 probabilior.
1672 1859 2160 1915 Aequiprobabilistae,

286 1942 364 1997 qui
397 1955 528 1984 suum
563 1944 764 1994 systema
795 1937 864 1980 ita
896 1936 1183 1991 intelligunt,
1232 1940 1286 1978 ut
1320 1936 1465 1978 solum
1515 1935 1759 1978 secundam
1803 1935 2049 1978 formulam
2093 1948 2160 1978 ex-

286 2017 490 2070 cludant,
523 2030 549 2058 a
581 2012 895 2070 probabilistis
926 2025 1017 2055 non
1051 2011 1275 2054 differunt
1306 2010 1397 2053 nisi
1430 2010 1604 2063 verbis;
1646 2009 1722 2064 qui
1764 2009 2163 2064 aequiprobabilis-

285 2105 410 2134 mum
443 2091 512 2133 ita
543 2089 832 2144 intelligunt,
864 2093 918 2129 ut
950 2090 1193 2139 utramque
1225 2085 1470 2127 formulam
1506 2084 1767 2139 excludant,
1790 2098 1816 2127 a
1839 2083 2162 2138 probabilismo

284 2180 375 2209 non
407 2164 556 2209 verbis
588 2167 789 2218 tantum,
822 2162 899 2205 sed
932 2161 1033 2216 ipsa
1064 2173 1111 2203 re
1147 2160 1382 2202 differunt.

436 2270 562 2324 218.
621 2267 1012 2335 Argumenta,
1067 2264 1269 2334 quibus
1321 2262 1884 2333 aequiprobabilistae
1926 2270 2165 2330 systema

287 2364 346 2413 in
387 2377 588 2429 genere
631 2358 1027 2422 demonstrant,
1072 2363 1198 2405 sunt
1226 2353 1505 2423 ipsissima
1539 2359 1868 2420 argumenta
1907 2350 2162 2421 probabi-

286 2451 566 2515 listarum3
625 2453 951 2514 argumenta
993 2444 1214 2511 deinde,
1270 2441 1474 2512 quibus
1515 2459 1636 2492 eam
1685 2436 1900 2510 partem
1942 2440 2164 2492 demon-

289 2548 482 2605 strant,
526 2556 634 2608 qua
675 2557 706 2588 a
747 2534 1123 2606 probabilistis
1164 2533 1442 2599 differunt,
1486 2531 1623 2582 haec
1664 2537 1818 2582 sunt:

444 2631 488 2681 1.
534 2626 824 2680 Servanda
864 2633 945 2677 est
970 2623 1079 2687 lex,
1121 2641 1262 2693 quae
1303 2622 1641 2673 sufficienter
1676 2628 1756 2672 est
1788 2619 2163 2690 promulgata3

289 2719 445 2788 atqui
496 2717 603 2783 lex,
659 2718 748 2768 cui
801 2716 953 2767 favet
1004 2714 1189 2782 opinio
1233 2720 1380 2764 certe
1430 2718 1525 2762 aut
1567 2717 1713 2762 certe
1754 2717 1806 2761 et
1848 2707 2169 2761 notabiliter

291 2807 645 2877 probabilior,
689 2814 770 2857 est
810 2804 1151 2857 sufficienter
1190 2800 1565 2872 promulgata3
1608 2817 1736 2868 ergo
1775 2798 2051 2851 servanda
2086 2805 2168 2850 est

291 2898 400 2964 lex,
459 2898 548 2947 cui
602 2896 756 2948 favet
808 2896 995 2964 opinio
1047 2900 1193 2944 certe
1243 2900 1337 2943 aut
1386 2898 1531 2942 certe
1582 2898 1634 2941 et
1681 2888 2000 2941 notabiliter
2048 2905 2167 2957 pro-

290 2986 545 3039 babilior.

445 3089 486 3117 a.
519 3073 881 3129 Propositionem
935 3073 1155 3116 minorem
1208 3070 1289 3114 alii
1342 3069 1478 3113 aliter
1531 3069 1866 3112 demonstrant:
1924 3066 2005 3110 alii
2046 3066 2167 3110 enim

295 3151 538 3194 affirmant
570 3150 730 3203 legem,
765 3162 844 3203 pro
878 3162 966 3203 qua
999 3146 1174 3190 militat
1208 3145 1359 3200 opinio
1393 3148 1513 3187 certe
1545 3157 1623 3186 seu
1656 3145 1775 3185 certe
1814 3147 1860 3185 et
1901 3140 2169 3217 Q

295 3223 586 3290 probafflffl,
619 3236 715 3266 esse
747 3223 1031 3266 sufficienter
1063 3221 1419 3275 promulgatam,
1453 3219 1560 3273 quia
1593 3217 1745 3272 opinio
1778 3220 1899 3260 certe
1930 3229 2009 3259 seu
2049 3218 2170 3258 certe

294 3283 354 3342 et
378 3298 647 3341 notabiliter
678 3296 951 3352 probabilior
983 3299 1052 3339 est
1085 3294 1319 3338 moraliter
1351 3295 1423 3337 vel
1458 3293 1588 3347 quasi
1620 3290 1859 3334 moraliter
1875 3293 2009 3333 certa.
2073 3288 2169 3332 Alii

300 3378 454 3417 autem
489 3372 771 3416 contendunt
804 3370 1061 3425 opinionem
1096 3373 1215 3412 certe
1248 3367 1597 3423 probabiliorem
1629 3379 1721 3410 non
1754 3364 1965 3408 excedere
1995 3362 2169 3406 limites

297 3447 654 3502 probabilitatis,
687 3450 733 3489 et
764 3444 1062 3489 nihilominus
1095 3445 1258 3498 legem,
1307 3442 1378 3486 cui
1412 3444 1541 3485 favet
1590 3439 1811 3485 eiusmodi
1860 3438 2027 3494 opinio,
2075 3450 2170 3481 esse

296 3523 580 3566 sufficienter
601 3522 940 3576 promulgat-am
965 3524 1102 3573 atque
1125 3518 1423 3573 sequendam:
1449 3531 1554 3560 nam
1579 3515 1731 3572 opinio
1754 3518 1875 3558 certe
1896 3511 2171 3567 probabilior
