2269 3898
282 154 368 197 148
1023 149 1088 190 De
1120 146 1424 188 matrimonio.

286 287 486 330 santium
521 285 697 337 cedant,
731 296 819 325 nou
853 287 1006 324 autem
1041 289 1190 333 taxae,
1226 291 1339 332 quae
1372 291 1451 332 pro
1485 278 1749 321 necessariis
1782 277 1991 332 expensis
2035 281 2081 321 et
2112 277 2161 320 in

289 362 364 415 pia
397 373 529 414 opera
561 358 900 412 impendantur,
935 353 1201 409 praesertim
1237 366 1336 395 cum
1371 353 1454 395 hoc
1486 352 1618 395 modo
1661 352 1852 396 rariores
1895 351 2024 394 reddi
2068 365 2163 406 pos-

286 435 377 477 sint
413 432 785 487 dispensationes.

437 524 486 575 3.
538 520 595 572 Si
639 541 669 571 α
710 520 952 570 Dcttcm‘ia
991 518 1073 569 vel
1113 517 1542 568 Poeniteozticzria
1585 515 1920 585 dispensatio
1962 517 2168 584 petitur

286 612 353 663 ab
409 611 804 679 impedimento
863 606 1086 677 publico
1142 607 1198 656 in
1240 605 1430 673 forma
1469 624 1791 676 pauperum,
1842 603 2027 674 aliqua
2068 604 2162 656 sed

286 701 464 751 minor
505 700 746 767 exigitur
788 695 1187 766 componenda,
1233 713 1373 764 quae
1414 712 1511 762 pro
1556 692 1887 763 quibusdam
1930 694 2163 762 regioni-

285 790 387 840 bus
426 788 589 858 plane
632 787 992 839 condonatur.

436 894 484 945 4.
529 892 585 944 Si
628 893 903 962 episcopus
932 891 988 940 Vi
1020 888 1385 956 delegationis
1427 889 1482 939 in
1525 887 1941 954 impedimentis
1982 889 2165 939 matri—

287 982 622 1035 monialibus
680 981 979 1050 dispensat,
1039 977 1250 1029 nullam
1307 986 1496 1029 taxam
1554 979 1776 1046 exigere
1831 985 2035 1046 potest,
2102 979 2166 1029 si·

286 1072 508 1142 quidem
560 1070 901 1121 concessioni
953 1067 1232 1119 facultatis
1283 1065 1643 1135 dispensandi
1683 1065 1823 1118 haec
1865 1065 2166 1135 prohibitio

287 1161 615 1213 adnectitur.
692 1159 956 1209 Attamen
999 1156 1301 1208 concilium
1344 1155 1737 1207 baltimorense
1776 1155 1880 1210 III.
1925 1159 1994 1224 (n.
2042 1157 2168 1220 134>

287 1250 590 1301 declaravit
629 1247 794 1299 licere
836 1249 1094 1316 episcopo
1138 1248 1423 1315 imponere
1460 1253 1648 1296 taxam
1678 1264 1774 1314 pro
1805 1246 2169 1298 sustentanda

285 1338 627 1391 cancellaria.

432 1503 558 1558 143.
602 1502 752 1555 Num
792 1501 987 1555 valeat
1030 1501 1430 1569 dispensatio,
1475 1502 1524 1555 si
1566 1502 1630 1554 in
1659 1501 1869 1555 libello
1908 1501 2167 1570 supplici

283 1593 665 1647 contineatur
706 1605 900 1644 error.

438 1686 483 1736 1.
527 1683 705 1742 Error·
738 1685 880 1732 circa
920 1699 1106 1731 nomen
1147 1679 1227 1731 vel
1269 1699 1547 1750 coynownen
1589 1692 1865 1732 oratorum
1904 1699 2013 1732 non
2050 1681 2166 1733 red-

286 1773 366 1824 dit
407 1770 714 1823 invalidam
758 1769 1246 1838 dispensationem,
1291 1772 1334 1820 si
1380 1788 1530 1820 error
1571 1777 1652 1821 est
1679 1770 2043 1822 accidentalis
2071 1789 2166 1822 seu

286 1863 444 1932 parvi
502 1861 785 1925 momenti,
846 1861 888 1910 si
940 1878 983 1911 e.
1037 1877 1086 1927 g.
1143 1878 1256 1910 una
1308 1858 1552 1910 alterave
1605 1858 1786 1911 littera
1838 1859 1928 1911 vel
1982 1860 2168 1930 aliqua

285 1951 497 2020 syllaba
551 1958 811 2015 mutatur,
855 1948 944 2000 Vel
999 1951 1043 2000 si
1099 1951 1369 2000 omittitur
1411 1968 1582 2001 unum
1625 1967 1823 2000 nomen
1868 1949 2029 2016 illius,
2072 1952 2167 2020 qui

287 2043 393 2093 duo
436 2040 619 2107 habet,
665 2039 825 2090 modo
871 2039 938 2090 de
980 2039 1270 2090 identitate
1310 2057 1576 2108 personae
1620 2046 1765 2090 certo
1809 2047 2036 2092 constet.

436 2147 484 2199 2.
530 2147 698 2196 Error
740 2146 881 2195 circa
925 2144 1363 2213 impedimentum.

438 2256 486 2288 α.
546 2235 603 2287 Si
658 2234 806 2286 linea
864 2233 1192 2286 collateralis
1234 2234 1514 2286 indicatur
1555 2252 1651 2304 pro
1693 2234 1840 2285 linea
1880 2242 2047 2302 recta,
2090 2236 2169 2285 in-

285 2327 474 2379 valida
516 2336 596 2378 est
638 2326 994 2395 dispensatio,

437 2417 480 2469 b.
539 2417 596 2470 Si
649 2417 854 2486 gradus
911 2417 1137 2468 inferior
1195 2415 1431 2484 simplex
1492 2415 1773 2467 indicatur
1831 2432 1928 2483 pro
1988 2413 2167 2483 gradu

290 2509 569 2577 superiore
614 2506 868 2575 simplici,
912 2508 1120 2576 pariter
1162 2505 1414 2557 invalida
1445 2514 1526 2556 est
1554 2505 1922 2575 dispensati03
1967 2504 2060 2556 sed
2093 2505 2167 2555 in-

287 2597 476 2649 valida
517 2615 626 2648 non
668 2605 763 2663 est,
821 2598 865 2648 si
919 2596 1125 2665 gradus
1176 2597 1426 2665 superior
1466 2613 1565 2665 pro
1607 2595 1866 2647 inferiore
1910 2614 1953 2647 e.
1996 2613 2048 2663 g.
2092 2613 2165 2646 se-

287 2687 501 2738 cundus
543 2705 638 2756 pro
680 2688 839 2738 tertio
885 2686 1177 2739 indicatur.

436 2797 475 2830 c.
529 2776 585 2828 Si
636 2778 691 2827 in
734 2776 911 2844 gradu
955 2774 1235 2844 inaequali
1277 2776 1536 2826 remotior
1576 2792 1688 2825 non
1730 2782 1988 2826 accurate
2029 2775 2167 2825 indi—

291 2876 459 2933 catur,
503 2866 753 2918 invalida
794 2874 874 2917 est
917 2866 1280 2935 dispensatio3
1336 2866 1380 2916 si
1429 2872 1614 2916 autem
1656 2865 2019 2933 propinquior
2058 2882 2168 2915 non

290 2965 545 3007 accurate
587 2956 868 3007 indicatur
908 2964 1003 3007 aut
1043 2957 1269 3007 omnino
1305 2962 1534 3021 tacetur,
1572 2953 2031 3022 distinguendum
2059 2962 2167 3004 est:

290 3047 332 3097 si
391 3046 720 3115 supplicatio
781 3045 1038 3113 dirigitur
1091 3044 1162 3096 ad
1218 3045 1728 3110 Poenitentiariam,
1784 3041 2033 3094 invalida
2088 3050 2170 3094 est

294 3135 657 3205 dispensatio3
704 3135 898 3205 quodsi
942 3134 1272 3205 supplicatio
1317 3134 1576 3202 dirigitur
1615 3134 1686 3185 ad
1714 3133 2022 3199 Data-riam,
2064 3131 2167 3183 dis-

291 3225 538 3294 pensatio
568 3224 755 3275 valida
784 3232 879 3291 est,
924 3225 1084 3276 modo
1115 3224 1320 3294 gradus
1351 3225 1584 3276 omissus
1628 3241 1737 3275 non
1782 3225 1851 3275 sit
1891 3221 2168 3292 primus1).

439 3330 487 3381 3.
533 3329 701 3379 Error
742 3331 882 3380 circa
924 3348 1125 3382 emesa-52.

448 3523 475 3574 *a
513 3522 793 3565 Constitutio
827 3522 896 3565 Pii
933 3523 984 3564 V.
1022 3523 1369 3566 Sanetis-sinmm
1404 3524 1473 3566 ⁸26.-
1508 3537 1611 3578 aug.
1650 3523 1775 3566 1566.
