2269 3898
1031 154 1084 196 V.
1118 155 1186 197 De
1218 154 1259 196 vi
1267 155 1484 198 rtutibus.

322 153 359 196 m

358 154 411 196 35

474 288 606 342 250.
651 287 984 343 obiectum.
1030 288 1077 339 1.
1122 307 1172 339 α.
1216 286 1511 340 Obiectum
1543 291 1818 343 materiale
1861 295 2209 346 constituunt

324 380 607 447 passiones
650 375 873 426 timoris
906 385 957 426 et
998 375 1265 427 audaciae
1308 378 1365 428 in
1408 378 1668 445 periculis
1711 388 1765 430 et
1803 381 2103 437 laboribus.

474 496 514 523 α.
550 481 605 522 In
639 479 772 522 rebus
807 478 927 522 enim
961 479 1116 522 arduis
1150 484 1196 522 et
1230 480 1513 524 terribilibus
1548 487 1629 525 aut
1663 483 1849 537 exurgit
1881 484 1929 527 in
1963 485 2116 529 anima
2138 487 2208 529 in·

322 570 433 613 gens
483 556 634 607 timor,
683 553 759 609 qui
808 553 1084 597 cohibendus
1132 559 1215 608 est,
1264 568 1319 597 ne
1370 557 1613 610 compellat·
1661 558 1718 600 ad
1767 560 1995 612 agendum
2045 566 2204 604 contra

321 641 493 675 rectam
527 629 767 682 rationem,
802 632 884 670 aut
917 628 1102 683 exurgit
1134 629 1376 672 vehemens
1410 630 1621 684 audacia,
1655 645 1769 685 quae
1802 634 2075 677 refrenanda
2117 640 2209 690 est„

303 720 376 750 ¹ne
409 711 579 748 temere
610 704 658 746 in
691 703 892 758 pericula
923 708 1043 746 ruat.

473 797 511 845 β.
545 794 790 838 Fortitudo
824 805 930 847 ergo
964 792 1223 847 appetitum
1256 793 1531 836 irascibilem
1577 795 1841 839 moderatur
1881 801 1927 840 et-
1973 797 2094 852 regit
2140 811 2201 841 se-

319 872 517 915 cundum
562 868 845 924 praescripta
891 867 1098 910 rationis·
1165 866 1311 920 Quare
1358 868 1585 913 fortitudo
1633 871 1861 913 hominem
1911 871 2095 914 ordinat
2142 872 2203 914 ad,

321 945 634 1000 semetipsum,
668 957 758 986 non
791 943 849 985 ad
882 943 1093 986 alterum.

470 1049 514 1101 b.
560 1048 856 1100 Obieotum
898 1046 1124 1110 formale
1175 1055 1255 1098 est
1306 1047 1574 1098 naturalis
1627 1050 1900 1114 honestas,
1958 1068 2099 1118 quae
2141 1054 2201 1100 in-

322 1139 698 1191 moderatione
758 1137 972 1186 timoris
1033 1143 1085 1186 et
1144 1135 1415 1187 audaciae
1475 1136 1680 1188 elucet:
1751 1137 2008 1206 dignitati
2050 1141 2197 1190 enim

316 1229 558 1281 hominis
600 1244 766 1296 quam
810 1226 1053 1276 maxime
1095 1227 1373 1291 convenit,
1434 1244 1503 1276 ne
1545 1228 1716 1278 nimio
1771 1229 1967 1279 timore
2022 1228 2202 1297 depri-

317 1326 499 1370 matur
539 1324 634 1367 aut
675 1315 848 1366 nimia
889 1313 1126 1365 audacia
1168 1313 1477 1367 extollatur.

467 1437 515 1488 2.
561 1436 724 1487 Actus
756 1435 1016 1504 proprius
1057 1433 1221 1485 huius
1271 1435 1492 1486 virtutis
1535 1435 1743 1505 duplex
1785 1445 1897 1488 est:
1942 1438 2203 1488 sustinere*

316 1529 529 1596 gravia,
562 1526 654 1595 qui
685 1534 838 1575 actus
867 1524 1055 1592 exigit,
1100 1534 1159 1574 ut
1198 1525 1572 1593 reprimantur
1613 1526 1852 1592 timores,
1897 1534 1950 1577 et
1979 1527 2204 1597 ayqredz‘

313 1617 576 1688 pericula,
621 1617 714 1685 qui
757 1614 945 1682 exigit,
991 1624 1049 1664 ut
1089 1614 1397 1665 refrenetur
1437 1614 1689 1668 audacia.
1769 1614 1869 1665 Ille
1912 1617 2198 1668 constituit

308 1706 694 1759 fortitudinem
732 1704 1022 1773 passivam,
1067 1702 1204 1755 haec
1237 1703 1620 1755 fortitudinem
1662 1706 1919 1769 activam,·
1963 1705 2054 1756 illa
2096 1705 2194 1757 dif-

310 1796 509 1849 ficilior
550 1804 602 1846 et
642 1794 1009 1864 praestantior
1050 1801 1145 1859 est,
1190 1792 1327 1844 haec
1369 1793 1713 1862 splendidior
1753 1802 2003 1862 apparet.
2152 1780 2156 1783 ¹

461 1916 509 1970 3.
563 1912 825 1980 Pericula,
890 1915 1036 1964 circa
1097 1932 1238 1983 quae
1299 1922 1552 1965 versatur
1611 1914 1892 1980 fortitudo,
1954 1932 2019 1965 ea
2077 1933 2203 1966 esse>

312 2004 530 2070 debent,
591 2022 728 2073 quae
784 2002 1012 2054 honeste
1067 2004 1272 2072 suscipi
1316 2011 1369 2053 et
1411 2004 1668 2054 sustineri
1710 2004 1938 2072 possint,
1996 2003 2191 2073 quodsi

305 2095 439 2147 talia
480 2112 591 2146 non
633 2095 756 2159 sint,
821 2111 932 2144 non
989 2091 1224 2144 habetur
1279 2093 1561 2158 fortitudo,
1624 2093 1720 2144 sed
1774 2096 2054 2146 temeritas
2103 2093 2191 2145 vel

308 2186 514 2238 ferocia
556 2192 657 2235 etc.

457 2303 496 2331 α.
532 2288 774 2332 Primaria
813 2291 922 2330 sunt
954 2286 1156 2342 pericula
1191 2286 1366 2339 bellica,
1400 2300 1490 2330 non
1525 2287 1669 2329 solum
1694 2287 1967 2342 communia,
2002 2299 2114 2341 quae
2132 2286 2191 2329 ad

304 2364 504 2420 patriam
556 2369 606 2408 et
655 2361 922 2418 religionem
979 2363 1309 2406 defendendam
1362 2362 1483 2405 iuste
1537 2361 1864 2417 suscipiuntur,
1918 2362 1994 2404 sed
2048 2361 2187 2404 etiam

304 2439 504 2494 privata,
543 2452 655 2494 quae
688 2438 744 2482 ab
776 2438 947 2492 iniquis
979 2437 1242 2481 hominibus
1287 2437 1472 2492 privata
1518 2436 1871 2492 impugnatione
1913 2436 2085 2479 iniuste
2124 2435 2188 2480 in·

300 2516 528 2558 feruntur.

455 2604 492 2649 b.
528 2602 814 2646 Seczmdarz'cae
849 2607 957 2645 sunt
990 2602 1082 2645 alia
1104 2601 1305 2657 pericula
1328 2601 1424 2644 sive
1446 2600 1607 2643 mortis
1626 2600 1721 2643 sive
1744 2600 1937 2643 aliorum
1961 2601 2194 2644 malorum

303 2693 339 2721 e.
377 2692 419 2734 g.
455 2677 779 2733 mutilationis,
813 2676 1161 2731 flagellationiS‚
1194 2675 1336 2730 exilii,
1371 2675 1644 2731 morborum,
1678 2675 1965 2719 vinculorum
2000 2679 2084 2718 etc.

453 2843 578 2898 251.
622 2843 787 2896 Vitia
826 2842 1121 2910 Opposita.
1213 2841 1358 2892 Vitia
1412 2840 1723 2892 fortitudini
1780 2840 2032 2909 opposita
2087 2857 2199 2908 per*

305 2932 563 3000 defectum
616 2941 743 2983 sunt
783 2931 1112 2984 intimiditas
1154 2939 1207 2982 et
1248 2932 1506 2999 ignavia3
1564 2937 1618 2980 et
1658 2930 1796 2980 vitia
1837 2930 1886 2979 ei
1930 2929 2181 2998 opposita

300 3041 399 3092 per
441 3040 702 3073 eoncessum
744 3021 1011 3072 timiditas
1053 3029 1104 3071 et
1146 3021 1440 3071 temeritas.

457 3147 497 3176 α.
531 3132 812 3176 Intimiditas
845 3147 922 3176 seu
954 3132 1162 3176 vacuitas
1194 3131 1376 3174 timoris
1409 3136 1478 3174 est
1520 3131 1704 3186 vitium,
1748 3144 1834 3185 quo
1881 3128 2092 3173 deficitur
2130 3128 2179 3172 in

299 3209 526 3252 timendo:
563 3209 697 3251 homo
731 3207 850 3250 enim
883 3208 1006 3251 iusto
1039 3207 1202 3250 timore
1233 3219 1404 3249 vacuus
1428 3219 1516 3248 non
1541 3205 1690 3260 timet,
1725 3205 1903 3259 quando
1927 3208 1996 3247 est
2019 3203 2193 3246 timen->

302 3284 424 3338 dum,
458 3296 539 3326 nec
570 3282 708 3325 timet
741 3295 806 3337 ea,
840 3296 955 3336 quae
986 3282 1193 3325 timenda
1226 3286 1346 3324 sunt.

449 3380 485 3422 b.
520 3379 712 3435 Iynccvia
746 3387 815 3422 est
847 3378 1030 3434 vitium,
1075 3392 1160 3433 quo
1204 3378 1416 3421 deficitur
1457 3377 1506 3420 in
1548 3376 1779 3420 audendo:
1823 3376 2021 3431 ignavus
2055 3374 2176 3418 enim·

298 3469 388 3498 non
432 3455 571 3498 audet
619 3452 812 3508 aggredi
855 3453 1054 3507 pericula
1094 3457 1139 3496 et
1190 3452 1508 3506 difficultates,
1563 3451 1682 3494 sicut
1730 3454 1777 3494 et
1825 3450 2004 3504 quando
2051 3448 2184 3492 iusta.

294 3530 413 3572 ratio
449 3529 607 3572 dictat.
