2269 3898
251 95 337 138 146
992 89 1065 132 III.
1099 89 1167 132 De
1199 87 1391 143 legibus.

251 230 442 282 rochia
505 228 757 296 acquirat
818 233 868 275 et
929 225 1148 275 amittat
1208 221 1564 287 domicilium7·
1631 222 1675 274 b.
1736 221 2014 291 quomodo
2079 222 2138 273 in

250 318 515 392 parochia
571 316 821 384 acquirat
875 320 927 365 et
968 314 1187 364 amittat
1241 309 1813 382 quasi-domicilium).
1892 311 2137 362 Domici-

249 412 386 464 lium
428 409 483 458 in
527 406 765 457 dioecesi
808 403 984 455 solum
1025 403 1307 454 mediante
1351 401 1631 454 domicilio
1676 403 1733 453 in
1769 400 1958 470 aliqua
1991 401 2135 452 dioe-

253 501 389 553 cesis
430 495 694 566 parochia
735 494 949 564 acquiri
991 501 1182 562 potest.

404 605 454 656 2.
517 597 862 652 Domicilium
919 612 1002 649 est
1053 597 1325 649 habitatio
1377 598 1433 648 in
1477 595 1742 666 parochia
1784 613 1910 648 cum
1954 597 2140 647 animo

252 697 330 749 ibi
389 699 653 764 perpetuo
709 688 990 751 manendi,
1047 689 1091 738 si
1142 685 1280 738 nihil
1333 686 1465 737 inde
1519 693 1743 752 avocet3
1803 686 2139 756 quasi-domi-

254 785 431 839 cilium
473 790 553 834 est
593 778 865 831 habitatio
909 779 966 829 in
1007 776 1274 846 parochia
1330 794 1457 828 cum
1511 776 1697 828 animo
1755 775 1834 827 ibi
1876 775 2141 827 manendi

254 894 352 947 per
393 873 658 925 maiorem
700 869 834 920 anni
874 875 1102 937 partem.

405 978 453 1031 3.
493 973 721 1044 Duplex
763 973 1123 1041 distinguitur
1154 969 1531 1022 domicilium:
1576 970 1952 1037 voluntarium,
1997 971 2144 1040 quod

255 1089 352 1141 per
409 1085 464 1119 se
524 1067 557 1119 i.
603 1084 647 1117 e.
710 1064 935 1133 propria
997 1061 1266 1114 electione
1327 1061 1651 1130 acquiritur,
1713 1068 1767 1112 et
1823 1059 1989 1130 Zeyale
2049 1078 2145 1112 seu

255 1158 647 1220 necessarium,
712 1152 858 1223 quod
918 1170 1017 1222 per
1076 1151 1248 1203 alium
1305 1169 1400 1202 seu
1456 1169 1526 1201 ex
1590 1151 1951 1220 dispositione
2008 1150 2146 1218 legis

256 1248 578 1319 acquiritur.

405 1338 541 1380 Patet
590 1348 680 1378 non
713 1333 771 1376 ad
813 1333 937 1387 leges
983 1331 1160 1386 civiles,
1206 1331 1283 1374 sed
1329 1331 1386 1373 ad
1432 1333 1613 1373 statuta
1655 1330 1771 1385 legis
1814 1329 2147 1373 ecclesiasticae

258 1412 590 1458 attendendum
625 1422 735 1464 esse,
775 1407 853 1451 ubi
893 1407 1052 1462 agitur
1097 1407 1151 1450 de
1196 1406 1470 1461 acquirendo
1505 1405 1576 1448 vel
1622 1405 1881 1449 amittendo
1922 1405 2146 1448 domicilio

258 1487 573 1532 eeclesiastico,
617 1484 725 1526 Ideo
758 1483 884 1526 locus
920 1481 1141 1524 domicilii
1175 1486 1244 1524 est
1267 1481 1515 1536 parochia,
1548 1495 1638 1524 non
1671 1480 1778 1524 urbs
1808 1484 1890 1524 aut
1912 1480 2147 1536 oppidum,

258 1568 302 1608 et
337 1561 623 1606 condiciones
668 1560 726 1603 ad
760 1557 1086 1613 acquirendum
1119 1558 1193 1600 vel
1237 1556 1547 1600 amittendum
1585 1555 1866 1599 domicilium
1899 1554 2148 1610 requisitae

260 1652 315 1682 ex
347 1638 445 1681 iure
479 1634 705 1688 canonico,
739 1647 829 1676 non
862 1646 917 1676 ex
949 1632 1046 1675 iure
1080 1631 1205 1675 civili
1239 1631 1463 1686 petendae
1497 1635 1618 1674 sunt.

407 1785 532 1841 127.
576 1783 880 1857 Quomodo
924 1782 1277 1849 acquiratur
1318 1781 1408 1835 vel
1453 1781 1788 1835 amittatur.

410 1890 454 1943 I.
521 1891 603 1942 De
646 1887 965 1959 acquirendo
1010 1886 1294 1939 domicilio.

414 2000 458 2049 1.
519 1994 611 2046 Ad
652 1993 1055 2064 acquirendum
1096 1992 1422 2044 domicilium
1446 1991 1806 2044 voluntarium
1849 1990 1955 2043 duo
1984 1989 2148 2042 simul

263 2104 588 2139 concurrere
643 2084 872 2136 debent:
942 2104 990 2137 a.
1047 2083 1258 2135 factum
1312 2082 1691 2148 habitationis,
1751 2083 1784 2135 i.
1830 2099 1875 2135 e.
1927 2089 1987 2132 ut
2028 2082 2152 2151 quis

262 2184 390 2230 actu
432 2178 490 2228 in
531 2175 714 2244 aliquo
756 2173 875 2225 loco
928 2173 1182 2226 habitare
1236 2174 1501 2243 incipiat3
1571 2180 1624 2224 et
1677 2172 1720 2224 b.
1774 2173 1994 2224 animus
2035 2190 2153 2241 per-

263 2275 426 2338 petuo
470 2266 548 2317 ibi
591 2264 870 2331 manendi,
915 2265 1021 2315 nisi
1064 2282 1211 2316 nova
1252 2263 1440 2334 aliqua
1481 2264 1619 2314 ratio
1663 2281 1789 2314 eum
1831 2269 2043 2315 avocet.

415 2372 456 2399 α.
490 2354 786 2399 Domicilium
821 2353 1075 2409 acquiritur
1108 2367 1162 2397 ex
1196 2367 1245 2397 eo
1281 2353 1367 2409 die,
1402 2366 1488 2408 quo
1522 2353 1632 2396 haec
1666 2353 1754 2395 duo
1788 2352 1925 2396 simul
1958 2353 2150 2402 adsunt;

264 2445 443 2477 necesse
475 2445 566 2475 non
599 2435 682 2485 est,
715 2434 767 2473 ut
802 2429 902 2484 quis
936 2443 1015 2485 per
1047 2429 1233 2484 aliquod
1266 2433 1449 2484 tempus
1481 2428 1574 2471 iam
1607 2427 1673 2470 ibi
1705 2427 2002 2471 habitaverit.

418 2509 455 2557 ,3.
492 2507 537 2550 Si
573 2507 626 2550 de
659 2505 811 2549 animo
845 2509 1064 2560 perpetuo
1096 2504 1160 2548 ibi
1194 2503 1409 2548 manendi
1442 2517 1534 2546 non
1567 2507 1764 2557 constat,
1803 2503 1883 2546 ille
1923 2516 1978 2546 ex
2010 2502 2152 2546 variis

264 2582 464 2637 indiciis,
498 2595 611 2637 quae
645 2581 862 2624 moralem
897 2579 1222 2623 certitudinem
1256 2578 1457 2634 pariant,
1491 2578 1698 2621 concludi
1724 2578 1871 2622 debet.
1914 2578 2154 2622 Eiusmodi

265 2657 436 2701 indicia
469 2660 599 2700 sunt:
636 2655 865 2699 habitatio
899 2655 1099 2709 assidua,
1133 2654 1379 2697 translatio
1413 2653 1598 2697 maioris
1639 2653 1787 2709 partis
1820 2653 2054 2709 bonorum,
2087 2667 2153 2697 ac-

267 2732 454 2788 quisitio
487 2731 705 2774 bonorum
738 2729 1062 2784 immobilium,
1107 2729 1298 2773 assertio
1344 2729 1614 2785 praesertim
1659 2728 1918 2772 iuramento
1951 2729 2152 2772 firmata.

269 2881 422 2925 debet:
469 2881 599 2924 nulla
633 2880 753 2924 enim
787 2878 1051 2922 conceditur
1084 2879 1366 2935 dispensatio
1401 2893 1428 2922 a
1459 2878 1646 2934 ieiunio,
1694 2891 1839 2933 neque
1885 2877 1934 2920 in
1980 2878 2077 2921 loco
2109 2876 2153 2921 S.

265 2969 410 3011 neque
441 2956 490 2999 111
523 2956 617 2999 1000
651 2955 727 3008 [’.;
773 2967 880 3009 ergo
923 2967 1014 2997 11011
1047 2958 1201 3009 potest-
1234 2954 1304 2997 uti
1339 2953 1583 3009 privilegio
1619 2952 1991 3009 dispensationis,
2034 2952 2154 3007 quod

266 3030 432 3075 nullibi
466 3030 751 3080 conceditur;
788 3042 888 3072 011111
923 3032 1079 3072 tamen
1111 3028 1160 3072 in
1191 3030 1287 3072 loco
1312 3028 1354 3072 S.
1391 3028 1565 3072 existat
1587 3027 1884 3084 privilegium
1909 3026 2153 3071 differendi

266 3106 489 3150 ieiunium
522 3105 570 3148 in
604 3108 865 3160 sequentem
902 3104 1020 3147 diem
1056 3103 1250 3159 sabbati,
1283 3104 1366 3147 hoc
1398 3103 1643 3159 privilegio
1675 3102 1747 3146 uti
1779 3106 1946 3158 potest.
1983 3101 2153 3156 Quodsi

266 3180 512 3224 ieiunando
562 3193 611 3224 eo
663 3179 748 3234 die,
808 3193 895 3234 quo
948 3179 1062 3222 alias
1110 3192 1242 3222 nemo
1290 3178 1483 3233 ieiuna-t,
1541 3191 1761 3234 magnum
1814 3177 2154 3221 incommodum

269 3255 420 3299 subire
455 3255 602 3309 debet,
634 3267 714 3310 per
746 3253 953 3297 accidens
987 3267 1036 3297 eo
1070 3267 1188 3297 anno
1221 3258 1408 3309 propter
1440 3254 1524 3297 hoc
1554 3253 1892 3297 incommodum
1926 3266 1953 3295 a
1981 3250 2153 3295 ieiunio

267 3334 525 3378 excusatur.

422 3404 453 3459 1)
485 3405 553 3448 Cf.
587 3404 787 3452 Lam-in,
819 3404 986 3447 Wesen
1018 3404 1113 3447 und
1146 3404 1422 3459 Bedeutung
1455 3404 1532 3447 des
1565 3402 1788 3446 Domizils
1821 3400 2009 3458 (Archiv
2039 3402 2073 3445 f.
2106 3401 2154 3443 k.

270 3478 617 3522 Kirchenrecht:
652 3478 736 3521 Bd.
772 3478 842 3521 96.
875 3478 915 3522 S.
952 3478 1074 3535 165).
