2269 3898
229 125 314 167 216
971 119 1037 162 De
1070 117 1375 161 matrimonio.

229 260 350 311 XII.
404 255 653 308 Formiila
684 273 789 325 pro
829 253 1076 323 petenda,
1110 254 1428 322 priusquam
1468 252 1869 301 matrimonium
1910 258 2116 300 contra·

227 349 399 413 hatur,
444 344 873 397 convalidatione
916 342 1142 394 alicuius
1169 341 1605 411 dispensationis,
1649 359 1780 408 qaae
1824 340 1950 390 vitio
1997 358 2114 408 quo-

780 433 904 484 dam
945 431 1158 483 laborat
1197 429 1562 481 substantiali.
1670 426 1673 429 ¹

496 597 845 644 illustrissime
882 609 939 642 ac
974 592 1416 642 Reverendissime
1451 592 1682 649 Domine,

376 731 566 779 Paulus
590 733 658 778 A.
691 737 741 777 et
773 731 936 776 Maria
959 730 1019 776 Β.
1043 728 1186 775 huius
1219 728 1489 787 parochiae
1525 728 1721 774 incolae
1748 727 2114 774 matrimonium

228 808 355 854 inire
383 808 598 866 cupiunt.
644 807 827 854 Verum
853 807 1060 852 obtenta
1092 804 1188 850 iam
1228 809 1278 849 et
1310 800 1580 849 fulminata
1613 802 1679 859 (si
1712 802 1763 848 in
1796 802 1957 850 forma
1991 816 2118 849 coni-

228 883 457 929 missoria
489 881 588 928 fuit
622 882 743 929 data
778 878 1107 940 dispensatio)
1151 877 1523 938 dispensatione
1569 891 1718 936 super
1760 877 2115 936 impedimento

229 957 679 1016 consanguinitatis
715 955 918 1003 secundi
951 954 1137 1013 gradus
1178 953 1343 999 lineae
1391 952 1702 998 collateralis
1751 952 1991 1010 aequalis,
2037 951 2118 997 de-

229 1038 415 1080 tectum
441 1038 517 1079 est
542 1033 759 1079 existere
782 1031 918 1076 inter
945 1030 1143 1076 eosdem
1177 1028 1314 1074 aliud
1347 1027 1767 1086 impedimentum,
1803 1026 2114 1085 cognationis

229 1107 427 1154 scilicet
461 1106 739 1166 spiritualis
775 1120 833 1152 ex
868 1120 924 1151 eo
960 1104 1086 1163 quod
1109 1103 1273 1149 Maria
1297 1103 1357 1148 Β.
1391 1102 1548 1148 filium
1570 1101 1723 1148 Pauli
1757 1101 1872 1148 olim
1908 1116 1967 1148 ex
1999 1103 2118 1160 bap-

227 1183 372 1228 tismo
407 1182 699 1241 susceperit.
767 1182 936 1240 Quare
975 1179 1248 1227 humillime
1284 1179 1567 1237 supplicant
1600 1177 1983 1224 Illustrissimae
2017 1175 2118 1222 Do-

228 1257 489 1303 minationi
511 1257 745 1313 Vestrae,
779 1262 835 1302 ut
867 1261 971 1302 tam
1005 1269 1153 1314 super
1186 1253 1541 1313 impedimento
1575 1252 1777 1299 reticito
1803 1265 1944 1310 quam
1971 1265 2119 1310 super

229 1333 328 1380 alio
363 1333 523 1380 adhuc
556 1337 916 1392 perseverante
952 1330 1078 1377 velit
1112 1329 1326 1387 benigne
1365 1328 1672 1387 dispensare.

377 1422 622 1468 Rationes
659 1427 770 1468 sunt
791 1440 798 1466 :
