2269 3898
764 155 831 197 De
862 154 962 208 lege
995 154 1206 196 humana.
1830 153 1913 194 123

50 288 344 340 relationes
410 287 656 339 fidelium
723 287 792 338 ad
855 285 1171 350 ecclesiam,
1242 287 1557 337 societatem
1623 284 1913 347 visibilem,

53 378 288 429 ordinat.

202 487 241 520 e.
281 466 598 517 Iurisdictio
641 465 742 515 fori
771 465 971 514 interni
1002 463 1209 532 duplex
1238 471 1333 525 est,
1376 463 1781 514 sacramentalis
1824 481 1917 514 seu

52 554 475 625 poenitentialis,
535 572 675 622 quae
731 554 787 604 in
841 552 1320 604 administratione
1362 553 1691 603 sacramenti
1735 553 1918 621 poeni-

51 647 256 697 tentiae
299 651 602 705 exercetur,
647 650 699 693 et
741 641 1301 693 eoetrascccramentcclis
1344 659 1438 691 seu
1481 641 1917 708 extrapoeniten-

49 734 212 797 tialis,
257 752 395 803 quae
438 740 592 784 extra
635 739 1040 784 sacramentum
1083 731 1457 800 poenitentiae
1500 737 1804 782 exercetur.

199 897 328 951 107.
383 895 710 963 Principia.
808 896 852 947 1.
916 894 1026 959 Qui
1088 894 1424 945 ordinariam
1485 893 1920 945 iurisdictionem

51 985 233 1052 habet7
264 1005 361 1055 per
389 1004 445 1037 se
475 1003 594 1036 eam
625 983 782 1035 alteri
813 985 1053 1053 cleleyare
1082 991 1289 1053 potest3
1334 985 1427 1053 qui
1459 1001 1587 1034 Vero
1613 982 1919 1051 delegatam

52 1075 235 1142 habet,
279 1093 400 1127 eam
437 1074 593 1126 alteri
625 1073 963 1143 subdeleyare
1005 1075 1199 1143 nequit
1240 1080 1471 1141 excepto
1513 1072 1719 1141 triplici
1762 1090 1917 1122 casu:

203 1185 249 1218 α.
295 1165 352 1218 Si
393 1164 601 1233 absque
642 1165 987 1215 restrictione
1031 1163 1314 1231 delegatus
1357 1163 1426 1213 sit
1465 1181 1497 1212 a
1539 1179 1751 1211 summo
1794 1179 1921 1229 pon-

50 1254 213 1320 tifice,
245 1254 411 1324 idque
439 1272 507 1305 ex
537 1252 830 1322 privilegio
851 1254 984 1304 iuris
1008 1259 1233 1321 propter
1253 1252 1611 1303 eminentiam
1636 1268 1924 1319 supremae

53 1345 338 1413 potestatis
380 1343 703 1407 concesso1).

201 1432 347 1486 Quare
379 1432 614 1487 episcopus
645 1432 892 1474 facultates
925 1430 980 1473 ab
1014 1429 1264 1484 apostolica
1297 1430 1399 1472 sede
1433 1428 1517 1471 sibi
1551 1429 1608 1471 ad
1645 1432 1823 1482 tempus
1858 1427 1925 1470 de-

50 1507 228 1562 legatas
262 1506 429 1561 absque
462 1505 646 1560 speciali
691 1504 972 1547 concessione
1015 1503 1119 1546 aliis
1168 1510 1267 1546 tum
1313 1503 1514 1558 generali
1550 1503 1680 1545 modo
1714 1507 1812 1544 tum
1846 1515 1925 1556 pro

51 1595 157 1624 casu
189 1579 457 1636 particulari
492 1580 700 1633 delegare
732 1578 939 1634 potest‘2).

201 1655 245 1708 b.
290 1654 345 1705 Si
389 1654 674 1722 delegatus
717 1655 786 1704 sit
826 1653 896 1704 ad
939 1654 1362 1703 universitatem
1406 1669 1710 1702 causarum.

199 1744 269 1786 Ad
318 1743 659 1786 universitatem
708 1755 953 1785 causarum
1003 1741 1241 1796 delegatus
1291 1740 1472 1794 dicitur,
1522 1740 1598 1794 qui
1651 1743 1926 1794 potestatem

51 1818 225 1873 accepit
272 1831 362 1861 non
403 1818 547 1860 solum
590 1831 727 1860 unam
773 1817 845 1859 vel
890 1817 1041 1870 plures
1074 1815 1373 1870 particulares
1408 1828 1579 1869 causas,
1613 1815 1689 1857 sed
1722 1815 1793 1857 vel
1828 1813 1928 1856 sim-

55 1893 236 1948 pliciter
280 1905 432 1935 omnes
474 1892 547 1935 vel
591 1904 744 1934 omnes
787 1890 835 1933 in
869 1894 988 1933 certo
1032 1890 1184 1944 aliquo
1228 1902 1390 1944 genere
1439 1902 1474 1932 e.
1508 1902 1551 1943 g.
1588 1902 1739 1931 omnes
1772 1900 1929 1930 causas

55 1966 415 2011 matrimoniales
449 1965 731 2020 expediendi.

205 2063 243 2093 c.
291 2041 348 2093 Si
390 2039 685 2110 specialem
728 2041 1143 2091 concessionem
1186 2037 1588 2107 subdelegandi
1636 2036 1927 2105 acceperit.

207 2147 255 2197 2.
296 2146 543 2196 Potestas
585 2143 837 2212 delegata
878 2152 1051 2195 morte
1094 2142 1398 2211 delegantis
1452 2160 1556 2192 non
1598 2142 1828 2210 expirat,
1886 2140 1928 2189 si

56 2242 140 2286 est
179 2235 355 2301 gratia
396 2233 572 2297 facta3
628 2234 842 2302 expirat
888 2240 1090 2298 autem,
1147 2234 1191 2283 si
1234 2240 1317 2283 est
1355 2232 1532 2300 gratia
1573 2229 1831 2281 facienda
1871 2246 1928 2278 re

56 2324 238 2376 adhuc
265 2324 496 2392 integra.
556 2322 783 2374 Constat
810 2340 878 2373 cx
910 2322 1269 2391 dispositione
1298 2321 1480 2386 iuris3)
1524 2327 1576 2370 et
1604 2338 1672 2371 ex
1701 2319 1927 2383 ratione,

57 2415 188 2483 quia
243 2431 340 2482 per
390 2413 625 2480 gratiam
679 2411 882 2463 factam
939 2418 1033 2462 aut
1083 2411 1202 2479 ipsa
1243 2429 1328 2461 res
1369 2418 1465 2461 aut
1506 2410 1589 2459 ius
1631 2407 1698 2459 ad
1741 2425 1856 2459 rem
1898 2426 1929 2457 a

59 2501 307 2571 delegato
350 2500 737 2570 accipiendam
779 2500 1102 2570 acquiritur,
1159 2499 1255 2550 sed
1305 2518 1402 2568 per
1456 2499 1689 2566 gratiam
1733 2497 1928 2548 facien-

58 2591 187 2643 dam
229 2589 441 2642 nullum
484 2591 570 2641 ius
610 2590 931 2659 acquiritur.

208 2699 256 2732 a.
299 2679 598 2730 Distinctio
641 2679 784 2728 inter
823 2678 1059 2745 gratiam
1102 2676 1307 2728 factam
1361 2684 1413 2727 et
1452 2676 1687 2744 gratiam
1729 2674 1929 2725 facien-

60 2768 188 2820 dam
230 2768 536 2819 desumitur
577 2786 608 2818 a
665 2766 843 2830 modo,
900 2784 1006 2836 quo
1059 2767 1237 2834 gratia
1293 2765 1631 2817 conceditur.
1711 2763 1933 2814 Dicitur

56 2859 235 2928 qratia
276 2856 456 2926 facta,
511 2856 555 2907 si
612 2854 681 2907 ab
732 2856 850 2925 ipso
908 2856 1189 2924 superiore
1242 2873 1338 2923 per
1390 2872 1444 2904 se
1495 2853 1583 2905 vel
1625 2871 1723 2922 per
1762 2851 1930 2903 alium

59 2954 343 3016 tamquam
393 2951 745 2997 executorem
801 2946 1173 2996 necessarium
1229 2942 1568 3009 conceditur,
1625 2950 1678 2994 et
1731 2941 1933 2992 dicitur

58 3037 238 3106 qratia
263 3035 546 3105 facienda,
589 3035 634 3085 si
674 3052 772 3103 per
812 3033 982 3085 alium
1024 3041 1307 3101 tamquam
1352 3040 1703 3083 executorem
1742 3030 1931 3081 volun-

64 3125 266 3175 tarium
309 3123 644 3174 conceditur.

216 3286 246 3340 ¹)
280 3286 326 3329 C.
360 3285 407 3328 Si
438 3298 518 3340 pro
553 3284 791 3328 debilitate
823 3286 864 3330 3.
897 3285 969 3326 De
1002 3284 1150 3341 officio
1184 3283 1314 3326 indie.
1351 3283 1490 3337 deless.
1525 3284 1538 3337 ζ
1544 3282 1571 3323 Ι.
1609 3282 1695 3335 2921.

213 3358 246 3414 2)
276 3358 324 3402 S.
363 3359 569 3416 Officium
603 3359 671 3401 14.
708 3359 800 3404 dec,
835 3359 963 3402 1898.

214 3430 248 3487 ³)
277 3433 357 3477 CC.
393 3431 438 3475 Si
472 3431 543 3475 cui
575 3432 645 3475 36.
697 3433 764 3475 De
794 3431 1075 3487 praebendis
1119 3431 1211 3484 (ΙΙΙ.
1246 3431 1289 3482 4>
1320 3431 1366 3473 in
1401 3429 1463 3472 6⁰.
1514 3429 1557 3472 Si
1593 3441 1724 3482 super
1756 3428 1797 3470 9.
1861 3427 1932 3469 De

61 3507 210 3563 officio
242 3506 341 3555 ind„
366 3506 450 3551 del.
483 3506 534 3559 (I.
569 3505 641 3556 14)
674 3505 721 3549 in
754 3505 816 3550 6⁰.
