2269 3898
556 134 621 176 De
655 131 1067 187 dispensationibus
1099 131 1523 175 matrimonialibus.
1886 135 1968 176 151

259 287 307 318 cc.
353 267 809 334 Dispensationes
851 283 1038 316 omnes
1079 274 1191 316 tum
1236 265 1498 316 Datariae
1541 273 1651 316 tum
1682 265 1968 317 Poeniten-

109 356 302 405 tiariae
345 354 768 405 committendae
811 363 936 405 sunt
976 354 1064 405 vel
1106 355 1380 405 ordinario
1419 364 1686 406 oratorum
1714 355 1802 406 vel
1832 356 1970 406 ord-i-

112 445 269 494 mario
313 441 414 493 loci
455 445 531 509 (in
574 461 678 512 quo
722 444 1133 494 matrimonium
1176 443 1557 508 contrahitur).

261 533 305 585 b.
348 532 806 601 Dispensationes
848 532 1122 583 ordinario
1179 534 1496 584 commissas
1548 535 1745 603 exequi
1797 541 1972 603 potest

110 622 276 672 etiam
322 621 439 671 eius
482 622 722 672 vicarius
763 620 1035 688 generalis
1076 628 1128 672 et
1169 621 1296 672 sede
1334 630 1566 672 Vacante
1609 624 1848 673 vicarius
1891 641 1969 673 ca-

106 709 369 778 pitulariS.

255 819 293 852 c.
352 798 613 850 Vicarius
668 799 985 868 capitularis
1044 801 1241 869 exequi
1302 808 1478 868 potest
1539 801 1702 850 etiam
1759 801 1972 868 dispen-

106 891 343 940 sationes
397 891 654 958 episcopo
708 888 1013 957 (defuncto)
1065 889 1153 940 vel
1207 890 1323 939 eius
1365 890 1572 940 vicario
1615 888 1856 956 generali
1898 908 1974 940 re-

109 979 300 1029 missas
356 987 408 1029 et
462 978 706 1029 nondum
766 980 1078 1029 executioni
1131 978 1435 1030 mandatas.
1517 977 1972 1047 Dispensationes

108 1066 235 1117 sede
276 1076 510 1118 vacante
553 1069 760 1118 vicario
805 1067 1092 1136 capitulari
1134 1068 1387 1118 remissas
1424 1068 1624 1136 exequi
1660 1074 1836 1136 potest
1865 1069 1975 1136 epi-

108 1174 307 1225 scopus
349 1175 629 1208 successor
671 1165 723 1207 et
764 1158 880 1207 eius
922 1159 1163 1208 vicarius
1203 1155 1490 1226 generalis.

260 1246 309 1299 cl.
361 1246 818 1315 Dispensationes
860 1247 1136 1298 ordinario
1179 1254 1452 1297 oratorum
1497 1247 1814 1297 commissas
1857 1264 1975 1297 exe·

114 1336 208 1404 qui
254 1334 419 1386 debet
459 1335 786 1403 ordinarius,
843 1337 936 1404 qui
988 1335 1195 1386 litteras
1247 1335 1640 1386 testimoniales
1694 1336 1845 1386 dedit
1891 1335 1979 1386 vel

108 1423 356 1475 libellum
401 1425 704 1494 supplicem
748 1426 1049 1476 transmisit
1106 1444 1144 1478 s.
1190 1425 1322 1490 sedi,
1378 1426 1494 1475 sive
1549 1437 1628 1477 est
1669 1425 1979 1476 ordinarius

112 1515 338 1582 originis
396 1517 513 1564 sive
564 1514 828 1565 domicilii
891 1515 1007 1565 sive
1065 1515 1347 1583 utriusque
1407 1516 1591 1583 sponsi
1651 1516 1766 1565 sive
1825 1513 1978 1565 alter-

109 1605 285 1654 utrius
335 1621 542 1669 eorum,
599 1605 714 1654 sive
767 1602 949 1654 adhuc
1003 1621 1189 1654 eorum
1244 1602 1552 1654 ordinarius
1594 1612 1672 1653 est
1713 1604 1828 1654 sive
1869 1621 1979 1654 non

107 1691 343 1761 amplius
386 1700 480 1743 est.

257 1802 296 1833 e.
340 1781 686 1847 Ordinarius,
730 1800 761 1832 a
803 1800 909 1851 quo
950 1781 1286 1850 dispensatio
1327 1781 1652 1850 exequenda
1694 1790 1788 1848 est⁷
1831 1790 1976 1851 pote-

107 1879 301 1923 statem
363 1889 484 1922 eam
551 1870 862 1939 exequendi
929 1872 1093 1921 etiam
1158 1870 1313 1922 alteri
1381 1870 1657 1922 ordinario
1725 1870 1976 1939 delegare

108 1968 301 2029 potest,
345 1962 395 2012 ei
437 1962 773 2029 praesertim,
819 1962 875 2011 in
918 1962 1074 2011 cuius
1113 1960 1348 2011 dioecesi
1385 1962 1569 2029 sponsi
1598 1968 1724 2012 actu
1753 1959 1974 2029 degunt.

256 2123 384 2178 146.
436 2124 520 2177 De
563 2124 736 2177 modo
781 2124 1114 2190 exequendi
1158 2124 1638 2192 dispensationes
1679 2141 1712 2178 a
1750 2125 1980 2178 dataria

110 2227 444 2267 concessas.
508 2216 553 2264 1.
601 2212 741 2264 Cum
785 2213 1137 2282 dispensatio,
1182 2232 1322 2283 quae
1364 2233 1395 2264 a
1437 2215 1811 2265 commissario
1855 2232 1975 2265 con—

109 2302 322 2353 ceditur
363 2311 663 2371 antequam
708 2303 1099 2354 documentum
1149 2304 1491 2372 pontificium
1541 2304 1771 2372 accepit⁷
1828 2304 1976 2354 inva—

107 2391 221 2442 lida
263 2393 348 2454 sit,
406 2393 503 2442 etsi
548 2401 753 2443 certam
803 2394 1054 2443 notitiam
1109 2411 1400 2444 concessae
1440 2392 1716 2444 facultatis
1757 2391 1975 2456 habeat,

108 2490 334 2551 accepto
390 2481 720 2533 documento
777 2481 1110 2551 dispensatio
1162 2483 1340 2534 denuo
1398 2481 1725 2550 exequenda
1776 2481 1976 2544 foret1).

258 2571 307 2624 2.
372 2570 796 2622 Commissarius
853 2582 1108 2623 accurate
1169 2572 1442 2623 observare
1502 2571 1649 2622 debet
1712 2570 1981 2622 clausulas

112 2678 206 2711 seu
250 2659 601 2711 condiciones
644 2660 1083 2730 dispensationis,
1126 2680 1267 2731 quae
1308 2663 1364 2712 in
1404 2662 1666 2730 rescripto
1698 2661 1974 2711 continen-

110 2756 229 2799 tur:
272 2767 460 2800 omnes
503 2751 648 2800 enim
690 2752 957 2802 rationem
995 2753 1274 2820 praecepti
1301 2769 1396 2820 pro
1427 2749 1689 2820 qualitate
1718 2750 1979 2800 materiae

112 2838 212 2889 sub
256 2839 414 2906 gravi
457 2838 544 2889 vel
586 2838 686 2890 sub
728 2839 838 2891 levi
882 2839 1178 2908 obligantis
1219 2840 1443 2907 habent,
1498 2857 1798 2908 earumque
1847 2857 1978 2890 non-

113 2927 296 2978 nullae
339 2929 502 2978 etiam
548 2928 902 2981 condiciones
943 2938 1085 2994 sunt,
1136 2949 1167 2981 a
1208 2948 1440 2998 quarum
1483 2931 1806 2980 executione
1849 2927 1982 2978 vali-

115 3016 258 3067 ditas
300 3016 728 3085 dispensationis
771 3017 1062 3087 dependet.
1122 3018 1464 3087 Praecipuae
1507 3017 1781 3069 clausulae
1824 3025 1979 3068 sunt:

261 3119 300 3150 a.
350 3105 602 3162 Verlfieaz‘io
641 3120 825 3161 precum
870 3113 977 3150 ante
1016 3107 1383 3150 fulminationem
1431 3106 1795 3162 dispensationis.
1860 3106 1983 3148 Haec

110 3179 378 3234 ve1·ificatio‚
427 3193 540 3234 quae
590 3180 696 3223 olim
745 3181 803 3224 ad
852 3182 1143 3225 validitatem
1192 3181 1519 3237 requirebatur,
1567 3195 1685 3224 nunc
1733 3181 1877 3223 solum
1926 3179 1982 3221 ad

111 3254 361 3297 liceitatem
395 3253 702 3311 requiritur-2).
767 3256 928 3299 Modus
961 3257 1075 3299 hanc
1107 3256 1465 3299 verificationem
1499 3255 1761 3311 perficiendi
1795 3253 1982 3297 arbit-rio

269 3418 298 3474 1)
333 3417 379 3461 S.
415 3418 669 3461 poenitent.
706 3419 772 3462 15.
807 3419 896 3462 ian.
933 3420 1060 3463 1894.

267 3490 297 3544 2>
332 3493 376 3535 S.
411 3492 663 3535 Poenitent.
698 3493 767 3535 27.
801 3507 894 3548 apr.
931 3493 1058 3537 1886.
