2269 3898
305 119 394 161 <264
1009 115 1061 158 V.
1095 115 1163 158 De
1194 115 1458 158 virtutibus.

456 252 500 304 b.
553 252 617 303 Ut
641 253 857 301 virtutes
882 248 1151 318 yenerales
1185 267 1279 299 seu
1306 256 1364 299 ut
1393 254 1626 317 quatuor
1650 265 1855 315 genera
1883 249 2172 312 virtutum,

307 360 445 410 quae
500 340 635 391 alias
688 341 919 390 virtutes
969 338 1200 389 morales
1242 337 1341 388 sub
1386 356 1441 388 se
1484 338 1782 389 continent.
1861 326 1965 389 Sie'
1993 337 2173 387 omnis

306 432 499 492 virtus,
545 447 683 497 quae
727 427 911 491 efficit,
954 437 1014 478 ut
1056 429 1401 495 operationes
1431 427 1539 477 sint
1568 425 1872 477 secundum
1901 426 2172 476 rationem

307 520 564 583 directae,
610 518 813 568 dicitur
848 518 1178 586 prudentia,·
1231 518 1411 568 omnis
1452 517 1644 581 virtus,
1704 533 1845 584 quae
1888 514 2074 580 efficit,
2118 521 2179 564 ut

305 608 650 676 operationes
681 608 788 657 sint
816 606 1122 657 secundum
1152 605 1399 656 debitum
1432 614 1676 671 exactae,
1709 604 1911 655 dicitur
1941 604 2176 667 iustitia,·

305 698 483 748 omnis
524 698 701 746 virtus
743 714 883 765 quae
927 695 1149 747 cohibet
1190 696 1489 764 passiones,
1550 694 1754 745 dicitur
1795 693 2177 762 temperansia,·
2236 692 2247 701 “

304 787 482 837 omnis
517 787 710 851 virtus,
756 802 896 854 quae
938 785 1185 835 animum
1228 783 1412 834 reddit
1451 784 1670 834 firmum
1713 791 1903 834 contra
1945 780 2174 833 difficul-

303 884 440 926 tates
483 892 855 944 quascunque,
901 873 1104 924 dicitur
1130 873 1421 943 fortitudo.
1784 856 1788 863 Ι

451 1000 490 1034 c.
543 979 611 1031 Ut
641 980 1006 1049 proprietates
1045 977 1331 1048 yeizeraZeS,
1386 997 1525 1048 quae
1567 977 1750 1047 aliquo
1794 977 1956 1027 modo
1998 977 2177 1025 inesse

303 1066 508 1119 debent
559 1070 862 1136 unicuique
917 1069 1136 1119 virtuti:
1197 1069 1375 1119 omnis
1430 1069 1576 1118 enim
1632 1068 1808 1117 virtus
1850 1064 2015 1117 debet
2061 1081 2211 1115 esse.

290 1157 533 1227 pru-dens
563 1159 618 1207 in
647 1156 949 1225 operando,
991 1176 1057 1207 ne
1088 1167 1231 1207 erret
1258 1175 1356 1225 per
1381 1156 1974 1219 inconsiderationem,
2016 1155 2174 1220 iusta,

301 1256 360 1296 ut
412 1253 667 1314 praestet,
728 1245 875 1315 quod
931 1246 1093 1297 debet
1133 1246 1270 1311 Deo,
1330 1248 1582 1314 proximo
1642 1254 1693 1295 et
1747 1245 1852 1313 ipsi
1894 1244 2174 1313 operanti;

285 1336 476 1404 fortis,
526 1343 586 1386 ut
642 1337 698 1386 in
739 1335 883 1386 bono
928 1343 1242 1387 constanter
1282 1337 1537 1404 persistat
1577 1354 1678 1387 nec
1722 1334 1846 1386 ullis
1889 1332 2175 1385 difficulta-

299 1425 447 1476 tibus
489 1425 678 1491 cedat3
724 1434 1037 1494 temperante,
1081 1434 1141 1476 ut
1181 1427 1236 1476 in
1265 1424 1523 1476 omnibus
1566 1424 2003 1476 mediocritatem
2045 1426 2174 1489 (me-

301 1514 476 1585 dium)
509 1523 689 1566 servet
719 1523 770 1566 et
799 1515 1024 1567 modum
1056 1534 1087 1566 a
1114 1517 1326 1566 ratione
1354 1517 1755 1584 praescriptum
1787 1532 1897 1565 non
1921 1511 2171 1565 excedat.

948 1797 1242 1854 Articulus
1283 1797 1520 1871 primus

1026 1935 1103 1973 De
1135 1933 1437 1983 prudentia.

448 2079 589 2134 237.
628 2080 778 2133 Eius
820 2081 1057 2133 natura.
1122 2081 1168 2131 1.
1211 2080 1505 2130 Prudentia
1548 2079 1809 2131 definitur
1847 2088 1995 2130 recta
2035 2081 2174 2131 ratio

301 2169 659 2236 agendorum,
693 2188 787 2220 seu
815 2177 895 2220 est
926 2171 1099 2220 virtus
1127 2168 1348 2219 moralis
1378 2170 1432 2219 in
1465 2171 1663 2238 quovis
1689 2170 1908 2236 negotio
1937 2169 2170 2232 dictans,

298 2258 431 2328 quid
456 2258 815 2309 consideratis
853 2259 1285 2309 circumstantiis
1320 2259 1597 2326 agendum
1632 2260 1715 2325 sit,
1743 2260 1964 2310 utactio
1988 2266 2170 2309 rectae

296 2350 497 2400 rationi
540 2349 609 2399 sit
650 2350 1004 2400 conveniens.
1062 2403 1065 2404 γ

447 2467 487 2495 a.
523 2452 775 2496 Prudentia
808 2459 877 2496 est
910 2453 1058 2496 virtus
1091 2453 1355 2497 intellectus
1387 2451 1592 2507 practici,
1626 2465 1740 2507 quae
1773 2451 1976 2507 proxime
2011 2439 2175 2506 dirigit

297 2540 449 2570 omnes
482 2527 680 2570 virtutes
713 2531 812 2570 tum
848 2529 1039 2571 morales
1071 2532 1171 2571 tum
1205 2527 1500 2582 theologicas.

446 2617 482 2659 b.
519 2616 768 2660 Prudentia
801 2617 1029 2660 hominem
1064 2617 1246 2660 ordinat
1280 2621 1379 2659 tum
1413 2617 1470 2659 ad
1504 2616 1701 2671 seipsum
1736 2622 1835 2659 tuin
1869 2616 1927 2658 ad
1960 2617 2174 2667 alterum,

297 2691 404 2745 quia
435 2695 565 2734 aetus
598 2705 886 2746 quoscunque
921 2692 1100 2747 dirigit,
1132 2695 1230 2734 tum
1267 2704 1355 2746 eos,
1388 2690 1464 2745 qui
1498 2691 1555 2733 ad
1600 2690 1895 2745 semetipsum
1939 2695 2040 2732 tum
2084 2703 2173 2744 eos,

297 2765 373 2819 qui
407 2766 464 2808 ad
497 2766 692 2809 alterum
726 2767 1000 2809 referuntur.

444 2858 494 2908 2.
550 2857 816 2908 Obieetum
868 2857 1146 2907 oiiczter‘iale
1200 2856 1530 2925 prudentiae
1585 2856 1927 2906 constituunt
1982 2873 2172 2906 omnes

292 2949 540 2998 actiones
577 2945 855 2996 humanae
884 2947 941 2996 in
971 2945 1309 3014 particulari,
1354 2945 1420 2996 de
1451 2943 1652 3014 quibus
1680 2943 1868 3009 dictat,
1896 2943 2171 3013 quomodo

296 3037 387 3087 hic
428 3045 481 3086 et
522 3054 670 3086 nunc
713 3035 1057 3086 exercendae
1100 3036 1223 3099 sint,
1268 3044 1328 3085 ut
1372 3034 1467 3085 fiat
1504 3034 1796 3085 honestum
1843 3042 1896 3084 et
1935 3035 2174 3085 evitetur

299 3125 520 3178 malum.
585 3123 881 3176 Obiectum
910 3124 1147 3194 formale
1190 3131 1268 3175 est
1309 3123 1574 3174 naturalis
1615 3122 1888 3186 honestas,
1933 3142 2072 3193 quae
2113 3124 2171 3174 in

297 3233 358 3266 eo
385 3214 609 3278 relucet,
632 3213 778 3282 quod
802 3232 991 3264 omnes
1011 3215 1254 3264 actiones
1275 3212 1611 3264 deliberatae
1635 3212 1939 3263 secundum
1963 3223 2170 3264 rectam

294 3305 563 3355 rationem
607 3304 758 3354 fiant.

445 3423 486 3451 α.
522 3407 638 3461 Quia
685 3406 931 3462 prudentia
973 3407 1030 3449 ad
1079 3419 1231 3449 omnes
1280 3405 1481 3449 actiones
1529 3406 1753 3449 humanas
1801 3405 2004 3460 pertinet
2055 3405 2172 3460 (ipsa

299 3483 416 3526 enim
451 3482 659 3525 omnibus
693 3482 894 3525 medium
928 3481 1120 3524 virtutis
1154 3482 1300 3524 veluti
1332 3482 1525 3523 formam
1559 3480 1818 3536 imprimere
1853 3478 2003 3534 debet)
2035 3478 2173 3522 facile
