<?xml version="1.0" encoding="UTF-8"?>
<!DOCTYPE html PUBLIC "-//W3C//DTD XHTML 1.0 Transitional//EN"
    "http://www.w3.org/TR/xhtml1/DTD/xhtml1-transitional.dtd">
<html xmlns="http://www.w3.org/1999/xhtml" xml:lang="en" lang="en">
 <head>
  <title>
</title>
<meta http-equiv="Content-Type" content="text/html;charset=utf-8" />
  <meta name='ocr-system' content='tesseract 3.04.00' />
  <meta name='ocr-capabilities' content='ocr_page ocr_carea ocr_par ocr_line ocrx_word'/>
</head>
<body>
  <div class='ocr_page' id='page_1' title='image "./summatheologiaem00nold_0062.png"; bbox 0 0 2269 3898; ppageno 0'>
   <div class='ocr_carea' id='block_1_1' title="bbox 313 196 1650 252">
    <p class='ocr_par' dir='ltr' id='par_1_1' title="bbox 313 196 1650 252">
     <span class='ocr_line' id='line_1_1' title="bbox 313 196 1650 252; baseline -0.003 -9"><span class='ocrx_word' id='word_1_1' title='bbox 313 200 370 243; x_wconf 74' lang='lat'>52</span> <span class='ocrx_word' id='word_1_2' title='bbox 857 197 908 241; x_wconf 88' lang='lat' dir='ltr'>II.</span> <span class='ocrx_word' id='word_1_3' title='bbox 942 198 1010 240; x_wconf 90' lang='lat' dir='ltr'>De</span> <span class='ocrx_word' id='word_1_4' title='bbox 1042 197 1220 240; x_wconf 87' lang='lat' dir='ltr'>actibus</span> <span class='ocrx_word' id='word_1_5' title='bbox 1253 197 1310 240; x_wconf 87' lang='lat' dir='ltr'>ad</span> <span class='ocrx_word' id='word_1_6' title='bbox 1343 199 1480 239; x_wconf 89' lang='lat' dir='ltr'>finem</span> <span class='ocrx_word' id='word_1_7' title='bbox 1514 196 1650 252; x_wconf 87' lang='lat' dir='ltr'>aptis.</span> 
     </span>
    </p>
   </div>
   <div class='ocr_carea' id='block_1_2' title="bbox 311 330 2199 537">
    <p class='ocr_par' dir='ltr' id='par_1_2' title="bbox 311 330 2199 537">
     <span class='ocr_line' id='line_1_2' title="bbox 464 330 2194 388; baseline -0.002 -11"><span class='ocrx_word' id='word_1_8' title='bbox 464 333 579 387; x_wconf 80' lang='lat' dir='ltr'>Quia</span> <span class='ocrx_word' id='word_1_9' title='bbox 612 330 877 388; x_wconf 81' lang='lat' dir='ltr'>ignorantia</span> <span class='ocrx_word' id='word_1_10' title='bbox 909 330 1140 374; x_wconf 84' lang='lat' dir='ltr'>vincibilis</span> <span class='ocrx_word' id='word_1_11' title='bbox 1172 332 1485 377; x_wconf 88' lang='lat' dir='ltr'>voluntarium</span> <span class='ocrx_word' id='word_1_12' title='bbox 1531 346 1622 376; x_wconf 89' lang='lat' dir='ltr'>non</span> <span class='ocrx_word' id='word_1_13' title='bbox 1654 331 1796 386; x_wconf 89' lang='lat' dir='ltr'>tollit,</span> <span class='ocrx_word' id='word_1_14' title='bbox 1828 344 1976 385; x_wconf 88' lang='lat' dir='ltr'>neque</span> <span class='ocrx_word' id='word_1_15' title='bbox 2015 332 2194 387; x_wconf 76' lang='lat' dir='ltr'><em>culpane</em></span> 
     </span>
     <span class='ocr_line' id='line_1_3' title="bbox 311 405 2199 462; baseline -0.002 -9"><span class='ocrx_word' id='word_1_16' title='bbox 311 410 456 453; x_wconf 91' lang='lat' dir='ltr'>tollit:</span> <span class='ocrx_word' id='word_1_17' title='bbox 510 408 586 462; x_wconf 80' lang='lat' dir='ltr'>qui</span> <span class='ocrx_word' id='word_1_18' title='bbox 620 405 825 461; x_wconf 77' lang='lat' dir='ltr'>explodit</span> <span class='ocrx_word' id='word_1_19' title='bbox 857 405 906 448; x_wconf 90' lang='lat' dir='ltr'>in</span> <span class='ocrx_word' id='word_1_20' title='bbox 938 407 1082 448; x_wconf 81' lang='lat' dir='ltr'>feram</span> <span class='ocrx_word' id='word_1_21' title='bbox 1116 406 1349 460; x_wconf 87' lang='lat' dir='ltr'>suspicans</span> <span class='ocrx_word' id='word_1_22' title='bbox 1390 420 1520 462; x_wconf 84' lang='lat' dir='ltr'>posse</span> <span class='ocrx_word' id='word_1_23' title='bbox 1566 420 1661 450; x_wconf 89' lang='lat' dir='ltr'>esse</span> <span class='ocrx_word' id='word_1_24' title='bbox 1692 406 1937 460; x_wconf 86' lang='lat' dir='ltr'>hominem,</span> <span class='ocrx_word' id='word_1_25' title='bbox 1985 419 2088 449; x_wconf 89' lang='lat' dir='ltr'>reus</span> <span class='ocrx_word' id='word_1_26' title='bbox 2121 409 2199 449; x_wconf 66' lang='lat' dir='ltr'>est&gt;</span> 
     </span>
     <span class='ocr_line' id='line_1_4' title="bbox 311 479 1298 537; baseline -0.004 -10"><span class='ocrx_word' id='word_1_27' title='bbox 311 483 560 537; x_wconf 89' lang='lat' dir='ltr'>homicidii,</span> <span class='ocrx_word' id='word_1_28' title='bbox 594 482 630 525; x_wconf 90' lang='lat' dir='ltr'>si</span> <span class='ocrx_word' id='word_1_29' title='bbox 664 480 892 524; x_wconf 88' lang='lat' dir='ltr'>hominem</span> <span class='ocrx_word' id='word_1_30' title='bbox 924 479 1075 534; x_wconf 86' lang='lat' dir='ltr'>reipsa</span> <span class='ocrx_word' id='word_1_31' title='bbox 1109 480 1298 524; x_wconf 86' lang='lat' dir='ltr'>occidat.</span> 
     </span>
    </p>
   </div>
   <div class='ocr_carea' id='block_1_3' title="bbox 305 554 2237 2536">
    <p class='ocr_par' dir='ltr' id='par_1_3' title="bbox 310 554 2195 898">
     <span class='ocr_line' id='line_1_5' title="bbox 463 554 2188 625; baseline -0.001 -17"><span class='ocrx_word' id='word_1_32' title='bbox 463 558 506 612; x_wconf 78' lang='lat' dir='ltr'>b.</span> <span class='ocrx_word' id='word_1_33' title='bbox 551 557 710 608; x_wconf 81' lang='lat' dir='ltr'>Ratio</span> <span class='ocrx_word' id='word_1_34' title='bbox 753 555 969 607; x_wconf 77' lang='lat' dir='ltr'>secundi</span> <span class='ocrx_word' id='word_1_35' title='bbox 1008 563 1104 618; x_wconf 79' lang='lat' dir='ltr'>est,</span> <span class='ocrx_word' id='word_1_36' title='bbox 1163 558 1294 625; x_wconf 84' lang='lat' dir='ltr'>quia</span> <span class='ocrx_word' id='word_1_37' title='bbox 1347 574 1407 607; x_wconf 93' lang='lat' dir='ltr'>eo</span> <span class='ocrx_word' id='word_1_38' title='bbox 1464 557 1645 607; x_wconf 89' lang='lat' dir='ltr'>minus</span> <span class='ocrx_word' id='word_1_39' title='bbox 1687 555 1895 624; x_wconf 86' lang='lat' dir='ltr'>aliquid</span> <span class='ocrx_word' id='word_1_40' title='bbox 1941 554 2188 606; x_wconf 88' lang='lat' dir='ltr'>volunta-</span> 
     </span>
     <span class='ocr_line' id='line_1_6' title="bbox 310 644 2195 715; baseline -0.003 -15"><span class='ocrx_word' id='word_1_41' title='bbox 310 651 454 700; x_wconf 86' lang='lat' dir='ltr'>rium</span> <span class='ocrx_word' id='word_1_42' title='bbox 509 655 606 713; x_wconf 90' lang='lat' dir='ltr'>est,</span> <span class='ocrx_word' id='word_1_43' title='bbox 666 663 772 715; x_wconf 90' lang='lat' dir='ltr'>quo</span> <span class='ocrx_word' id='word_1_44' title='bbox 827 646 1009 696; x_wconf 89' lang='lat' dir='ltr'>minor</span> <span class='ocrx_word' id='word_1_45' title='bbox 1058 652 1137 695; x_wconf 90' lang='lat' dir='ltr'>est</span> <span class='ocrx_word' id='word_1_46' title='bbox 1176 644 1323 696; x_wconf 87' lang='lat' dir='ltr'>illius</span> <span class='ocrx_word' id='word_1_47' title='bbox 1366 647 1635 715; x_wconf 69' lang='lat' dir='ltr'>cognitio,</span> <span class='ocrx_word' id='word_1_48' title='bbox 1691 646 1844 714; x_wconf 87' lang='lat' dir='ltr'>atqui</span> <span class='ocrx_word' id='word_1_49' title='bbox 1897 644 2195 696; x_wconf 85' lang='lat' dir='ltr'>manifesto</span> 
     </span>
     <span class='ocr_line' id='line_1_7' title="bbox 312 734 2195 803; baseline -0.003 -13"><span class='ocrx_word' id='word_1_50' title='bbox 312 740 492 790; x_wconf 84' lang='lat' dir='ltr'>minor</span> <span class='ocrx_word' id='word_1_51' title='bbox 518 745 598 788; x_wconf 91' lang='lat' dir='ltr'>est</span> <span class='ocrx_word' id='word_1_52' title='bbox 626 735 866 803; x_wconf 76' lang='lat' dir='ltr'>cognitio</span> <span class='ocrx_word' id='word_1_53' title='bbox 895 735 951 785; x_wconf 91' lang='lat' dir='ltr'>in</span> <span class='ocrx_word' id='word_1_54' title='bbox 978 752 1059 797; x_wconf 84' lang='grc' dir='ltr'>θο,</span> <span class='ocrx_word' id='word_1_55' title='bbox 1103 734 1196 803; x_wconf 90' lang='lat' dir='ltr'>qui</span> <span class='ocrx_word' id='word_1_56' title='bbox 1233 752 1365 800; x_wconf 82' lang='lat' dir='ltr'>rem,</span> <span class='ocrx_word' id='word_1_57' title='bbox 1410 737 1508 786; x_wconf 93' lang='lat' dir='ltr'>etsi</span> <span class='ocrx_word' id='word_1_58' title='bbox 1553 734 1911 801; x_wconf 80' lang='lat' dir='ltr'>vincibiliter,</span> <span class='ocrx_word' id='word_1_59' title='bbox 1954 736 2195 802; x_wconf 67' lang='lat' dir='ltr'>ignorat,</span> 
     </span>
     <span class='ocr_line' id='line_1_8' title="bbox 311 825 1339 898; baseline -0.004 -19"><span class='ocrx_word' id='word_1_60' title='bbox 311 845 477 898; x_wconf 87' lang='lat' dir='ltr'>quam</span> <span class='ocrx_word' id='word_1_61' title='bbox 519 828 576 876; x_wconf 92' lang='lat' dir='ltr'>in</span> <span class='ocrx_word' id='word_1_62' title='bbox 618 843 697 891; x_wconf 90' lang='lat' dir='ltr'>e0,</span> <span class='ocrx_word' id='word_1_63' title='bbox 742 825 834 893; x_wconf 88' lang='lat' dir='ltr'>qui</span> <span class='ocrx_word' id='word_1_64' title='bbox 877 841 999 874; x_wconf 87' lang='lat' dir='ltr'>eam</span> <span class='ocrx_word' id='word_1_65' title='bbox 1042 825 1339 891; x_wconf 75' lang='lat' dir='ltr'>cognoscit.</span> 
     </span>
    </p>

    <p class='ocr_par' dir='ltr' id='par_1_4' title="bbox 308 911 2195 1266">
     <span class='ocr_line' id='line_1_9' title="bbox 461 911 2193 969; baseline -0.001 -13"><span class='ocrx_word' id='word_1_66' title='bbox 461 930 501 958; x_wconf 92' lang='grc' dir='ltr'>α.</span> <span class='ocrx_word' id='word_1_67' title='bbox 536 915 658 969; x_wconf 91' lang='lat' dir='ltr'>Ergo</span> <span class='ocrx_word' id='word_1_68' title='bbox 690 911 957 968; x_wconf 78' lang='lat' dir='ltr'>ignorantia</span> <span class='ocrx_word' id='word_1_69' title='bbox 981 911 1211 955; x_wconf 87' lang='lat' dir='ltr'>vincibilis</span> <span class='ocrx_word' id='word_1_70' title='bbox 1233 912 1404 955; x_wconf 88' lang='lat' dir='ltr'>minuit</span> <span class='ocrx_word' id='word_1_71' title='bbox 1437 912 1579 956; x_wconf 85' lang='lat' dir='ltr'>etiam</span> <span class='ocrx_word' id='word_1_72' title='bbox 1614 913 1813 968; x_wconf 76' lang='lat' dir='ltr'>culpam:</span> <span class='ocrx_word' id='word_1_73' title='bbox 1847 916 2036 956; x_wconf 90' lang='lat' dir='ltr'>eatenus</span> <span class='ocrx_word' id='word_1_74' title='bbox 2070 912 2193 955; x_wconf 78' lang='lat' dir='ltr'>enim</span> 
     </span>
     <span class='ocr_line' id='line_1_10' title="bbox 310 986 2194 1046; baseline -0.004 -10"><span class='ocrx_word' id='word_1_75' title='bbox 310 991 486 1046; x_wconf 85' lang='lat' dir='ltr'>aliquid</span> <span class='ocrx_word' id='word_1_76' title='bbox 518 990 779 1044; x_wconf 84' lang='lat' dir='ltr'>imputatur</span> <span class='ocrx_word' id='word_1_77' title='bbox 810 987 858 1030; x_wconf 92' lang='lat' dir='ltr'>in</span> <span class='ocrx_word' id='word_1_78' title='bbox 892 987 1087 1041; x_wconf 86' lang='lat' dir='ltr'>culpam,</span> <span class='ocrx_word' id='word_1_79' title='bbox 1121 990 1346 1041; x_wconf 89' lang='lat' dir='ltr'>quatenus</span> <span class='ocrx_word' id='word_1_80' title='bbox 1380 986 1696 1032; x_wconf 88' lang='lat' dir='ltr'>voluntarium</span> <span class='ocrx_word' id='word_1_81' title='bbox 1731 991 1814 1030; x_wconf 89' lang='lat' dir='ltr'>est.</span> <span class='ocrx_word' id='word_1_82' title='bbox 1881 988 1942 1030; x_wconf 89' lang='lat' dir='ltr'>Et</span> <span class='ocrx_word' id='word_1_83' title='bbox 1975 986 2194 1042; x_wconf 88' lang='lat' dir='ltr'>quoniam.</span> 
     </span>
     <span class='ocr_line' id='line_1_11' title="bbox 309 1060 2193 1120; baseline -0.003 -11"><span class='ocrx_word' id='word_1_84' title='bbox 309 1067 418 1109; x_wconf 88' lang='lat' dir='ltr'>haec</span> <span class='ocrx_word' id='word_1_85' title='bbox 449 1062 715 1120; x_wconf 82' lang='lat' dir='ltr'>ignorantia</span> <span class='ocrx_word' id='word_1_86' title='bbox 746 1062 947 1105; x_wconf 86' lang='lat' dir='ltr'>diversos</span> <span class='ocrx_word' id='word_1_87' title='bbox 980 1061 1151 1116; x_wconf 85' lang='lat' dir='ltr'>gradus</span> <span class='ocrx_word' id='word_1_88' title='bbox 1184 1061 1435 1105; x_wconf 85' lang='lat' dir='ltr'>voluntarii</span> <span class='ocrx_word' id='word_1_89' title='bbox 1468 1061 1623 1116; x_wconf 87' lang='lat' dir='ltr'>habet,</span> <span class='ocrx_word' id='word_1_90' title='bbox 1655 1065 1792 1116; x_wconf 86' lang='lat' dir='ltr'>prout</span> <span class='ocrx_word' id='word_1_91' title='bbox 1824 1075 1987 1117; x_wconf 82' lang='lat' dir='ltr'>nempe</span> <span class='ocrx_word' id='word_1_92' title='bbox 2020 1060 2193 1116; x_wconf 84' lang='lat' dir='ltr'>simpli·</span> 
     </span>
     <span class='ocr_line' id='line_1_12' title="bbox 309 1135 2195 1191; baseline -0.004 -6"><span class='ocrx_word' id='word_1_93' title='bbox 309 1142 422 1185; x_wconf 87' lang='lat' dir='ltr'>citer</span> <span class='ocrx_word' id='word_1_94' title='bbox 453 1137 698 1191; x_wconf 80' lang='lat' dir='ltr'>vincibilis,</span> <span class='ocrx_word' id='word_1_95' title='bbox 741 1148 891 1179; x_wconf 82' lang='lat' dir='ltr'>crassa</span> <span class='ocrx_word' id='word_1_96' title='bbox 922 1136 995 1178; x_wconf 82' lang='lat' dir='ltr'>vel</span> <span class='ocrx_word' id='word_1_97' title='bbox 1027 1137 1248 1179; x_wconf 81' lang='lat' dir='ltr'>affectata</span> <span class='ocrx_word' id='word_1_98' title='bbox 1280 1140 1364 1190; x_wconf 81' lang='lat' dir='ltr'>est,</span> <span class='ocrx_word' id='word_1_99' title='bbox 1409 1135 1550 1179; x_wconf 90' lang='lat' dir='ltr'>etiam</span> <span class='ocrx_word' id='word_1_100' title='bbox 1584 1135 1718 1188; x_wconf 85' lang='lat' dir='ltr'>actio,</span> <span class='ocrx_word' id='word_1_101' title='bbox 1763 1149 1877 1190; x_wconf 85' lang='lat' dir='ltr'>quae</span> <span class='ocrx_word' id='word_1_102' title='bbox 1920 1149 1975 1179; x_wconf 82' lang='lat' dir='ltr'>ex</span> <span class='ocrx_word' id='word_1_103' title='bbox 2007 1137 2092 1179; x_wconf 89' lang='lat' dir='ltr'>hac</span> <span class='ocrx_word' id='word_1_104' title='bbox 2124 1135 2195 1191; x_wconf 78' lang='lat' dir='ltr'>ig—</span> 
     </span>
     <span class='ocr_line' id='line_1_13' title="bbox 308 1209 1589 1266; baseline -0.005 -7"><span class='ocrx_word' id='word_1_105' title='bbox 308 1214 522 1259; x_wconf 87' lang='lat' dir='ltr'>norantia</span> <span class='ocrx_word' id='word_1_106' title='bbox 555 1212 774 1266; x_wconf 85' lang='lat' dir='ltr'>sequitur,</span> <span class='ocrx_word' id='word_1_107' title='bbox 808 1210 1009 1253; x_wconf 83' lang='lat' dir='ltr'>diversos</span> <span class='ocrx_word' id='word_1_108' title='bbox 1042 1210 1213 1264; x_wconf 87' lang='lat' dir='ltr'>gradus</span> <span class='ocrx_word' id='word_1_109' title='bbox 1247 1210 1406 1264; x_wconf 84' lang='lat' dir='ltr'>culpae</span> <span class='ocrx_word' id='word_1_110' title='bbox 1438 1209 1589 1253; x_wconf 88' lang='lat' dir='ltr'>habet.</span> 
     </span>
    </p>

    <p class='ocr_par' dir='ltr' id='par_1_5' title="bbox 306 1283 2200 1942">
     <span class='ocr_line' id='line_1_14' title="bbox 462 1283 2194 1340; baseline -0.001 -10"><span class='ocrx_word' id='word_1_111' title='bbox 462 1289 499 1338; x_wconf 75' lang='grc' dir='ltr'>β.</span> <span class='ocrx_word' id='word_1_112' title='bbox 537 1285 779 1340; x_wconf 69' lang='lat' dir='ltr'>Qnantitas</span> <span class='ocrx_word' id='word_1_113' title='bbox 811 1285 980 1340; x_wconf 73' lang='lat' dir='ltr'>cnlpae,</span> <span class='ocrx_word' id='word_1_114' title='bbox 1032 1298 1146 1339; x_wconf 86' lang='lat' dir='ltr'>quae</span> <span class='ocrx_word' id='word_1_115' title='bbox 1188 1284 1310 1328; x_wconf 88' lang='lat' dir='ltr'>inest</span> <span class='ocrx_word' id='word_1_116' title='bbox 1352 1290 1536 1339; x_wconf 85' lang='lat' dir='ltr'>peccato</span> <span class='ocrx_word' id='word_1_117' title='bbox 1581 1298 1635 1328; x_wconf 82' lang='lat' dir='ltr'>ex</span> <span class='ocrx_word' id='word_1_118' title='bbox 1674 1283 1942 1339; x_wconf 86' lang='lat' dir='ltr'>ignorantia</span> <span class='ocrx_word' id='word_1_119' title='bbox 1983 1284 2194 1328; x_wconf 83' lang='lat' dir='ltr'>vincibili</span> 
     </span>
     <span class='ocr_line' id='line_1_15' title="bbox 309 1359 2192 1416; baseline -0.002 -9"><span class='ocrx_word' id='word_1_120' title='bbox 309 1362 562 1416; x_wconf 81' lang='lat' dir='ltr'>commisso,</span> <span class='ocrx_word' id='word_1_121' title='bbox 593 1374 682 1403; x_wconf 90' lang='lat' dir='ltr'>non</span> <span class='ocrx_word' id='word_1_122' title='bbox 717 1359 973 1403; x_wconf 81' lang='lat' dir='ltr'>desumitur</span> <span class='ocrx_word' id='word_1_123' title='bbox 1005 1373 1059 1403; x_wconf 84' lang='lat' dir='ltr'>ex</span> <span class='ocrx_word' id='word_1_124' title='bbox 1092 1359 1271 1403; x_wconf 90' lang='lat' dir='ltr'>actione</span> <span class='ocrx_word' id='word_1_125' title='bbox 1302 1360 1375 1403; x_wconf 85' lang='lat' dir='ltr'>vel</span> <span class='ocrx_word' id='word_1_126' title='bbox 1408 1359 1668 1414; x_wconf 88' lang='lat' dir='ltr'>omissione,</span> <span class='ocrx_word' id='word_1_127' title='bbox 1702 1373 1816 1414; x_wconf 89' lang='lat' dir='ltr'>quae</span> <span class='ocrx_word' id='word_1_128' title='bbox 1848 1364 2035 1415; x_wconf 87' lang='lat' dir='ltr'>propter</span> <span class='ocrx_word' id='word_1_129' title='bbox 2064 1359 2192 1415; x_wconf 89' lang='lat' dir='ltr'>igno-</span> 
     </span>
     <span class='ocr_line' id='line_1_16' title="bbox 307 1432 2200 1490; baseline -0.003 -8"><span class='ocrx_word' id='word_1_130' title='bbox 307 1438 508 1482; x_wconf 87' lang='lat' dir='ltr'>rantiam</span> <span class='ocrx_word' id='word_1_131' title='bbox 543 1441 699 1480; x_wconf 88' lang='lat' dir='ltr'>secuta</span> <span class='ocrx_word' id='word_1_132' title='bbox 731 1439 815 1490; x_wconf 89' lang='lat' dir='ltr'>est,</span> <span class='ocrx_word' id='word_1_133' title='bbox 849 1435 926 1478; x_wconf 89' lang='lat' dir='ltr'>sed</span> <span class='ocrx_word' id='word_1_134' title='bbox 960 1448 1013 1478; x_wconf 84' lang='lat' dir='ltr'>ex</span> <span class='ocrx_word' id='word_1_135' title='bbox 1045 1434 1350 1489; x_wconf 85' lang='lat' dir='ltr'>negligentia,</span> <span class='ocrx_word' id='word_1_136' title='bbox 1394 1448 1509 1489; x_wconf 87' lang='lat' dir='ltr'>quae</span> <span class='ocrx_word' id='word_1_137' title='bbox 1541 1434 1589 1477; x_wconf 90' lang='lat' dir='ltr'>in</span> <span class='ocrx_word' id='word_1_138' title='bbox 1624 1434 1895 1490; x_wconf 86' lang='lat' dir='ltr'>depellenda</span> <span class='ocrx_word' id='word_1_139' title='bbox 1926 1432 2200 1489; x_wconf 85' lang='lat' dir='ltr'>ignorantia.</span> 
     </span>
     <span class='ocr_line' id='line_1_17' title="bbox 309 1508 2192 1563; baseline -0.003 -6"><span class='ocrx_word' id='word_1_140' title='bbox 309 1512 548 1557; x_wconf 88' lang='lat' dir='ltr'>commissa</span> <span class='ocrx_word' id='word_1_141' title='bbox 578 1510 693 1553; x_wconf 75' lang='lat' dir='ltr'>fuit:</span> <span class='ocrx_word' id='word_1_142' title='bbox 744 1509 864 1552; x_wconf 89' lang='lat' dir='ltr'>actio</span> <span class='ocrx_word' id='word_1_143' title='bbox 913 1508 1032 1552; x_wconf 87' lang='lat' dir='ltr'>enim</span> <span class='ocrx_word' id='word_1_144' title='bbox 1066 1509 1139 1552; x_wconf 89' lang='lat' dir='ltr'>vel</span> <span class='ocrx_word' id='word_1_145' title='bbox 1172 1508 1356 1552; x_wconf 89' lang='lat' dir='ltr'>omissio</span> <span class='ocrx_word' id='word_1_146' title='bbox 1403 1513 1593 1553; x_wconf 85' lang='lat' dir='ltr'>eatenus</span> <span class='ocrx_word' id='word_1_147' title='bbox 1641 1508 1905 1552; x_wconf 87' lang='lat' dir='ltr'>voluntaria</span> <span class='ocrx_word' id='word_1_148' title='bbox 1953 1514 2037 1563; x_wconf 89' lang='lat' dir='ltr'>est,</span> <span class='ocrx_word' id='word_1_149' title='bbox 2088 1522 2192 1563; x_wconf 85' lang='lat' dir='ltr'>qua-</span> 
     </span>
     <span class='ocr_line' id='line_1_18' title="bbox 308 1583 2199 1638; baseline -0.003 -7"><span class='ocrx_word' id='word_1_150' title='bbox 308 1592 442 1631; x_wconf 83' lang='lat' dir='ltr'>tenus</span> <span class='ocrx_word' id='word_1_151' title='bbox 490 1583 753 1628; x_wconf 82' lang='lat' dir='ltr'>voluntaria</span> <span class='ocrx_word' id='word_1_152' title='bbox 800 1589 870 1627; x_wconf 84' lang='lat' dir='ltr'>est</span> <span class='ocrx_word' id='word_1_153' title='bbox 916 1583 1208 1638; x_wconf 87' lang='lat' dir='ltr'>ignorantiae</span> <span class='ocrx_word' id='word_1_154' title='bbox 1255 1583 1381 1627; x_wconf 90' lang='lat' dir='ltr'>illius</span> <span class='ocrx_word' id='word_1_155' title='bbox 1430 1597 1578 1628; x_wconf 86' lang='lat' dir='ltr'>causa..</span> <span class='ocrx_word' id='word_1_156' title='bbox 1642 1584 1762 1627; x_wconf 90' lang='lat' dir='ltr'>Hinc</span> <span class='ocrx_word' id='word_1_157' title='bbox 1792 1583 1894 1627; x_wconf 89' lang='lat' dir='ltr'>fieri</span> <span class='ocrx_word' id='word_1_158' title='bbox 1927 1586 2095 1638; x_wconf 85' lang='lat' dir='ltr'>potest,</span> <span class='ocrx_word' id='word_1_159' title='bbox 2136 1586 2199 1626; x_wconf 73' lang='lat' dir='ltr'>ut</span> 
     </span>
     <span class='ocr_line' id='line_1_19' title="bbox 309 1657 2194 1716; baseline -0.003 -11"><span class='ocrx_word' id='word_1_160' title='bbox 309 1660 465 1716; x_wconf 86' lang='lat' dir='ltr'>magni</span> <span class='ocrx_word' id='word_1_161' title='bbox 500 1660 703 1703; x_wconf 77' lang='lat' dir='ltr'>defectus</span> <span class='ocrx_word' id='word_1_162' title='bbox 736 1672 763 1701; x_wconf 92' lang='lat' dir='ltr'>a</span> <span class='ocrx_word' id='word_1_163' title='bbox 796 1657 1083 1701; x_wconf 77' lang='lat' dir='ltr'>confessariis</span> <span class='ocrx_word' id='word_1_164' title='bbox 1115 1657 1164 1701; x_wconf 90' lang='lat' dir='ltr'>in</span> <span class='ocrx_word' id='word_1_165' title='bbox 1196 1657 1485 1702; x_wconf 85' lang='lat' dir='ltr'>absolvendis</span> <span class='ocrx_word' id='word_1_166' title='bbox 1519 1658 1878 1713; x_wconf 88' lang='lat' dir='ltr'>poenitentibus,</span> <span class='ocrx_word' id='word_1_167' title='bbox 1921 1672 1949 1701; x_wconf 91' lang='lat' dir='ltr'>a</span> <span class='ocrx_word' id='word_1_168' title='bbox 1981 1658 2194 1713; x_wconf 86' lang='lat' dir='ltr'>parochis</span> 
     </span>
     <span class='ocr_line' id='line_1_20' title="bbox 306 1727 2200 1788; baseline -0.004 -9"><span class='ocrx_word' id='word_1_169' title='bbox 306 1738 355 1780; x_wconf 89' lang='lat' dir='ltr'>in</span> <span class='ocrx_word' id='word_1_170' title='bbox 378 1734 642 1780; x_wconf 81' lang='lat' dir='ltr'>ordinandis</span> <span class='ocrx_word' id='word_1_171' title='bbox 665 1732 988 1788; x_wconf 85' lang='lat' dir='ltr'>matrimoniis,</span> <span class='ocrx_word' id='word_1_172' title='bbox 1021 1746 1047 1776; x_wconf 92' lang='lat' dir='ltr'>a</span> <span class='ocrx_word' id='word_1_173' title='bbox 1069 1727 1259 1776; x_wconf 82' lang='lat' dir='ltr'>medicis</span> <span class='ocrx_word' id='word_1_174' title='bbox 1289 1732 1338 1776; x_wconf 92' lang='lat' dir='ltr'>in</span> <span class='ocrx_word' id='word_1_175' title='bbox 1371 1733 1584 1776; x_wconf 87' lang='lat' dir='ltr'>curandis</span> <span class='ocrx_word' id='word_1_176' title='bbox 1616 1732 1815 1776; x_wconf 88' lang='lat' dir='ltr'>infirmis</span> <span class='ocrx_word' id='word_1_177' title='bbox 1849 1746 1904 1776; x_wconf 82' lang='lat' dir='ltr'>ex</span> <span class='ocrx_word' id='word_1_178' title='bbox 1925 1731 2200 1788; x_wconf 89' lang='lat' dir='ltr'>ignorantia.</span> 
     </span>
     <span class='ocr_line' id='line_1_21' title="bbox 309 1806 2192 1863; baseline -0.002 -9"><span class='ocrx_word' id='word_1_179' title='bbox 309 1809 537 1855; x_wconf 87' lang='lat' dir='ltr'>commissi</span> <span class='ocrx_word' id='word_1_180' title='bbox 573 1809 719 1852; x_wconf 90' lang='lat' dir='ltr'>solum</span> <span class='ocrx_word' id='word_1_181' title='bbox 751 1808 873 1851; x_wconf 85' lang='lat' dir='ltr'>levia</span> <span class='ocrx_word' id='word_1_182' title='bbox 905 1811 1092 1863; x_wconf 87' lang='lat' dir='ltr'>peccata</span> <span class='ocrx_word' id='word_1_183' title='bbox 1124 1807 1233 1862; x_wconf 89' lang='lat' dir='ltr'>sint,</span> <span class='ocrx_word' id='word_1_184' title='bbox 1276 1807 1354 1850; x_wconf 90' lang='lat' dir='ltr'>ubi</span> <span class='ocrx_word' id='word_1_185' title='bbox 1387 1807 1679 1863; x_wconf 87' lang='lat' dir='ltr'>negligentia</span> <span class='ocrx_word' id='word_1_186' title='bbox 1720 1807 1769 1851; x_wconf 92' lang='lat' dir='ltr'>in</span> <span class='ocrx_word' id='word_1_187' title='bbox 1815 1807 2052 1862; x_wconf 87' lang='lat' dir='ltr'>implenda</span> <span class='ocrx_word' id='word_1_188' title='bbox 2085 1806 2192 1850; x_wconf 86' lang='lat' dir='ltr'>obli-</span> 
     </span>
     <span class='ocr_line' id='line_1_22' title="bbox 307 1881 1569 1942; baseline -0.001 -13"><span class='ocrx_word' id='word_1_189' title='bbox 307 1885 494 1942; x_wconf 87' lang='lat' dir='ltr'>gatione</span> <span class='ocrx_word' id='word_1_190' title='bbox 526 1897 604 1927; x_wconf 89' lang='lat' dir='ltr'>seu</span> <span class='ocrx_word' id='word_1_191' title='bbox 635 1883 683 1927; x_wconf 91' lang='lat' dir='ltr'>in</span> <span class='ocrx_word' id='word_1_192' title='bbox 715 1882 989 1926; x_wconf 80' lang='lat' dir='ltr'>removenda</span> <span class='ocrx_word' id='word_1_193' title='bbox 1019 1881 1286 1937; x_wconf 86' lang='lat' dir='ltr'>ignorantia</span> <span class='ocrx_word' id='word_1_194' title='bbox 1316 1882 1431 1925; x_wconf 90' lang='lat' dir='ltr'>levis</span> <span class='ocrx_word' id='word_1_195' title='bbox 1462 1882 1569 1928; x_wconf 80' lang='lat' dir='ltr'>fuit.</span> 
     </span>
    </p>

    <p class='ocr_par' dir='ltr' id='par_1_6' title="bbox 305 1956 2237 2536">
     <span class='ocr_line' id='line_1_23' title="bbox 456 1956 2195 2014; baseline -0.001 -12"><span class='ocrx_word' id='word_1_196' title='bbox 456 1975 495 2012; x_wconf 75' lang='grc' dir='ltr'>γ.</span> <span class='ocrx_word' id='word_1_197' title='bbox 516 1957 787 2014; x_wconf 83' lang='lat' dir='ltr'>Ignorantia</span> <span class='ocrx_word' id='word_1_198' title='bbox 810 1958 925 2000; x_wconf 88' lang='lat' dir='ltr'>solet</span> <span class='ocrx_word' id='word_1_199' title='bbox 950 1956 1038 2000; x_wconf 89' lang='lat' dir='ltr'>dici</span> <span class='ocrx_word' id='word_1_200' title='bbox 1056 1971 1235 2009; x_wconf 67' lang='lat' dir='ltr'>crassa,</span> <span class='ocrx_word' id='word_1_201' title='bbox 1257 1956 1335 2000; x_wconf 90' lang='lat' dir='ltr'>ubi</span> <span class='ocrx_word' id='word_1_202' title='bbox 1352 1956 1644 2013; x_wconf 86' lang='lat' dir='ltr'>negligentia</span> <span class='ocrx_word' id='word_1_203' title='bbox 1661 1956 1926 2012; x_wconf 89' lang='lat' dir='ltr'>inquirendi</span> <span class='ocrx_word' id='word_1_204' title='bbox 1944 1957 2195 2001; x_wconf 73' lang='lat' dir='ltr'>veritatem</span> 
     </span>
     <span class='ocr_line' id='line_1_24' title="bbox 306 2015 2237 2088; baseline -0.002 -9"><span class='ocrx_word' id='word_1_205' title='bbox 306 2040 375 2079; x_wconf 88' lang='lat' dir='ltr'>est</span> <span class='ocrx_word' id='word_1_206' title='bbox 422 2035 556 2078; x_wconf 86' lang='lat' dir='ltr'>valde</span> <span class='ocrx_word' id='word_1_207' title='bbox 603 2046 785 2088; x_wconf 85' lang='lat' dir='ltr'>magna,</span> <span class='ocrx_word' id='word_1_208' title='bbox 839 2035 886 2076; x_wconf 88' lang='lat' dir='ltr'>et</span> <span class='ocrx_word' id='word_1_209' title='bbox 929 2033 1043 2075; x_wconf 83' lang='lat' dir='ltr'>solet</span> <span class='ocrx_word' id='word_1_210' title='bbox 1078 2031 1166 2074; x_wconf 87' lang='lat' dir='ltr'>dici</span> <span class='ocrx_word' id='word_1_211' title='bbox 1199 2031 1393 2087; x_wconf 84' lang='lat' dir='ltr'>simplex</span> <span class='ocrx_word' id='word_1_212' title='bbox 1426 2045 1505 2076; x_wconf 89' lang='lat' dir='ltr'>seu</span> <span class='ocrx_word' id='word_1_213' title='bbox 1536 2031 1804 2088; x_wconf 75' lang='lat' dir='ltr'>simpliciter</span> <span class='ocrx_word' id='word_1_214' title='bbox 1839 2032 2076 2085; x_wconf 72' lang='lat' dir='ltr'>vincibilis,</span> <span class='ocrx_word' id='word_1_215' title='bbox 2109 2031 2187 2075; x_wconf 92' lang='lat' dir='ltr'>ubi</span> <span class='ocrx_word' id='word_1_216' title='bbox 2224 2015 2237 2025; x_wconf 53' lang='lat'><strong><em>⁴</em></strong></span> 
     </span>
     <span class='ocr_line' id='line_1_25' title="bbox 306 2106 2197 2165; baseline -0.003 -11"><span class='ocrx_word' id='word_1_217' title='bbox 306 2111 389 2154; x_wconf 87' lang='lat' dir='ltr'>illa</span> <span class='ocrx_word' id='word_1_218' title='bbox 420 2108 709 2165; x_wconf 88' lang='lat' dir='ltr'>negligentia</span> <span class='ocrx_word' id='word_1_219' title='bbox 740 2121 831 2150; x_wconf 91' lang='lat' dir='ltr'>non</span> <span class='ocrx_word' id='word_1_220' title='bbox 863 2112 936 2152; x_wconf 81' lang='lat' dir='ltr'>est</span> <span class='ocrx_word' id='word_1_221' title='bbox 968 2111 1126 2161; x_wconf 76' lang='lat' dir='ltr'>tanta3</span> <span class='ocrx_word' id='word_1_222' title='bbox 1162 2120 1299 2161; x_wconf 84' lang='lat' dir='ltr'>quare</span> <span class='ocrx_word' id='word_1_223' title='bbox 1321 2107 1588 2163; x_wconf 87' lang='lat' dir='ltr'>ignorantia</span> <span class='ocrx_word' id='word_1_224' title='bbox 1621 2120 1772 2151; x_wconf 84' lang='lat' dir='ltr'>crassa</span> <span class='ocrx_word' id='word_1_225' title='bbox 1806 2120 1962 2162; x_wconf 85' lang='lat' dir='ltr'>grave,</span> <span class='ocrx_word' id='word_1_226' title='bbox 1996 2106 2197 2161; x_wconf 70' lang='lat' dir='ltr'>simplex</span> 
     </span>
     <span class='ocr_line' id='line_1_26' title="bbox 307 2170 2188 2238; baseline -0.002 -10"><span class='ocrx_word' id='word_1_227' title='bbox 307 2197 411 2228; x_wconf 80' lang='lat' dir='ltr'>vero</span> <span class='ocrx_word' id='word_1_228' title='bbox 434 2185 532 2227; x_wconf 82' lang='lat' dir='ltr'>leve</span> <span class='ocrx_word' id='word_1_229' title='bbox 555 2170 790 2238; x_wconf 82' lang='lat' dir='ltr'>peccatum</span> <span class='ocrx_word' id='word_1_230' title='bbox 814 2180 964 2225; x_wconf 74' lang='lat' dir='ltr'>taxari</span> <span class='ocrx_word' id='word_1_231' title='bbox 991 2181 1119 2224; x_wconf 92' lang='lat' dir='ltr'>solet.</span> <span class='ocrx_word' id='word_1_232' title='bbox 1184 2181 1301 2224; x_wconf 89' lang='lat' dir='ltr'>Sunt</span> <span class='ocrx_word' id='word_1_233' title='bbox 1333 2184 1488 2225; x_wconf 88' lang='lat' dir='ltr'>tamen</span> <span class='ocrx_word' id='word_1_234' title='bbox 1521 2185 1744 2236; x_wconf 87' lang='lat' dir='ltr'>auctores,</span> <span class='ocrx_word' id='word_1_235' title='bbox 1777 2181 1855 2237; x_wconf 89' lang='lat' dir='ltr'>qui</span> <span class='ocrx_word' id='word_1_236' title='bbox 1887 2195 1979 2225; x_wconf 88' lang='lat' dir='ltr'>non</span> <span class='ocrx_word' id='word_1_237' title='bbox 2011 2194 2188 2225; x_wconf 89' lang='lat' dir='ltr'>omnem</span> 
     </span>
     <span class='ocr_line' id='line_1_27' title="bbox 305 2255 2199 2314; baseline -0.002 -12"><span class='ocrx_word' id='word_1_238' title='bbox 305 2257 617 2314; x_wconf 85' lang='lat' dir='ltr'>ignorantiam</span> <span class='ocrx_word' id='word_1_239' title='bbox 642 2255 913 2312; x_wconf 87' lang='lat' dir='ltr'>simpliciter</span> <span class='ocrx_word' id='word_1_240' title='bbox 935 2255 1197 2299; x_wconf 85' lang='lat' dir='ltr'>vincibilem</span> <span class='ocrx_word' id='word_1_241' title='bbox 1220 2257 1320 2300; x_wconf 84' lang='lat' dir='ltr'>leve</span> <span class='ocrx_word' id='word_1_242' title='bbox 1342 2260 1594 2312; x_wconf 83' lang='lat' dir='ltr'>peccatum,</span> <span class='ocrx_word' id='word_1_243' title='bbox 1631 2256 1708 2300; x_wconf 91' lang='lat' dir='ltr'>sed</span> <span class='ocrx_word' id='word_1_244' title='bbox 1741 2256 1883 2300; x_wconf 88' lang='lat' dir='ltr'>etiam</span> <span class='ocrx_word' id='word_1_245' title='bbox 1918 2255 2199 2311; x_wconf 75' lang='lat' dir='ltr'>simpliciter</span> 
     </span>
     <span class='ocr_line' id='line_1_28' title="bbox 307 2318 2190 2387; baseline -0.002 -10"><span class='ocrx_word' id='word_1_246' title='bbox 307 2333 568 2378; x_wconf 87' lang='lat' dir='ltr'>vincibilem</span> <span class='ocrx_word' id='word_1_247' title='bbox 613 2345 693 2387; x_wconf 88' lang='lat' dir='ltr'>pro</span> <span class='ocrx_word' id='word_1_248' title='bbox 737 2330 906 2374; x_wconf 87' lang='lat' dir='ltr'>maiore</span> <span class='ocrx_word' id='word_1_249' title='bbox 945 2331 1017 2373; x_wconf 82' lang='lat' dir='ltr'>vel</span> <span class='ocrx_word' id='word_1_250' title='bbox 1051 2330 1224 2374; x_wconf 90' lang='lat' dir='ltr'>minore</span> <span class='ocrx_word' id='word_1_251' title='bbox 1255 2331 1545 2387; x_wconf 89' lang='lat' dir='ltr'>negligentia</span> <span class='ocrx_word' id='word_1_252' title='bbox 1577 2332 1650 2375; x_wconf 89' lang='lat' dir='ltr'>vel</span> <span class='ocrx_word' id='word_1_253' title='bbox 1682 2332 1783 2375; x_wconf 82' lang='lat' dir='ltr'>leve</span> <span class='ocrx_word' id='word_1_254' title='bbox 1814 2332 1888 2375; x_wconf 89' lang='lat' dir='ltr'>vel</span> <span class='ocrx_word' id='word_1_255' title='bbox 1921 2344 2061 2387; x_wconf 81' lang='lat' dir='ltr'>grave</span> <span class='ocrx_word' id='word_1_256' title='bbox 2093 2318 2190 2386; x_wconf 81' lang='lat' dir='ltr'>pec·</span> 
     </span>
     <span class='ocr_line' id='line_1_29' title="bbox 307 2403 2197 2462; baseline -0.002 -10"><span class='ocrx_word' id='word_1_257' title='bbox 307 2411 460 2452; x_wconf 87' lang='lat' dir='ltr'>catum</span> <span class='ocrx_word' id='word_1_258' title='bbox 496 2407 668 2451; x_wconf 86' lang='lat' dir='ltr'>dicunt.</span> <span class='ocrx_word' id='word_1_259' title='bbox 733 2405 1002 2460; x_wconf 86' lang='lat' dir='ltr'>Ignorantia</span> <span class='ocrx_word' id='word_1_260' title='bbox 1034 2405 1194 2448; x_wconf 72' lang='lat' dir='ltr'>leviter</span> <span class='ocrx_word' id='word_1_261' title='bbox 1226 2406 1464 2462; x_wconf 74' lang='lat' dir='ltr'>culpabilis</span> <span class='ocrx_word' id='word_1_262' title='bbox 1506 2405 1555 2449; x_wconf 90' lang='lat' dir='ltr'>in</span> <span class='ocrx_word' id='word_1_263' title='bbox 1599 2419 1646 2449; x_wconf 90' lang='lat' dir='ltr'>re</span> <span class='ocrx_word' id='word_1_264' title='bbox 1691 2405 1854 2448; x_wconf 85' lang='lat' dir='ltr'>morali</span> <span class='ocrx_word' id='word_1_265' title='bbox 1897 2403 2197 2460; x_wconf 83' lang='lat' dir='ltr'>ignorantiae</span> 
     </span>
     <span class='ocr_line' id='line_1_30' title="bbox 308 2480 1050 2536; baseline -0.005 -10"><span class='ocrx_word' id='word_1_266' title='bbox 308 2481 567 2526; x_wconf 87' lang='lat' dir='ltr'>invincibili</span> <span class='ocrx_word' id='word_1_267' title='bbox 601 2480 888 2536; x_wconf 86' lang='lat' dir='ltr'>aequiparari</span> <span class='ocrx_word' id='word_1_268' title='bbox 923 2480 1050 2524; x_wconf 87' lang='lat' dir='ltr'>solet.</span> 
     </span>
    </p>
   </div>
   <div class='ocr_carea' id='block_1_4' title="bbox 306 2612 2197 2968">
    <p class='ocr_par' dir='ltr' id='par_1_7' title="bbox 306 2612 2197 2968">
     <span class='ocr_line' id='line_1_31' title="bbox 455 2612 2197 2671; baseline -0.001 -11"><span class='ocrx_word' id='word_1_269' title='bbox 455 2617 606 2660; x_wconf 77' lang='lat' dir='ltr'>Nota.</span> <span class='ocrx_word' id='word_1_270' title='bbox 641 2615 758 2669; x_wconf 79' lang='lat' dir='ltr'>Quia</span> <span class='ocrx_word' id='word_1_271' title='bbox 790 2614 1052 2671; x_wconf 62' lang='lat' dir='ltr'>lynorantia</span> <span class='ocrx_word' id='word_1_272' title='bbox 1087 2614 1303 2670; x_wconf 77' lang='lat' dir='ltr'>affectata</span> <span class='ocrx_word' id='word_1_273' title='bbox 1337 2612 1564 2656; x_wconf 88' lang='lat' dir='ltr'>ordinarie</span> <span class='ocrx_word' id='word_1_274' title='bbox 1598 2627 1652 2657; x_wconf 84' lang='lat' dir='ltr'>ex</span> <span class='ocrx_word' id='word_1_275' title='bbox 1688 2627 1857 2668; x_wconf 89' lang='lat' dir='ltr'>magna</span> <span class='ocrx_word' id='word_1_276' title='bbox 1889 2613 2197 2669; x_wconf 77' lang='lat' dir='ltr'>propensione</span> 
     </span>
     <span class='ocr_line' id='line_1_32' title="bbox 306 2688 2190 2746; baseline -0.002 -11"><span class='ocrx_word' id='word_1_277' title='bbox 306 2691 364 2735; x_wconf 88' lang='lat' dir='ltr'>ad</span> <span class='ocrx_word' id='word_1_278' title='bbox 386 2694 621 2746; x_wconf 79' lang='lat' dir='ltr'>peccatum</span> <span class='ocrx_word' id='word_1_279' title='bbox 648 2689 808 2745; x_wconf 88' lang='lat' dir='ltr'>oritur,</span> <span class='ocrx_word' id='word_1_280' title='bbox 841 2688 1153 2732; x_wconf 86' lang='lat' dir='ltr'>voluntarium</span> <span class='ocrx_word' id='word_1_281' title='bbox 1184 2688 1338 2743; x_wconf 85' lang='lat' dir='ltr'>potius</span> <span class='ocrx_word' id='word_1_282' title='bbox 1372 2701 1539 2744; x_wconf 86' lang='lat' dir='ltr'>augere</span> <span class='ocrx_word' id='word_1_283' title='bbox 1573 2703 1707 2743; x_wconf 86' lang='lat' dir='ltr'>quam</span> <span class='ocrx_word' id='word_1_284' title='bbox 1741 2689 1944 2733; x_wconf 88' lang='lat' dir='ltr'>minuere</span> <span class='ocrx_word' id='word_1_285' title='bbox 1977 2690 2190 2740; x_wconf 59' lang='lat' dir='ltr'>videtum</span> 
     </span>
     <span class='ocr_line' id='line_1_33' title="bbox 306 2763 2190 2820; baseline -0.003 -11"><span class='ocrx_word' id='word_1_286' title='bbox 306 2779 463 2809; x_wconf 84' lang='lat' dir='ltr'>verum</span> <span class='ocrx_word' id='word_1_287' title='bbox 497 2765 631 2820; x_wconf 85' lang='lat' dir='ltr'>actio,</span> <span class='ocrx_word' id='word_1_288' title='bbox 680 2778 794 2820; x_wconf 87' lang='lat' dir='ltr'>quae</span> <span class='ocrx_word' id='word_1_289' title='bbox 826 2777 881 2807; x_wconf 81' lang='lat' dir='ltr'>ex</span> <span class='ocrx_word' id='word_1_290' title='bbox 912 2764 1178 2819; x_wconf 88' lang='lat' dir='ltr'>ignorantia</span> <span class='ocrx_word' id='word_1_291' title='bbox 1210 2765 1430 2808; x_wconf 82' lang='lat' dir='ltr'>affectata</span> <span class='ocrx_word' id='word_1_292' title='bbox 1462 2764 1682 2819; x_wconf 87' lang='lat' dir='ltr'>procedit,</span> <span class='ocrx_word' id='word_1_293' title='bbox 1729 2763 1777 2806; x_wconf 92' lang='lat' dir='ltr'>in</span> <span class='ocrx_word' id='word_1_294' title='bbox 1822 2776 1958 2806; x_wconf 87' lang='lat' dir='ltr'>causa</span> <span class='ocrx_word' id='word_1_295' title='bbox 2001 2765 2190 2805; x_wconf 76' lang='lat' dir='ltr'>tantum—</span> 
     </span>
     <span class='ocr_line' id='line_1_34' title="bbox 306 2836 2193 2894; baseline -0.002 -11"><span class='ocrx_word' id='word_1_296' title='bbox 306 2839 568 2883; x_wconf 84' lang='lat' dir='ltr'>voluntaria</span> <span class='ocrx_word' id='word_1_297' title='bbox 600 2843 691 2890; x_wconf 83' lang='lat' dir='ltr'>est;</span> <span class='ocrx_word' id='word_1_298' title='bbox 738 2838 868 2894; x_wconf 87' lang='lat' dir='ltr'>atqui</span> <span class='ocrx_word' id='word_1_299' title='bbox 902 2838 1021 2893; x_wconf 86' lang='lat' dir='ltr'>quod</span> <span class='ocrx_word' id='word_1_300' title='bbox 1052 2838 1101 2881; x_wconf 90' lang='lat' dir='ltr'>in</span> <span class='ocrx_word' id='word_1_301' title='bbox 1135 2852 1270 2882; x_wconf 86' lang='lat' dir='ltr'>causa</span> <span class='ocrx_word' id='word_1_302' title='bbox 1314 2838 1626 2882; x_wconf 87' lang='lat' dir='ltr'>voluntarium</span> <span class='ocrx_word' id='word_1_303' title='bbox 1661 2842 1745 2893; x_wconf 88' lang='lat' dir='ltr'>est,</span> <span class='ocrx_word' id='word_1_304' title='bbox 1790 2851 2025 2892; x_wconf 89' lang='lat' dir='ltr'>nunquam</span> <span class='ocrx_word' id='word_1_305' title='bbox 2073 2836 2193 2880; x_wconf 83' lang='lat' dir='ltr'>adeo</span> 
     </span>
     <span class='ocr_line' id='line_1_35' title="bbox 306 2905 2192 2968; baseline -0.002 -12"><span class='ocrx_word' id='word_1_306' title='bbox 306 2914 505 2968; x_wconf 78' lang='lat' dir='ltr'>perfecte</span> <span class='ocrx_word' id='word_1_307' title='bbox 537 2912 847 2956; x_wconf 85' lang='lat' dir='ltr'>voluntarium</span> <span class='ocrx_word' id='word_1_308' title='bbox 880 2905 976 2965; x_wconf 62' lang='lat' dir='ltr'>estJ</span> <span class='ocrx_word' id='word_1_309' title='bbox 997 2916 1135 2967; x_wconf 84' lang='lat' dir='ltr'>atque</span> <span class='ocrx_word' id='word_1_310' title='bbox 1157 2912 1288 2966; x_wconf 89' lang='lat' dir='ltr'>illud,</span> <span class='ocrx_word' id='word_1_311' title='bbox 1322 2912 1441 2966; x_wconf 87' lang='lat' dir='ltr'>quod</span> <span class='ocrx_word' id='word_1_312' title='bbox 1462 2912 1511 2955; x_wconf 91' lang='lat' dir='ltr'>in</span> <span class='ocrx_word' id='word_1_313' title='bbox 1535 2925 1581 2955; x_wconf 91' lang='lat' dir='ltr'>se</span> <span class='ocrx_word' id='word_1_314' title='bbox 1604 2916 1650 2956; x_wconf 92' lang='lat' dir='ltr'>et</span> <span class='ocrx_word' id='word_1_315' title='bbox 1676 2911 1847 2955; x_wconf 81' lang='lat' dir='ltr'>directe</span> <span class='ocrx_word' id='word_1_316' title='bbox 1869 2909 2192 2954; x_wconf 82' lang='lat' dir='ltr'>voluntarium</span> 
     </span>
    </p>
   </div>
   <div class='ocr_carea' id='block_1_5' title="bbox 305 2983 2187 3105">
    <p class='ocr_par' dir='ltr' id='par_1_8' title="bbox 305 2983 2187 3105">
     <span class='ocr_line' id='line_1_36' title="bbox 307 2983 2187 3042; baseline -0.002 -11"><span class='ocrx_word' id='word_1_317' title='bbox 307 2992 391 3042; x_wconf 88' lang='lat' dir='ltr'>est,</span> <span class='ocrx_word' id='word_1_318' title='bbox 440 2986 547 3041; x_wconf 85' lang='lat' dir='ltr'>quia</span> <span class='ocrx_word' id='word_1_319' title='bbox 587 2987 788 3042; x_wconf 87' lang='lat' dir='ltr'>cognitio</span> <span class='ocrx_word' id='word_1_320' title='bbox 830 2987 957 3030; x_wconf 81' lang='lat' dir='ltr'>illius</span> <span class='ocrx_word' id='word_1_321' title='bbox 1000 3000 1091 3030; x_wconf 87' lang='lat' dir='ltr'>non</span> <span class='ocrx_word' id='word_1_322' title='bbox 1125 2992 1194 3031; x_wconf 91' lang='lat' dir='ltr'>est</span> <span class='ocrx_word' id='word_1_323' title='bbox 1228 2987 1339 3031; x_wconf 87' lang='lat' dir='ltr'>adeo</span> <span class='ocrx_word' id='word_1_324' title='bbox 1372 2988 1576 3041; x_wconf 78' lang='lat' dir='ltr'>perfecta</span> <span class='ocrx_word' id='word_1_325' title='bbox 1609 3001 1660 3030; x_wconf 87' lang='lat' dir='ltr'>ac</span> <span class='ocrx_word' id='word_1_326' title='bbox 1693 2985 1899 3041; x_wconf 89' lang='lat' dir='ltr'>cognitio</span> <span class='ocrx_word' id='word_1_327' title='bbox 1932 2983 2187 3028; x_wconf 79' lang='lat' dir='ltr'>voluntarii</span> 
     </span>
     <span class='ocr_line' id='line_1_37' title="bbox 305 3074 446 3105; baseline -0.007 0"><span class='ocrx_word' id='word_1_328' title='bbox 305 3076 354 3105; x_wconf 89' lang='lat' dir='ltr'>ln</span> <span class='ocrx_word' id='word_1_329' title='bbox 387 3074 446 3105; x_wconf 90' lang='lat' dir='ltr'>se.</span> 
     </span>
    </p>
   </div>
   <div class='ocr_carea' id='block_1_6' title="bbox 867 3182 1616 3236">
    <p class='ocr_par' dir='ltr' id='par_1_9' title="bbox 867 3182 1616 3236">
     <span class='ocr_line' id='line_1_38' title="bbox 867 3182 1616 3236; baseline -0.004 -9"><span class='ocrx_word' id='word_1_330' title='bbox 867 3182 899 3236; x_wconf 52' lang='grc' dir='ltr'>ῥ’</span> <span class='ocrx_word' id='word_1_331' title='bbox 932 3184 985 3227; x_wconf 74' lang='grc'>2.</span> <span class='ocrx_word' id='word_1_332' title='bbox 1028 3183 1114 3225; x_wconf 84' lang='lat' dir='ltr'>De</span> <span class='ocrx_word' id='word_1_333' title='bbox 1144 3184 1616 3236; x_wconf 74' lang='lat' dir='ltr'>concupiscentia.</span> 
     </span>
    </p>
   </div>
   <div class='ocr_carea' id='block_1_7' title="bbox 256 3283 2192 3623">
    <p class='ocr_par' dir='ltr' id='par_1_10' title="bbox 458 3283 2189 3355">
     <span class='ocr_line' id='line_1_39' title="bbox 458 3283 2189 3355; baseline -0.002 -17"><span class='ocrx_word' id='word_1_334' title='bbox 458 3285 552 3338; x_wconf 81' lang='lat'>43.</span> <span class='ocrx_word' id='word_1_335' title='bbox 596 3284 801 3338; x_wconf 74' lang='lat' dir='ltr'>Notio.</span> <span class='ocrx_word' id='word_1_336' title='bbox 851 3283 1289 3355; x_wconf 71' lang='lat' dir='ltr'>Concupiscentia</span> <span class='ocrx_word' id='word_1_337' title='bbox 1327 3284 1522 3336; x_wconf 87' lang='lat' dir='ltr'>latiore</span> <span class='ocrx_word' id='word_1_338' title='bbox 1563 3303 1744 3352; x_wconf 81' lang='grc' dir='ltr'>εθ11ε11,</span> <span class='ocrx_word' id='word_1_339' title='bbox 1785 3292 1949 3354; x_wconf 84' lang='lat' dir='ltr'>prout</span> <span class='ocrx_word' id='word_1_340' title='bbox 1980 3283 2071 3335; x_wconf 92' lang='lat' dir='ltr'>hic</span> <span class='ocrx_word' id='word_1_341' title='bbox 2099 3302 2189 3336; x_wconf 77' lang='lat' dir='ltr'>ac·</span> 
     </span>
    </p>

    <p class='ocr_par' dir='ltr' id='par_1_11' title="bbox 308 3372 2192 3444">
     <span class='ocr_line' id='line_1_40' title="bbox 308 3372 2192 3444; baseline -0.001 -19"><span class='ocrx_word' id='word_1_342' title='bbox 308 3375 525 3443; x_wconf 83' lang='lat' dir='ltr'>cipitur,</span> <span class='ocrx_word' id='word_1_343' title='bbox 584 3373 721 3426; x_wconf 91' lang='lat' dir='ltr'>alias</span> <span class='ocrx_word' id='word_1_344' title='bbox 775 3375 941 3426; x_wconf 86' lang='lat' dir='ltr'>etiam</span> <span class='ocrx_word' id='word_1_345' title='bbox 974 3376 1163 3444; x_wconf 76' lang='lat' dir='ltr'>passio</span> <span class='ocrx_word' id='word_1_346' title='bbox 1207 3381 1437 3426; x_wconf 87' lang='lat' dir='ltr'>vocatur</span> <span class='ocrx_word' id='word_1_347' title='bbox 1491 3382 1543 3426; x_wconf 91' lang='lat' dir='ltr'>et</span> <span class='ocrx_word' id='word_1_348' title='bbox 1586 3375 1838 3442; x_wconf 79' lang='lat' dir='ltr'>designat</span> <span class='ocrx_word' id='word_1_349' title='bbox 1880 3372 2192 3444; x_wconf 82' lang='lat' dir='ltr'>quemlibet·</span> 
     </span>
    </p>

    <p class='ocr_par' dir='ltr' id='par_1_12' title="bbox 256 3462 2184 3623">
     <span class='ocr_line' id='line_1_41' title="bbox 260 3462 2184 3540; baseline -0.001 -26"><span class='ocrx_word' id='word_1_350' title='bbox 260 3473 275 3540; x_wconf 73' lang='lat' dir='ltr'>¹J</span> <span class='ocrx_word' id='word_1_351' title='bbox 307 3472 492 3514; x_wconf 89' lang='lat' dir='ltr'>actum</span> <span class='ocrx_word' id='word_1_352' title='bbox 519 3483 614 3515; x_wconf 88' lang='lat' dir='ltr'>seu</span> <span class='ocrx_word' id='word_1_353' title='bbox 645 3470 853 3516; x_wconf 85' lang='lat' dir='ltr'>motum</span> <span class='ocrx_word' id='word_1_354' title='bbox 881 3466 1158 3534; x_wconf 89' lang='lat' dir='ltr'>appetitus</span> <span class='ocrx_word' id='word_1_355' title='bbox 1184 3464 1437 3516; x_wconf 88' lang='lat' dir='ltr'>sensitivi</span> <span class='ocrx_word' id='word_1_356' title='bbox 1467 3481 1596 3532; x_wconf 85' lang='lat' dir='ltr'>erga</span> <span class='ocrx_word' id='word_1_357' title='bbox 1626 3464 1832 3516; x_wconf 89' lang='lat' dir='ltr'>bonum</span> <span class='ocrx_word' id='word_1_358' title='bbox 1856 3463 1945 3515; x_wconf 86' lang='lat' dir='ltr'>vel</span> <span class='ocrx_word' id='word_1_359' title='bbox 1974 3462 2184 3514; x_wconf 87' lang='lat' dir='ltr'>malum</span> 
     </span>
     <span class='ocr_line' id='line_1_42' title="bbox 256 3542 1673 3623; baseline 0.001 -20"><span class='ocrx_word' id='word_1_360' title='bbox 256 3542 266 3585; x_wconf 51' lang='grc' dir='ltr'><em>ἶ</em></span> <span class='ocrx_word' id='word_1_361' title='bbox 311 3552 575 3604; x_wconf 86' lang='lat' dir='ltr'>sensibile</span> <span class='ocrx_word' id='word_1_362' title='bbox 612 3571 709 3622; x_wconf 86' lang='lat' dir='ltr'>per</span> <span class='ocrx_word' id='word_1_363' title='bbox 750 3554 1206 3621; x_wconf 85' lang='lat' dir='ltr'>imaginationem</span> <span class='ocrx_word' id='word_1_364' title='bbox 1248 3553 1673 3623; x_wconf 88' lang='lat' dir='ltr'>apprehensum.</span> 
     </span>
    </p>
   </div>
  </div>
 </body>
</html>
