2269 3898
753 205 819 247 De
852 204 1028 246 actibus
1061 203 1287 246 humanis.
1632 262 1636 265 -
1898 202 1954 244 39

85 342 135 381 et
180 338 338 392 efficit,
383 343 436 379 ut
479 337 598 380 actio
643 336 907 379 virtualiter
949 335 1210 378 voluntaria
1250 335 1326 389 sit,
1371 335 1426 377 ab
1471 333 1732 377 auctoribus
1776 333 1958 376 diversi-

88 413 219 480 mode
261 411 574 466 explicatur&
621 423 772 452 omnes
816 415 967 452 autem
1012 410 1291 452 conveniunt
1329 409 1376 451 in
1409 409 1491 451 hac
1524 409 1683 463 regula
1715 421 1794 461 pro
1828 407 1957 461 praxi

84 485 380 539 assignanda,
413 484 540 527 cuius
574 498 654 538 ope
688 484 930 526 diiudicari
966 483 1124 537 possit,
1159 483 1376 537 quamdiu
1408 483 1605 525 intentio
1640 482 1763 536 prius
1801 480 1958 523 elicita

91 560 305 614 perduret
338 562 382 601 et
416 559 464 600 in
498 558 721 601 actionem
754 558 947 599 influat:
991 557 1190 600 intentio
1231 570 1392 610 nempe
1434 557 1559 610 prius
1594 556 1747 598 elicita
1781 555 1961 598 tamdiu

90 632 140 675 in
163 632 386 675 actionem
411 632 584 685 influit,
608 632 825 685 quamdiu
848 645 1002 686 agens,
1035 631 1121 674 etsi
1148 632 1201 673 de
1223 631 1481 673 intentione
1503 644 1592 672 non
1616 630 1802 684 cogitet,
1826 629 1961 671 inter-

91 711 281 761 rogatus
314 711 482 760 tamen,
517 706 625 760 quid
658 706 729 748 vel
763 719 900 759 quare
933 713 1059 760 agat,
1093 705 1189 748 sine
1221 718 1336 747 novo
1371 708 1477 747 actu
1500 703 1754 746 voluntatis
1788 707 1832 745 et-
1866 703 1963 745 sine

91 780 335 823 reflexione
378 793 431 823 ex
475 780 570 822 sola
610 780 923 822 recordatione
968 779 1131 833 prioris
1174 778 1447 821 intentionis
1491 777 1651 820 statim
1700 776 1833 819 dicit:
1884 777 1964 819 hoe

81 855 232 911 facio,
263 855 335 897 vel
367 855 448 897 hoe
472 855 600 910 facio
622 856 816 909 propter
850 851 1016 900 illudo.

244 964 282 996 c.
338 943 702 995 Voluntarimn
754 943 1022 993 habituale
1078 941 1212 992 illud
1256 942 1475 1001 dicitur,
1529 941 1671 1009 quod
1718 940 1967 1007 procedit

92 1032 165 1083 ab
209 1034 514 1083 intentione
556 1032 856 1083 voluntatis
911 1041 1074 1083 antea
1127 1027 1318 1081 habita
1363 1049 1464 1080 nec
1506 1040 1780 1092 revocata,
1826 1047 1965 1097 quae

97 1132 281 1173 tamen
324 1122 414 1173 hic
456 1131 508 1173 et
549 1141 697 1172 nunc
734 1140 843 1172 non
873 1120 1109 1190 amplius
1139 1121 1341 1171 existit,
1396 1118 1636 1169 Intentio
1668 1117 1967 1168 voluntatis

101 1231 224 1262 cum
269 1231 377 1263 non
421 1212 657 1280 amplius
704 1221 1032 1280 perseveret,
1088 1212 1143 1260 in
1202 1227 1338 1277 opus
1380 1207 1695 1276 ponendum
1740 1225 1850 1257 non
1892 1207 1966 1256 in·

96 1301 223 1351 fluit
277 1319 453 1369 neque
511 1302 626 1351 eius
681 1319 845 1351 causa
905 1301 1108 1350 existit.
1189 1297 1279 1349 Sic
1332 1298 1374 1347 si
1434 1297 1556 1366 quis
1610 1296 1970 1359 intentionem

98 1389 290 1440 elicuit
343 1389 665 1458 baptizandi
729 1407 959 1457 puerum
1021 1398 1073 1437 et
1131 1395 1318 1454 postea
1375 1385 1442 1436 de
1502 1384 1606 1434 hac
1668 1373 1971 1434 intentione

103 1478 240 1529 nihil
295 1481 542 1546 cogitans
595 1496 777 1546 *neque
829 1477 896 1527 ab
941 1495 1004 1526 ea
1046 1485 1226 1526 motus
1270 1478 1335 1541 (e.
1381 1492 1430 1541 g.
1476 1475 1531 1524 in
1575 1482 1717 1524 statu
1761 1473 1970 1540 hypno'-

101 1569 234 1633 tico)
267 1585 499 1635 puerum
531 1567 793 1635 baptizat,
825 1566 1132 1634 baptismus
1163 1573 1242 1615 est
1270 1563 1641 1614 voluntarium
1676 1560 1973 1612 habituale.

252 1670 317 1713 Ut
349 1671 468 1713 actio
504 1670 590 1713 dici
625 1670 770 1725 possit
803 1671 1017 1723 humana,
1055 1669 1214 1723 agenti
1249 1667 1493 1711 actualiter
1520 1666 1591 1708 vel
1621 1666 1781 1708 saltem
1806 1664 1975 1707 virtua-

101 1745 211 1788 liter
243 1745 506 1787 voluntaria
539 1729 633 1788 esse
667 1740 820 1787 debet:
868 1757 967 1786 cum
1012 1743 1129 1785 enim
1173 1747 1302 1785 actus
1336 1742 1561 1784 humanus
1594 1740 1654 1782 sit-
1688 1745 1816 1782 actus
1848 1738 1974 1792 liber,

102 1835 133 1862 a
166 1820 404 1862 voluntate
438 1825 670 1873 tamquam
705 1833 731 1861 a
765 1833 844 1861 sua
890 1832 1025 1861 causa
1066 1818 1303 1872 procedere
1347 1816 1498 1868 debet:
1544 1815 1620 1857 sed
1664 1812 1974 1856 voluntarium

106 1893 341 1937 habituale
368 1908 456 1936 non
490 1893 693 1948 procedit
728 1907 753 1936 a
785 1893 1038 1946 voluntate,
1073 1905 1171 1934 cum
1207 1895 1337 1933 actus
1370 1888 1624 1932 voluntatis
1657 1901 1746 1930 non
1779 1886 1977 1941 amplius

111 1975 365 2023 perseveret
398 1981 542 2022 neque
575 1968 621 2010 in
656 1967 878 2010 actionem
912 1966 1094 2008 influat.

261 2057 310 2108 d.
351 2057 717 2107 Volzmtarium
758 2057 1212 2126 interpretertivum
1254 2053 1389 2104 illud
1418 2053 1635 2116 dicitur,
1672 2050 1818 2119 quod
1859 2058 1977 2118 pro-

109 2146 259 2196 cedit
291 2148 358 2198 ab
391 2148 698 2197 intentione
729 2145 1028 2196 voluntatis
1058 2161 1339 2212 nunquam
1371 2141 1580 2203 habita,
1625 2158 1763 2208 quae
1793 2147 1978 2189 tamen

115 2233 424 2299 haberetur,
469 2237 511 2285 si
557 2234 622 2285 de
666 2254 728 2285 ea
771 2235 1028 2300 cogitatio
1071 2233 1353 2283 incideret.
1418 2231 1617 2298 Reipsa
1642 2247 1767 2297 ergo
1797 2226 1979 2278 nullus

115 2323 418 2375 voluntatis
480 2342 776 2374 consensus
846 2321 1165 2386 intercedit,
1234 2320 1328 2371 sed
1353 2319 1737 2382 ,considerata
1796 2315 1980 2368 indole

110 2415 329 2480 agentis
373 2412 674 2463 voluntatis
717 2407 1016 2462 consensus
1058 2410 1437 2469 intercederet,
1495 2410 1536 2458 si
1591 2427 1677 2459 res
1719 2423 1981 2476 propone—

116 2512 290 2564 retur,
348 2504 425 2553 sic
475 2502 618 2553 filius
669 2521 793 2552 cum
837 2519 1105 2551 consensu
1149 2499 1565 2567 interpretativo
1607 2498 1779 2566 patris
1822 2495 1981 2545 bene·

112 2590 205 2641 fici
250 2591 343 2642 dat
385 2592 807 2659 eleemosynam,
865 2608 1004 2658 quae
1056 2588 1226 2639 relate
1280 2587 1348 2638 ad
1403 2595 1614 2655 patrem
1650 2580 1743 2636 ¹'est
1793 2583 1982 2633 volun—

114 2682 318 2731 tarium
362 2682 858 2748 interpretativum.

267 2799 307 2826 α.
350 2785 418 2827 Ex
451 2783 710 2827 voluntario
747 2781 932 2836 actuali,
966 2780 1156 2823 virtuali
1190 2783 1235 2822 et
1268 2778 1493 2821 habituali
1534 2776 1669 2819 facile
1700 2774 1986 2829 int-elligitur

119 2859 305 2902 intentio
339 2858 547 2910 actualis,
581 2858 791 2900 virtualis
823 2863 868 2899 et
900 2855 1161 2897 habitualis.
1226 2853 1427 2896 Intentio
1461 2856 1530 2894 est
1562 2849 1800 2906 tendentia
1831 2848 1986 2895 volun-

119 2925 244 2976 tatis*
267 2933 315 2975 in
347 2932 543 2986 aliquem
577 2933 713 2985 finem
755 2944 833 2985 per
865 2935 974 2984 apta
1008 2929 1157 2981 media
1190 2927 1501 2971 ohtinendum.
1564 2924 1746 2967 Dicitur
1778 2922 1987 2973 actualis,

114 3021 232 3061 quae
265 2998 337 3049 hic
370 3012 416 3049 et
447 3020 567 3049 nunc
600 2992 801 3048 existens
833 3005 881 3047 in
915 3017 1028 3058 opus
1061 3002 1219 3045 influit
1253 3006 1298 3044 et
1320 3002 1486 3043 reflexe
1511 2998 1784 3052 advertitur,
1808 2997 1986 3051 quando

120 3095 232 3135 opus
265 3081 474 3135 ponitur;
511 3080 739 3131 virtualis,
772 3093 885 3133 quae
918 3078 990 3120 hic
1025 3081 1071 3120 et
1104 3090 1223 3119 nunc
1256 3075 1456 3118 existens
1488 3073 1537 3115 in
1571 3085 1683 3127 opus
1705 3066 1877 3124 influit,
1911 3069 1987 3112 sed

120 3168 211 3197 non
243 3154 514 3205 advertitur,
560 3154 738 3208 quando
779 3167 890 3207 opus
934 3152 1144 3206 ponitur:
1190 3138 1457 3198 habitualis,
1496 3160 1610 3201 quae
1650 3150 1787 3189 antea
1830 3142 1988 3186 habita

122 3242 211 3271 non
245 3229 440 3283 amplius
474 3228 634 3271 existit
666 3241 747 3270 nec
779 3226 951 3279 influit,
985 3225 1164 3279 quando
1198 3236 1309 3278 opus
1342 3221 1542 3276 ponitur.

282 3407 308 3461 ¹)
342 3407 408 3449 De
440 3407 524 3449 hac
554 3419 602 3449 re
634 3404 826 3449 conferri
859 3408 1012 3459 potest
1044 3402 1189 3445 Walsll
1223 3416 1266 3444 n.
1303 3401 1357 3443 70
1389 3414 1445 3443 ss.
1480 3404 1526 3441 et
1558 3394 1825 3452 praesertim
1848 3392 1991 3436 Frins

123 3495 167 3524 n.
201 3481 390 3534 ἵης-56.

279 3555 311 3607 ²)
342 3555 410 3597 Cf.
444 3552 890 3608 Slmrer-Bierbazzm
923 3551 1008 3593 III.
1041 3553 1175 3592 tract.
1212 3549 1235 3590 7
1268 3562 1312 3590 n.
1348 3548 1431 3600 107
1466 3560 1500 3588 s.
