2269 3898
312 120 397 163 176
1045 117 1111 159 De
1143 115 1449 159 matrimonio.

315 261 470 322 parte
512 251 696 303 adhuc
737 250 1070 319 perdurareg
1113 249 1204 300 sed
1251 250 1295 300 si
1338 248 1509 300 altera
1550 268 1676 318 pars
1711 251 1828 301 sine
1858 250 2193 303 difficultate⁴

315 342 523 393 moneri
567 359 676 391 non
719 347 914 408 potest,
968 338 1189 404 sufficit,
1233 347 1293 389 ut
1333 357 1445 388 una
1487 356 1612 406 pars
1655 356 1983 390 consensum
2026 358 2186 391 suum

314 430 483 482 addat
524 429 748 480 alterius
790 428 1102 493 consensui,
1162 428 1256 496 qui
1313 428 1470 478 initio
1515 445 1678 478 verus
1720 436 1773 478 et
1814 428 2032 480 validus
2073 436 2190 480 erat

313 528 364 570 et
405 517 684 570 moraliter
725 517 909 569 adhuc
951 516 1281 585 perduratl).

463 637 503 664 a.
531 622 660 676 Sunt,
694 621 770 676 qui
803 621 1142 664 renovationem
1168 633 1410 663 consensus
1433 633 1491 662 ex
1517 623 1712 675 utraque
1723 624 1865 676 parte
1887 621 2190 665 exhibendam·

311 698 448 741 etiam
494 698 541 740 in
575 698 657 740 hoc
690 709 795 739 casu
841 694 1139 738 necessariam
1194 694 1362 748 dicant,
1414 694 1492 737 sed
1538 694 1791 738 immerito:
1842 695 2189 738 matrimonium-

314 772 432 815 enim
468 772 673 826 sequitur
719 774 933 813 naturam
983 774 1267 813 contractus:
1319 770 1377 811 ad
1426 768 1578 812 valide
1626 775 1779 812 autem
1830 770 2190 812 contrahendum

312 861 402 890 non
434 846 697 901 requiritur,
730 850 784 887 ut
816 849 1009 898 utraque
1042 857 1147 899 pars
1180 843 1317 886 simul
1351 848 1457 886 actu
1490 856 1755 886 consensum
1789 844 1957 898 eliciat,
1991 844 2068 887 sed
2101 845 2189 886 sut*-

312 921 426 976 ficit,
470 929 524 964 ut
556 920 692 963 unius
726 933 966 962 consensus
1009 919 1157 961 adhuc
1189 917 1426 961 moraliter
1457 919 1687 973 perduret,
1731 919 1909 973 quando
1943 919 2062 962 alter
2093 931 2190 961 con-

311 1009 490 1039 sensum
538 994 794 1038 formaliter
842 994 979 1037 elicit.
1044 994 1097 1036 ld
1140 994 1439 1036 confirmatur
1486 993 1626 1036 etiam
1677 1006 1731 1036 ex
1773 993 1904 1048 praxi
1952 993 2086 1036 hodie
2134 991 2197 1036 ab·

311 1070 497 1114 ecclesia
530 1069 733 1124 probata.

460 1145 497 1187 b.
521 1144 643 1187 Illud
666 1151 819 1186 autem
845 1142 1026 1185 omnino
1052 1142 1316 1196 requiritur,
1350 1147 1403 1185 ut
1438 1155 1683 1185 consensus
1714 1142 1776 1185 sit
1807 1145 2043 1195 externus,
2074 1142 2190 1185 ideo-

310 1232 393 1274 que
428 1219 558 1274 signo
608 1218 759 1273 aliquo
808 1217 1117 1273 exp1·imatu1·;
1169 1216 1363 1272 exprimi
1412 1222 1566 1260 autem
1615 1221 1768 1272 potest
1816 1217 1889 1260 vel
1936 1216 2085 1261 verbis
2117 1216 2190 1259 vel

308 1293 445 1336 factis
479 1292 650 1336 scilicet
677 1292 1015 1335 cohabitatione
1048 1293 1119 1335 vel
1154 1293 1316 1347 copula
1339 1291 1570 1347 coniugali
1605 1305 1705 1335 cum
1739 1291 1998 1335 intentione
2030 1291 2190 1335 habita

309 1368 620 1412 consentiendi
653 1368 701 1410 in
735 1367 1092 1410 matrimonium.

461 1458 493 1486 c.
529 1443 573 1486 Si
609 1456 849 1485 consensus
893 1441 1027 1485 initio
1072 1442 1324 1497 praestitus
1359 1441 1413 1484 ab
1448 1442 1595 1484 altera
1618 1444 1761 1497 parte
1793 1429 2075 1485 retractatus
2107 1446 2193 1495 est,

309 1517 653 1561 matrimonium
682 1518 826 1560 solum
851 1530 929 1572 per
951 1516 1193 1571 utriusque
1217 1530 1481 1559 consensum
1506 1516 1788 1560 convalidari
1821 1520 1986 1572 potest.
2021 1516 2189 1559 Verum

308 1598 362 1636 ut
406 1606 647 1636 consensus
689 1596 967 1636 retract-atus
1013 1596 1264 1646 censeatur,
1314 1591 1563 1646 requiritur
1603 1592 1798 1635 actualis
1842 1591 2070 1635 revocatio
2113 1603 2201 1645 per·

310 1674 462 1710 actum
496 1667 745 1722 positivum
791 1666 1071 1720 voluntatis3
1117 1680 1207 1709 non
1241 1667 1418 1710 sufficit
1462 1666 1690 1710 revocatio
1731 1667 2078 1723 interpretativa
2113 1678 2193 1709 seu

309 1742 451 1785 animi
498 1742 750 1796 dispositio,
800 1755 887 1796 qua
937 1755 1177 1785 consensus
1226 1746 1530 1796 revocaretur,
1579 1741 1616 1784 si
1664 1742 1857 1786 nullitas
1906 1740 2194 1786 matrimonii.

309 1817 495 1872 cognita
528 1821 658 1860 esset.

458 1967 592 2021 165.
635 1967 719 2020 De
760 1967 1194 2021 revalidatione
1237 1969 1312 2021 ob
1357 1966 1660 2021 defectum
1701 1966 1956 2020 formae.
2042 1969 2088 2019 1.
2132 1965 2189 2018 Si

309 2057 722 2108 matrimonium
765 2056 1077 2109 invalidum
1120 2067 1217 2124 est,
1275 2058 1406 2127 quia
1462 2055 1791 2109 clandestine
1846 2064 2192 2109 contractum

309 2146 427 2213 fuit,
471 2155 566 2198 aut
608 2146 1080 2199 convalidandum
1125 2156 1207 2199 est
1247 2149 1304 2198 in
1354 2146 1491 2211 loco,
1547 2146 1644 2199 ubi
1702 2149 1852 2216 viget
1906 2146 2189 2198 decretum

308 2236 690 2303 tridentinum,
734 2245 830 2288 aut
869 2238 927 2288 in
968 2237 1105 2304 loce,
1149 2236 1246 2289 ubi
1288 2236 1426 2288 illud
1469 2255 1577 2288 non
1622 2238 1788 2306 viget.
1846 2236 1903 2289 Si
1940 2238 2198 2307 primum,

310 2345 607 2378 consensus
661 2327 872 2397 absque
926 2326 1182 2379 ulteriore
1242 2327 1658 2397 dispensatione
1711 2329 1969 2379 renovari
2028 2326 2196 2379 debet

308 2419 365 2469 in
406 2417 582 2470 forma
622 2418 940 2481 tridentina,
996 2419 1102 2469 nisi
1155 2416 1225 2469 ab
1280 2417 1386 2469 hac
1437 2417 1558 2486 lege
1611 2418 1930 2470 obtineatur,
1975 2417 2191 2487 dispen-

308 2509 462 2572 satiO,
507 2526 648 2578 quae
691 2507 853 2559 valde
893 2525 1016 2559 raro
1060 2507 1400 2560 conceditur.
1483 2508 1541 2560 Si
1583 2507 1824 2574 alterum,
1875 2506 1947 2559 ad
1997 2505 2192 2558 validi-

307 2605 477 2649 tatem
521 2597 745 2667 quidem
788 2597 1008 2663 sufficit,
1065 2606 1126 2649 ut
1166 2606 1290 2668 post
1331 2599 1609 2667 cognitam
1651 2598 1993 2649 matrimonii
2035 2595 2191 2648 nulli·

308 2695 477 2739 tatem
519 2706 697 2739 novus
741 2706 1039 2740 consensus
1081 2688 1268 2740 verbis
1311 2688 1401 2740 vel
1445 2687 1569 2740 aliis
1611 2689 1783 2757 signis
1826 2688 2196 2757 exprimatur,
2265 2711 2269 2716 τ

310 2777 380 2828 ad
405 2777 705 2829 liceitatem
735 2786 920 2829 autem
942 2779 1243 2848 requiritur
1272 2780 1586 2849 praesentia
1612 2777 1839 2848 parochi
1868 2787 1920 2829 et
1948 2778 2191 2844 testium⁷

310 2867 416 2917 nisi
459 2865 774 2918 obtineatur
815 2867 1172 2937 dispensatio,

458 2956 579 3011 Ergo
613 2956 959 3001 matrimonium
993 2958 1047 3001 ob
1080 2959 1222 3002 solam
1247 2958 1671 3002 clandestinitatem
1705 2958 1963 3002 invalidum
1997 2957 2197 3001 convali-

310 3029 446 3072 datur
478 3029 526 3072 in
559 3030 668 3085 loco,
711 3031 788 3074 ubi
820 3046 910 3075 non
943 3032 1074 3087 viget
1115 3033 1189 3076 lex
1221 3032 1492 3088 tridentina,
1537 3046 1587 3077 eo
1621 3033 1740 3088 quod
1786 3033 2002 3088 coniuges
2037 3031 2192 3076 matri-

309 3104 449 3147 monii
483 3105 734 3148 unllitatem
768 3110 1081 3162 cofflzoseentes
1113 3107 1258 3150 vitam
1284 3107 1569 3163 coniugalem
1605 3108 1877 3152 continuant
1909 3108 2062 3152 animo
2096 3121 2197 3151 con·

308 3179 478 3234 iugali:
526 3179 671 3234 signis
705 3180 840 3235 enim,
883 3181 970 3225 etsi
1003 3196 1093 3225 non
1125 3182 1290 3236 verbis,
1332 3182 1537 3226 validum
1573 3196 1838 3227 consensum
1873 3187 2063 3238 ponunt.
2128 3183 2192 3225 At

311 3254 348 3296 si
394 3253 607 3309 coniuges
650 3255 931 3299 matrimonii
977 3257 1229 3300 multitatem
1264 3257 1531 3313 {qnorantes
1573 3258 1720 3302 vitam
1765 3257 2051 3314 coniugalem
2087 3271 2197 3306 tcon-

468 3419 495 3472 ἦ>
527 3407 579 3462 Ο(
606 3418 797 3473 Insuper
829 3419 856 3460 4
893 3419 980 3473 Qui
1008 3421 1206 3464 matrim.
1241 3435 1461 3466 accusare
1481 3425 1692 3478 possunt.
1725 3423 1818 3477 (IV.
1856 3423 1939 3479 18).
2006 3423 2054 3467 C.
2087 3422 2192 3466 Pro-

310 3491 509 3546 positum
546 3494 567 3534 1
604 3493 675 3536 De
708 3506 774 3546 eo,
807 3494 885 3549 qui
914 3494 1166 3549 dnm't<1V.
1205 3497 1257 3550 ἶ).
