2269 3898
316 87 402 134 194
1056 84 1128 126 ΠΙ.
1164 86 1229 128 De
1261 85 1454 141 legibus,

470 223 599 277 173.
664 221 749 274 De
803 220 1216 286 abrogatione.
1304 222 1347 273 1.
1403 219 1694 290 Abroyatio
1746 230 1827 272 est
1882 220 2063 273 totalis
2103 221 2194 273 ab·

314 316 444 367 latio
486 312 623 380 legis
664 327 762 379 per
803 310 986 377 ipsum
1027 308 1399 376 legislatorem
1442 310 1615 377 facta3
1662 310 1934 380 deroqatio
1963 318 2045 362 est
2076 330 2195 380 par-

314 403 463 456 tialis
503 401 639 469 legis
680 396 900 450 ablatio.

465 506 514 558 2.
579 503 786 572 Legem
845 502 1069 554 omnino
1124 501 1392 570 abrogare
1447 502 1537 554 vel
1601 504 1651 554 ei
1704 522 1775 555 ex
1834 510 1989 574 parte
2045 504 2196 556 dero-

314 614 444 666 gare
486 612 596 646 non
640 599 817 662 pot-est
858 592 964 643 nisi
1006 593 1124 660 ipse
1163 591 1444 661 legislator
1484 591 1574 644 vel
1625 593 1742 644 eius
1784 611 2067 645 successor
2107 592 2196 644 vel

316 685 591 756 superior:
653 684 797 733 sicut
846 682 992 732 enim
1036 682 1335 733 existentia
1387 680 1526 749 legis
1584 701 1616 733 a
1657 681 1943 734 voluntate
1983 681 2195 750 legisla-

315 777 447 827 toris
491 772 781 843 dependet,
833 772 909 822 ita
951 771 1117 822 etiam
1160 771 1277 822 eius
1319 773 1567 823 cessatio,
1637 813 1644 819 .

466 879 514 931 3.
557 878 680 930 Lex
711 875 966 944 abrogari
1007 882 1186 944 potest
1226 874 1317 926 vel·
1360 875 1694 927 declarando
1736 874 1915 943 legem
1951 875 2197 946 aliquam

317 972 429 1021 iam
458 969 515 1018 vi
552 965 838 1033 obligandi
874 983 1061 1016 carere
1090 964 1179 1016 vel
1205 965 1435 1018 ferendo
1463 984 1668 1017 novam
1696 964 1892 1034 legem,
1921 984 2061 1035 quae
2089 965 2199 1033 legi

318 1056 716 1129 praeexistenti
765 1073 988 1124 prorsus
1031 1056 1307 1106 contraria
1349 1057 1433 1108 sit.

471 1220 603 1275 174.
646 1219 730 1273 De
773 1219 1109 1272 cessatione
1151 1219 1311 1272 finis.
1396 1220 1442 1270 1.
1488 1218 1911 1273 Declarationes.
1952 1239 2001 1271 α.
2045 1219 2202 1271 Finis

318 1331 414 1364 seu
470 1328 638 1363 causa
691 1309 901 1359 motiva
953 1307 1091 1376 legis
1141 1327 1355 1361 cessare
1411 1317 1590 1379 potest
1646 1309 1958 1379 adaequate,
2002 1310 2046 1360 si
2086 1316 2201 1360 tota

317 1403 475 1468 ratio7
521 1418 662 1470 quae
688 1397 1056 1465 legislatorem
1087 1398 1310 1468 impulit
1350 1400 1422 1451 ad
1449 1399 1626 1469 legem
1656 1398 1960 1464 ferendam,
2006 1407 2198 1465 cessat,

319 1492 407 1543 vel
458 1489 833 1559 inadaequate,
902 1489 946 1539 si
1002 1506 1113 1539 una
1167 1497 1382 1540 tantum
1437 1491 1576 1540 ratio
1635 1496 1828 1555 cessat,
1895 1488 2027 1540 dum
2091 1488 2202 1540 alia

319 1589 521 1633 manet.

469 1669 514 1723 b.
570 1668 725 1719 Finis
764 1667 902 1735 legis
943 1667 1287 1737 adaequatus
1330 1686 1541 1720 cessare
1595 1675 1776 1738 potest
1828 1667 2209 1719 universaliter-

320 1778 415 1812 seu
455 1776 553 1828 pro
596 1758 803 1808 maiore
844 1765 1000 1826 parte
1042 1759 1473 1825 communitatiS,
1517 1757 1606 1809 vel
1648 1756 2062 1827 particulariter
2104 1776 2202 1809 seu

320 1869 418 1920 pro
461 1847 729 1917 singulari
770 1864 1004 1915 persona
1048 1854 1281 1900 tantum.

470 1958 507 1991 ο.
549 1937 707 1988 Finis
747 1935 884 2006 legis
924 1938 1191 1988 contrarie
1233 1954 1446 1988 cessare
1488 1935 1709 2004 dicitur,
1754 1937 1975 2006 quando
2019 1935 2203 1989 obser-

321 2029 471 2080 vatio
513 2029 630 2079 eius
658 2027 718 2078 fit
757 2026 959 2077 nociva
998 2026 1086 2078 vel
1127 2028 1269 2078 iusto
1302 2025 1610 2092 difficilior3
1655 2035 1707 2078 et
1736 2026 1940 2078 dicitur
1963 2029 2203 2098 neyatv‘ve

322 2135 551 2185 cessare,
595 2114 816 2186 quando
844 2115 1157 2168 observatio
1186 2118 1304 2168 eius
1331 2124 1412 2168 est
1441 2116 1667 2186 quidem
1693 2115 1920 2184 inutilis,
1958 2125 2203 2169 attamen

268 2236 273 2241 ·
321 2226 424 2259 nec
464 2206 628 2258 valde
671 2204 915 2257 difficilis
955 2224 1057 2257 nec
1097 2208 1317 2259 nociva.
1368 2204 1427 2258 Si
1471 2225 1512 2259 θ.
1542 2225 1591 2275 g.
1635 2206 1937 2276 prohibitio
1979 2207 2202 2276 legendi

322 2295 527 2347 librum
569 2313 806 2366 pravum
848 2295 1134 2348 observari
1176 2315 1288 2349 non
1316 2304 1497 2366 potest
1539 2298 1657 2348 sine
1693 2296 2021 2348 detrimento
2051 2296 2198 2362 fidei,

323 2403 464 2454 quae
509 2384 733 2437 defendi
776 2386 982 2455 nequit,
1041 2387 1177 2456 quin
1227 2385 1443 2455 legatur
1482 2385 1639 2453 liber,
1682 2386 1807 2437 finis
1846 2384 1984 2454 legis
2027 2394 2204 2437 cessat

323 2476 623 2535 contrarie;
669 2482 845 2526 cessat
885 2477 1147 2544 negative
1207 2477 1250 2528 si
1292 2476 1454 2527 lectio
1510 2474 1685 2526 solum
1742 2473 1946 2543 legenti
1989 2474 2202 2526 nullum

323 2564 588 2616 damnum
631 2565 806 2615 affert.

473 2669 521 2720 2.
580 2669 874 2738 Principia.
935 2688 984 2722 α.
1030 2669 1293 2721 Cessante
1348 2688 1514 2721 causa
1571 2670 1781 2721 motiva
1822 2670 2116 2740 adaequate
2157 2679 2206 2720 et

322 2757 696 2809 zmiversalz‘ter
737 2768 914 2809 cessat
953 2760 1074 2827 ipsa
1114 2758 1233 2811 lex:
1278 2761 1323 2811 si
1365 2761 1512 2811 enim
1555 2760 1680 2811 finis
1720 2759 1857 2827 legis
1884 2767 2076 2826 cessat,
2111 2758 2204 2811 lex

325 2847 385 2898 fit
426 2846 636 2898 inutilis
690 2847 924 2918 ideoque
965 2848 1133 2902 nulla.
1866 2903 1869 2906 .

477 2936 522 2988 b.
571 2935 835 2988 Cessante
879 2956 1046 2990 causa
1088 2940 1298 2990 motiva
1337 2939 1696 3009 inadaequate
1737 2956 1848 2990 non
1891 2945 2067 2990 cessat
2093 2937 2202 3004 lex,

324 3027 456 3095 quia
500 3025 591 3076 lex
633 3026 882 3078 nondum
928 3035 1009 3078 est
1050 3028 1277 3082 inutilis.

475 3136 515 3168 c.
571 3114 627 3167 Si
671 3115 796 3166 finis
837 3116 974 3186 legis
1035 3119 1092 3168 in
1141 3135 1273 3168 casu
1313 3117 1633 3187 particulari
1689 3125 1864 3169 cessat
1918 3117 2202 3182 contrarie,

318 3212 496 3256 cessat
550 3203 657 3266 lex⁷
717 3204 813 3255 sed
874 3207 918 3256 si
977 3207 1101 3257 finis
1152 3206 1291 3274 legis
1346 3214 1522 3258 cessat
1561 3208 1799 3277 neyat-ive
1839 3214 2070 3272 tantum,
2112 3205 2205 3257 lex

323 3313 434 3346 non
484 3302 675 3347 cessat.

474 3382 630 3429 Ratio
666 3388 768 3430 est:
814 3383 857 3430 si
890 3383 1002 3430 finis
1036 3384 1162 3442 legis
1198 3384 1451 3430 contrarie
1488 3389 1668 3444 cessat,
1702 3384 1811 3431 iure
1844 3383 1919 3430 uti
1950 3397 2203 3441 possumus

330 3458 512 3515 epikia,
547 3457 719 3516 quodsi
751 3458 862 3504 finis
896 3459 1023 3517 legis
1058 3459 1210 3505 solum
1245 3459 1481 3517 negative
1517 3465 1695 3517 cessat,
1737 3460 1914 3505 bonum
1957 3471 2207 3504 commune
