2269 3898
265 129 322 172 64
1003 123 1070 164 De
1103 119 1408 163 matrimonio.

267 270 346 313 est
386 262 519 312 iuris
562 259 755 323 divini⁷
815 257 944 326 quia
986 253 1242 324 supplere
1297 271 1407 305 non
1464 261 1656 322 potest⁷
1711 255 1756 305 si
1814 261 2000 305 autem
2053 253 2149 305 du·

267 351 420 402 bium
477 357 557 400 est
608 348 758 411 facti,
820 346 950 415 quia
1007 362 1117 395 non
1174 350 1388 394 constat
1439 344 1616 412 ipsam
1674 341 1816 394 velle
1874 341 2149 412 supplere,

268 441 434 490 immo
463 444 678 488 constat
705 436 881 503 ipsam
911 432 1054 485 nolle
1084 432 1338 502 supplere
1353 431 1422 501 ¹);
1465 432 1617 502 atqui
1661 450 1773 484 non
1814 431 1944 483 licet
1972 450 2148 484 sacra-

267 535 512 578 mentum
557 542 835 594 exponere
868 522 1120 592 'periculo
1164 521 1447 574 nullitatis.

418 614 463 658 Si
497 627 602 669 ergo
637 628 671 657 e.
707 626 750 668 g.
785 611 1017 667 probabile
1061 617 1130 655 est
1175 625 1388 666 sponsum
1432 624 1527 654 esse
1569 611 1616 654 in
1658 617 1820 666 quarto
1863 611 2011 665 gradu
2054 623 2153 653 con-

267 688 566 744 sanguineum
602 702 701 731 cum
737 701 819 731 sua
853 701 1031 742 sponsa,
1064 686 1228 729 illicite
1260 685 1493 729 contrahit
1525 686 1888 741 matrimonium,
1931 690 1976 729 et
2017 685 2055 728 si
2088 698 2153 729 re-

265 776 371 806 vera.
405 764 768 817 consanguineus
811 768 894 816 est,
939 762 1079 805 etiam
1123 761 1340 804 invalide.
1415 760 1522 804 Ideo
1566 766 1719 804 autem
1767 761 1954 805 ecclesia
1997 759 2152 803 matri-

265 838 467 881 monium
502 837 549 880 in
585 836 720 880 dubio
752 836 867 880 facti
900 850 990 879 non
1023 835 1177 879 reddit
1209 835 1432 890 validum,
1467 835 1574 890 quia
1605 835 1654 879 in
1687 836 1769 879 hoc
1804 835 1939 879 dubio
1984 848 2063 890 per
2105 847 2154 878 se

266 920 312 955 et
345 911 571 956 ordinarie
607 911 880 967 deprehendi
915 917 1068 966 potest
1100 910 1273 953 veritas
1306 914 1353 953 et
1385 910 1530 952 solum
1565 923 1644 965 per
1675 909 1882 953 accidens
1921 909 1969 952 in
2013 909 2152 964 parti-

266 986 407 1029 culari
441 1000 546 1029 casu
596 1000 686 1029 non
736 985 1105 1040 deprehenditur.
1170 984 1290 1027 Hinc
1338 984 1376 1027 si
1424 984 1718 1027 matrimonio
1767 983 1921 1027 obstat
1965 982 2152 1038 impedi-

266 1067 470 1104 mentum
509 1060 695 1104 dubium
731 1060 866 1104 dubio
910 1060 1040 1115 facti,
1094 1060 1151 1103 ad
1201 1059 1427 1103 cautelam
1482 1060 1680 1114 petenda
1732 1063 1802 1103 est
1856 1057 2155 1114 dispensatiO,

266 1150 400 1190 quam
434 1136 481 1179 in
515 1136 597 1179 hoc
630 1149 736 1179 casu
769 1135 1008 1179 concedere
1042 1139 1195 1190 potest
1228 1134 1477 1189 episcopus.

417 1285 508 1339 65.
562 1285 646 1339 De
689 1300 832 1340 Casu
872 1284 1186 1353 perplexo.
1274 1283 1580 1350 Quaeritur,
1623 1303 1744 1334 num
1778 1283 2154 1354 impedimenta

267 1376 576 1427 dirimentia
617 1384 814 1427 cessent
859 1376 918 1426 in
959 1392 1084 1426 casu
1123 1375 1427 1445 92’avissimi
1466 1373 1783 1425 incommodi
1817 1374 2038 1443 privati.
2080 1404 2157 1411 —-—

267 1465 475 1518 Omnes
505 1465 817 1517 concedunt
856 1464 1003 1533 leges
1046 1464 1448 1516 ecclesiasticas
1489 1466 1767 1515 irritantes
1808 1463 2155 1534 proindeque

267 1555 667 1625 impedimenta
733 1555 1053 1606 dirimentia
1114 1572 1327 1606 cessare
1387 1556 1444 1605 in
1506 1572 1638 1605 casu
1699 1554 2015 1623 gravissimi
2074 1554 2155 1604 in·

267 1645 522 1696 commodi
562 1646 878 1696 communis:
920 1663 1053 1696 num
1096 1646 1261 1696 etiam
1306 1652 1519 1696 cessent
1561 1646 1618 1694 in
1661 1662 1793 1695 casu
1834 1644 2153 1711 gravissimi

269 1734 608 1788 incommodi
669 1736 892 1804 privati⁷
961 1753 1070 1786 non
1134 1734 1417 1801 constat2).
1497 1732 1632 1785 Ideo
1701 1732 1769 1785 ab
1835 1731 2156 1784 auctoribus

267 1824 638 1876 diversimode
681 1823 911 1876 solvitur
954 1843 1129 1889 6616115,
1175 1826 1270 1895 qui
1313 1823 1699 1875 circumfertur
1731 1823 1956 1874 nomine
1998 1841 2155 1873 casus

259 1914 525 1985 perpleoei.
611 1914 900 1980 Quaerunt
964 1933 1178 1983 nempe,
1250 1913 1525 1982 quomodo
1587 1931 1643 1964 se
1704 1930 1893 1981 gerere
1955 1911 2155 1964 debeat

266 2003 542 2074 parochus
604 2005 691 2056 vel
755 2005 1139 2071 confessarius,
1210 2006 1304 2074 qui
1365 2003 1828 2073 impedimentum
1890 2002 2158 2055 dirimens

268 2093 651 2164 deprehendit,
710 2094 933 2166 quando
978 2097 1087 2146 iam
1146 2095 1333 2146 omnia
1386 2101 1580 2163 parata
1634 2100 1761 2144 sunt
1801 2093 1872 2144 ad
1914 2093 2155 2162 nuptiaS‚

269 2192 321 2235 et
380 2186 794 2236 matrimonium
852 2186 969 2236 sine
1030 2185 1188 2253 gravi
1248 2183 1508 2235 seandalo
1563 2192 1616 2235 et
1671 2183 1902 2235 infamia
1945 2182 2155 2234 differri

269 2276 474 2344 nequit.

422 2366 465 2416 1.
510 2365 567 2418 Si
623 2364 989 2435 deprehendit
1041 2365 1470 2434 impedimentum
1521 2363 1793 2433 publicum
1834 2381 1877 2416 e.
1921 2380 1972 2430 g.
2034 2380 2155 2413 con-

270 2456 674 2523 sanguinitatiS,
731 2454 1194 2525 impedimentum
1237 2452 1603 2506 revelandum
1645 2461 1699 2505 et
1740 2453 2154 2504 matrimonium

271 2543 640 2596 differendum
691 2553 787 2607 est,
846 2545 1021 2596 donec
1076 2543 1302 2596 obtenta
1357 2545 1428 2595 sit
1481 2543 1850 2612 dispensatim
1907 2541 1964 2594 id
2006 2559 2155 2593 nam-

271 2652 375 2704 que
419 2636 534 2686 sine
577 2635 836 2687 scandalo
883 2643 935 2686 et
978 2651 1304 2704 sponsorum
1349 2632 1580 2685 infamia
1621 2633 1737 2685 fieri
1780 2640 1974 2702 potest.

422 2725 469 2776 2.
516 2723 572 2776 Si
638 2725 1100 2795 impedimentum
1169 2722 1423 2776 occultum
1484 2732 1532 2775 et
1590 2721 2011 2794 indispensabile
2077 2729 2161 2773 est

274 2817 342 2881 (e.
403 2832 452 2882 g.
514 2814 839 2884 ligaminis),
909 2815 1325 2866 matrimonium
1391 2815 1569 2865 omitti
1635 2813 1816 2880 debet,
1885 2810 2158 2882 quidquid

274 2904 609 2955 incommodi
640 2923 708 2955 ex
750 2906 1048 2956 omissione
1091 2912 1372 2974 sequatur,
1415 2905 1522 2955 nisi
1564 2903 1830 2955 adiuncta
1871 2903 1982 2954 sint
2021 2902 2158 2953 eius-

275 2993 443 3060 modi,
501 3001 560 3045 ut
613 2981 1080 3064 >impedimentum
1139 2992 1596 3064 nupturientibus
1654 2995 1771 3045 sine
1827 2993 2158 3061 gravissimo

274 3083 627 3135 incommodo
670 3086 816 3136 tertii
857 3084 1093 3136 revelari
1134 3103 1246 3136 non
1289 3085 1476 3154 possit.

427 3247 460 3300 ¹)
490 3247 557 3291 Cf.
592 3248 637 3291 O.
671 3247 966 3303 Inquisitioni
998 3249 1057 3292 44
1091 3249 1162 3291 De
1193 3251 1307 3292 sent.
1341 3260 1507 3292 excom.
1543 3247 1613 3304 (V.
1647 3248 1737 3304 39),
1771 3259 1826 3291 ex
1858 3260 1945 3302 quo
1979 3248 2161 3290 constat

276 3322 508 3366 ecclesiam
543 3322 764 3365 eiusmodi
798 3324 1106 3378 matrimonia,
1141 3323 1178 3367 si
1200 3323 1581 3378 impedimentum
1608 3336 1765 3367 revera
1786 3321 1963 3376 existit,
1995 3319 2160 3364 habere

278 3409 357 3451 pro
390 3395 623 3452 invalidis,
657 3396 763 3452 quia
795 3397 1006 3452 prohibet
1040 3402 1194 3453 petere
1229 3397 1448 3443 debitum.

429 3469 462 3525 2>
495 3471 561 3514 Cf.
595 3472 667 3515 De
689 3472 935 3528 principiis
966 3487 1009 3516 n.
1046 3473 1145 3515 141.
