2269 3898
261 144 348 187 330
987 143 1063 185 VI.
1099 144 1165 186 De
1197 144 1408 198 peccatis.

262 281 306 330 si
350 281 471 348 quis
501 278 812 329 inordinate
841 277 1060 327 laudem
1093 279 1321 346 quaerit,
1368 278 1434 328 de
1475 277 1708 329 aliorum
1750 278 2135 331 humiliatione

261 368 479 436 gaudet.
562 368 685 418 Non
730 368 1025 417 committit
1051 368 1247 418 vitium
1275 385 1452 417 vanae
1481 366 1704 435 gloriae,
1750 370 1842 437 qui
1870 368 1938 420 ob
1970 368 2133 420 finem

262 457 554 508 honestum
618 456 885 507 excellere
947 457 1140 507 nititur
1199 475 1242 510 e.
1282 475 1331 523 g.
1391 465 1452 506 ut
1510 456 1580 507 ad
1641 457 1884 508 officium
1950 467 2140 527 postea

259 545 563 615 gerendum
605 553 766 614 aptus
808 545 918 612 fiat,
964 555 1022 596 ut
1061 545 1384 614 parentibus
1419 546 1649 615 placeat,
1694 555 1753 597 ut
1793 548 2135 616 propositum

261 637 568 704 praemium
622 634 888 686 obtineat.
973 635 1193 686 Dicitur
1249 637 1477 703 ταπίΐαε,
1537 638 1580 687 si
1638 638 1759 705 quis
1814 636 2036 688 laudem
2091 648 2146 687 et

259 725 524 775 honorem
556 725 772 794 quaerit
813 743 882 775 ex
922 724 1080 776 bonis
1110 726 1338 775 minoris
1364 727 1628 776 momenti
1657 744 1700 778 e.
1741 744 1791 794 g.
1823 744 1891 776 ex
1921 726 2138 795 opibus,

260 833 329 865 ex
370 815 548 865 forma
592 816 850 882 eorporis,
895 833 963 865 ex
1007 813 1254 865 vestibus
1296 822 1395 867 ete.

413 931 603 987 Triplici
638 934 770 976 modo
804 947 924 977 vana
957 935 1103 989 gloria
1138 946 1182 976 se
1216 933 1509 976 manifestat:

417 1037 455 1063 α.
483 1022 728 1074 Iactantia,
753 1037 865 1078 quae
892 1028 958 1066 est
982 1023 1246 1066 inordinata
1269 1022 1586 1066 manifestatio
1611 1023 1820 1078 propriae
1844 1023 2143 1066 excellentiae

261 1110 340 1152 per
373 1097 525 1140 verba.

414 1189 451 1237 ¹3.
492 1188 817 1241 Ostentatione,
842 1202 954 1242 quae
978 1193 1047 1231 est
1070 1188 1334 1231 inordinata
1357 1187 1675 1230 manifestatio
1694 1188 1903 1243 propriae
1926 1188 2144 1231 excellen-

259 1263 353 1306 tiae
386 1276 465 1318 per
496 1264 622 1306 faeta
655 1263 727 1305 vel
762 1262 917 1317 signa:

410 1366 448 1403 γ.
485 1351 748 1407 Hypocrisz',
792 1365 905 1406 quae
949 1356 1017 1395 est
1056 1351 1322 1395 inordinata
1357 1351 1674 1395 manifestatio
1710 1351 1920 1406 propriae
1952 1352 2142 1395 exellen-

261 1426 355 1470 tiae
387 1439 466 1481 per
500 1426 741 1470 simulatas
775 1426 987 1471 virtutes,

879 1685 1172 1744 Articulus
1214 1686 1512 1744 secundm.

1020 1825 1097 1863 De
1131 1824 1380 1864 avaritia.

412 1986 542 2042 303.
627 1989 674 2037 1.
719 1985 992 2040 Avaritia
1033 1985 1294 2037 definitur
1333 1986 1683 2038 inordinatus
1724 1988 2004 2056 appetitus
2045 1986 2135 2038 bo-

259 2094 456 2128 norum
517 2075 902 2145 temporalium
968 2078 1023 2143 (i.
1069 2094 1112 2128 e.
1175 2075 1446 2127 bonorum
1508 2075 1797 2146 fortunae).
1883 2077 2140 2128 Avaritia.

259 2166 450 2216 virtuti
494 2164 838 2217 liberalitatis
880 2184 976 2235 per
1018 2166 1294 2217 defectum
1340 2167 1651 2235 opponitur.

409 2291 449 2320 α.
484 2277 787 2321 Inordinatns
827 2284 897 2322 est
937 2292 1063 2322 amor
1096 2278 1382 2333 divitiarum,
1426 2278 1463 2320 si
1503 2291 1593 2321 non
1641 2278 1821 2333 regitur
1854 2279 1950 2334 fine
1991 2277 2139 2321 debito

258 2358 397 2406 atque
429 2352 634 2407 honesto,
669 2353 818 2407 qualis
852 2357 922 2396 est
955 2354 1012 2396 ad
1045 2353 1377 2408 providendum
1417 2352 1767 2397 necessitatibus
1810 2353 2031 2408 familiae,
2079 2353 2142 2396 ad.

259 2427 632 2470 benefaciendum
671 2428 775 2470 aliis
809 2432 917 2480 ete.;
962 2427 1148 2484 insuper
1189 2428 1227 2472 si
1259 2429 1402 2471 nimia
1435 2428 1738 2472 sollicitudine
1781 2427 2044 2482 acquirendi
2079 2427 2139 2470 di-

257 2501 398 2545 vitias
442 2502 514 2545 vel
555 2502 695 2544 nimia
733 2503 1027 2558 parsimonia
1070 2503 1272 2546 laeditur
1315 2503 1475 2546 modus
1509 2502 1542 2546 'a
1585 2502 1764 2546 ratione
1802 2502 1851 2546 in
1891 2502 1962 2546 his
2002 2503 2139 2546 rebus

255 2576 584 2631 praescriptus.

410 2675 446 2717 b.
471 2674 650 2718 Vitium
677 2675 902 2719 avaritiae
920 2689 1060 2731 aeque
1074 2676 1122 2719 in
1141 2689 1337 2731 paupere
1361 2680 1499 2731 atque
1521 2676 1569 2719 in
1590 2676 1735 2720 divite
1757 2675 1944 2731 reperiri
1970 2678 2139 2731 potest,

257 2762 357 2791 eum
402 2753 596 2804 uterque
642 2750 775 2793 rebus
816 2751 1034 2805 possessis
1074 2751 1217 2794 nimio
1260 2752 1432 2794 affectu
1475 2751 1710 2794 inhaerere
1752 2751 1824 2794 vel
1864 2749 2140 2806 possidenda

256 2823 397 2866 nimio
433 2824 656 2868 desiderio
693 2831 850 2880 optare
882 2825 1041 2880 possit.

411 2932 459 2986 2.
505 2932 764 3008 ΐὲὲἒξῌῌὲῑ
817 2942 897 2984 est
946 2942 1233 3003 peccatum
1295 2954 1359 2985 eoe
1401 2944 1506 2986 toto
1547 2954 1731 3005 yenere
1772 2953 1863 2986 suo
1904 2932 2143 2985 veniale:

69 3074 101 3084 Ι,
146 3047 158 3091 g
183 3068 190 3075 ,,
258 3039 515 3098 exj—tessus
545 3025 692 3074 enim
735 3025 791 3075 in
832 3043 890 3075 re
920 3023 1056 3076 alias
1082 3024 1422 3076 indifferenti
1467 3033 1520 3076 et
1559 3024 1713 3077 licita
1748 3023 1985 3076 venialis
2030 3031 2138 3087 θεῖς

257 3111 409 3180 atqui
456 3130 611 3163 amor
650 3111 924 3165 bonorum
958 3113 1345 3184 temporalium
1389 3133 1458 3165 ex
1502 3134 1558 3166 se
1599 3114 1922 3166 indifferens
1964 3121 2061 3165 est.

406 3222 620 3267 Avaritia
642 3229 795 3280 potest
821 3227 920 3269 fieri
945 3228 1137 3271 mortale
1160 3231 1412 3282 peecatum,
1447 3227 1485 3271 si
1507 3241 1598 3271 non
1629 3228 1725 3272 sola
1755 3226 2026 3280 liberalitas,
2059 3225 2137 3268 sed

257 3295 396 3339 etiam
422 3296 515 3340 alia
540 3297 691 3342 virtus
714 3301 916 3344 laeditur
939 3315 972 3344 e.
999 3315 1042 3357 g.
1076 3302 1260 3346 iustitia
1292 3304 1365 3346 vel
1398 3302 1567 3346 caritas
1599 3301 1810 3358 proximi,
1842 3306 1897 3345 ut
1929 3300 1967 3344 si
1999 3301 2133 3343 homo

256 3371 367 3414 adeo
399 3371 663 3417 inordinate
695 3379 823 3418 amat
857 3376 1062 3432 divitias,
1092 3381 1148 3420 ut
1179 3381 1366 3432 propter
1400 3391 1475 3421 eas
1509 3391 1543 3421 e.
1580 3390 1622 3433 g.
1659 3377 1921 3421 ditescendo
1965 3389 2019 3419 ex
2060 3375 2138 3418 ali-

258 3445 353 3489 enis
385 3447 531 3503 legem
566 3449 650 3493 Dei
683 3449 826 3494 violet
858 3454 939 3494 aut
970 3452 1180 3507 negando
1215 3452 1416 3496 debitam
1452 3453 1782 3506 eleemosynam
1817 3450 1983 3494 officiis
2028 3463 2140 3505 erga

255 3520 513 3574 proximum
549 3523 683 3568 desit.
