2269 3898
290 145 373 187 190
946 117 950 120 ἢ
1026 140 1093 183 De
1125 138 1430 183 matrimonio.

288 277 491 334 proprios
526 275 827 330 dissimulare,
871 273 1027 317 mariti
1060 287 1165 317 vero
1210 273 1413 316 defectus
1453 273 1588 316 valde
1627 284 1810 328 augere.
1874 274 2066 329 Insuper
2097 287 2167 318 res

287 354 432 396 multo
466 351 590 406 peior
622 352 766 404 fieret,
801 348 838 391 si
870 361 983 391 uxor
1005 347 1304 403 permittente
1329 347 1602 391 confessario
1633 347 1852 391 maritum
1875 348 2175 403 relinquerem·

287 427 360 471 hic
391 440 496 471 vero
528 438 728 480 uxorem,
773 436 886 479 quae
927 422 1229 478 separationis
1273 436 1455 465 causam
1501 436 1649 466 coram
1695 422 1845 466 iudice
1877 422 2065 478 probare
2097 436 2170 467 ne-

289 506 438 557 queat,
471 514 554 556 ope
586 499 833 556 potestatis
866 497 1014 541 civilis
1046 496 1324 553 repete1·et¹).

910 763 1203 822 Articulus
1241 762 1539 820 secundus,

938 903 1017 940 De
1050 900 1282 940 divortio
1315 897 1527 950 civili2).

440 1083 557 1133 Etsi
600 1099 797 1132 causae
839 1077 1277 1130 matrimoniales
1318 1078 1437 1128 iure
1467 1077 1657 1129 divino
1689 1077 1760 1129 ad
1790 1077 1930 1130 solos
1959 1079 2171 1131 iudices

292 1171 695 1224 ecclesiasticos
736 1171 1065 1239 pertineant,
1109 1166 1473 1219 nihilominus
1514 1167 1605 1218 lex
1635 1167 1816 1219 civilis
1843 1175 2172 1238 potestatem

291 1261 395 1313 sibi
450 1267 670 1328 arrogat
722 1259 790 1310 ob
846 1266 1023 1310 certas
1081 1275 1275 1308 causas
1316 1257 1531 1308 ferendi
1575 1259 1904 1310 sententiam
1949 1258 2172 1310 divortii

290 1351 472 1421 quoad
514 1352 695 1419 ipsum
738 1348 1027 1400 vinculum
1071 1347 1501 1414 matrimoniale,
1560 1347 1706 1417 quod
1750 1349 1806 1398 in
1849 1348 1963 1399 foro
2007 1347 2171 1399 eccle-

290 1443 401 1492 siae
444 1439 693 1491 validum
736 1447 789 1490 et
830 1436 1217 1490 indissolubile
1259 1445 1355 1489 est.
1415 1437 1547 1489 Ideo
1591 1439 1901 1507 quaeritur:
1947 1458 1994 1494 cz,
2040 1457 2173 1489 num

290 1530 462 1582 iudici
515 1528 666 1581 civili
721 1530 1051 1580 sententiam
1107 1528 1334 1580 divortii
1385 1527 1691 1579 secundum
1734 1529 1986 1597 vigentes
2027 1527 2174 1597 leges

291 1620 481 1672 civiles
542 1620 929 1688 pronuntiare;
999 1617 1042 1671 b.
1109 1636 1243 1669 num
1315 1617 1566 1686 partibus
1636 1617 1940 1670 divortium
2009 1617 2174 1670 civile

290 1719 504 1781 petere3
565 1730 605 1763 c.
669 1728 801 1760 num
858 1709 1128 1760 advocato
1191 1726 1414 1759 causam
1472 1707 1697 1759 divortii
1754 1707 1935 1759 civilis
1988 1725 2173 1760 coram

290 1802 471 1853 iudice
513 1818 675 1869 agere
716 1798 896 1850 liceat.

444 1980 569 2034 178.
619 1979 704 2032 De
744 1978 945 2032 iudice
988 1977 1175 2031 civili.
1228 1977 1415 2028 Minor
1441 1984 1522 2028 est
1555 1976 1720 2028 huius
1749 1978 1826 2028 rei
1857 1976 2174 2044 difficultas7

289 2069 385 2121 ubi
441 2070 623 2138 agitur
673 2067 740 2119 de
791 2067 902 2119 solo
953 2068 1308 2119 matrimonio
1360 2066 1512 2118 civili
1563 2065 1652 2117 vel
1703 2066 1771 2118 de
1820 2068 2172 2118 matrimonio

289 2161 345 2211 in
406 2159 547 2210 facie
611 2157 877 2209 ecclesiae
939 2157 1164 2227 quidem
1227 2158 1382 2223 inito,
1446 2157 1594 2227 quod
1654 2166 1841 2208 tamen
1903 2157 2175 2208 sententia

289 2248 489 2300 iudicis
544 2247 901 2299 ecclesiastici
968 2247 1056 2299 vel
1118 2247 1431 2299 invalidum
1490 2246 1578 2298 vel
1636 2247 1876 2299 solutum
1935 2245 2172 2298 declara·

290 2346 462 2391 verat.
516 2336 727 2389 Verum
770 2339 936 2389 etiam
979 2337 1075 2389 ubi
1118 2338 1300 2407 agitur
1341 2338 1404 2389 cle
1445 2338 1783 2389 matrimonio
1825 2336 2174 2389 ecclesiastico

286 2428 463 2480 valide
492 2436 757 2478 contracto
786 2436 939 2497 atque
966 2426 1353 2492 indissolubili,
1397 2427 1527 2479 licet
1559 2427 1733 2479 iudici
1761 2427 1913 2479 civili
1950 2446 2174 2479 causam

289 2518 514 2570 divortii
571 2535 736 2585 agere
794 2519 1241 2588 sententiamque
1298 2518 1525 2570 divortii
1579 2518 1957 2588 pronuntiare,
2013 2517 2174 2569 modo

287 2607 387 2659 has
430 2607 788 2659 condiciones
829 2607 1113 2659 observet:
1158 2626 1210 2661 α,
1257 2609 1302 2659 si
1349 2607 1526 2660 solum
1569 2615 1915 2660 contractum
1953 2606 2175 2660 civilem

288 2705 499 2767 spectet
540 2698 573 2749 i.
621 2716 665 2750 e.
711 2697 886 2749 solum
929 2698 1157 2750 effectus
1208 2699 1548 2750 matrimonii
1602 2697 1796 2750 civiles
1845 2697 2176 2768 abrumpere

288 2787 572 2854 intendat3
621 2790 668 2858 β.
711 2789 754 2838 si
795 2789 1191 2856 gravissimum
1235 2788 1510 2840 eiusmodi
1554 2806 1779 2840 causam
1821 2787 2024 2858 agendi
2067 2806 2174 2840 mo-

287 2878 466 2928 tivum
524 2877 755 2944 habeat3
818 2896 870 2943 γ.
929 2879 974 2930 si
1031 2877 1102 2929 ad
1157 2878 1613 2947 praecavendum
1674 2877 2001 2930 scandalum
2057 2864 2174 2930 tum

287 2968 550 3035 coniuges
612 2975 728 3018 tum
786 2967 921 3019 alios
980 2974 1290 3037 opportune
1348 2975 1570 3020 moneat
1630 2970 1960 3020 sententiam
2018 2986 2175 3020 suam

291 3055 603 3108 nullatenus
644 3057 828 3125 ipsum
872 3058 1306 3125 matrimonium,
1353 3058 1449 3110 sed
1492 3058 1668 3110 solum
1711 3058 1905 3110 civiles
1947 3059 2175 3110 effectus

288 3153 563 3214 spectat-eg
610 3145 660 3197 ὃ.
706 3147 749 3197 si
791 3165 901 3198 non
944 3149 1146 3199 existat
1189 3147 1445 3217 specialis
1488 3147 1753 3200 ecclesiae
1792 3148 2109 3217 prohibitio,

446 3369 474 3424 ¹)
506 3370 572 3413 Cf.
610 3370 794 3413 Ge'nl'cot
824 3370 882 3412 Π.
917 3385 961 3416 n.
996 3372 1096 3414 558.
1162 3373 1364 3428 Aerlnys
1396 3373 1455 3414 Π.
1490 3374 1590 3415 53ῖ.

441 3443 474 3497 2)
496 3445 562 3488 Cf.
582 3445 854 3498 Lelemhnlzl)
879 3446 970 3488 Das
989 3445 1275 3501 burgerliche
1294 3447 1578 3491 Gesetzbuch
1599 3448 1675 3491 des
1696 3447 1943 3491 deutschen
1961 3446 2175 3491 Reiches⁵

286 3518 542 3574 (Freiburg.
577 3520 764 3563 Herder.
801 3520 933 3574 1900)
965 3520 1003 3563 S.
1039 3521 1126 3564 415
1160 3523 1209 3563 ff.
