2269 3898
755 95 822 138 De
855 93 1054 136 subiecto
1085 91 1216 147 legis.
1837 91 1920 133 145

55 232 333 275 translatum
367 233 451 274 est.
513 228 558 270 Si
593 231 748 270 tamen
782 227 994 270 scandalo
1028 229 1147 268 esset
1179 224 1298 279 aliis,
1332 237 1380 267 eo
1416 224 1533 278 quod
1565 224 1728 278 legem,
1777 237 1803 266 a
1837 236 1924 277 qua

55 305 274 349 immunis
307 309 390 359 est,
421 316 511 346 non
544 301 764 355 observet,
797 300 975 343 ratione
1009 298 1209 342 scandali
1244 312 1341 341 eam
1378 311 1555 341 servare
1579 297 1862 351 teneretur&

204 452 331 507 125.
396 452 480 504 De
521 450 709 516 vagis.
763 449 936 517 Vccqus
979 446 1195 512 dicitur7
1239 447 1332 515 qui
1375 445 1570 497 nullibi
1614 464 1715 496 nec
1758 445 1924 496 domi-

59 541 248 592 cilium
289 558 390 591 nec
433 536 960 609 quasi-domicilium
1002 535 1184 587 habet.
1251 554 1298 587 α.
1344 534 1482 585 Sunt
1523 534 1761 600 (Suarez,
1795 534 1924 586 San-

60 629 193 681 chez
224 637 276 680 et
303 627 434 695 alii),
479 629 571 696 qui
615 626 821 691 dicant⁷
865 642 1036 692 vagos
1077 624 1251 674 teneri
1293 623 1363 673 ad
1391 623 1536 690 leges
1563 622 1685 688 loci,
1730 624 1787 674 in
1817 640 1922 691 quo

60 725 364 770 versantur.
445 716 555 768 Alii
611 724 796 766 autem
861 712 1122 778 (Lessius,
1181 712 1473 779 Laymann
1537 715 1659 777 etc.)
1729 711 1928 762 docent

61 809 207 876 ipsos
260 824 371 857 non
427 807 601 856 teneri
655 804 727 855 ad
779 802 917 854 ullas
963 801 1109 870 leges
1149 800 1508 870 particulares
1549 799 1794 851 locorum
1836 818 1922 850 ex·

61 904 217 965 cepto
258 893 462 963 triplici
505 911 653 956 casu,
709 892 775 943 de
817 910 923 961 quo
975 909 1138 960 supra
1178 889 1251 957 (5)
1297 890 1513 955 dieitur,
1574 889 1668 940 sed
1709 896 1924 939 tantum

60 984 131 1036 ad
181 983 328 1052 leges
388 980 727 1033 universales
789 980 1068 1032 ecclesiae.
1151 979 1333 1042 Quam
1394 979 1740 1043 sententiam,
1802 995 1926 1027 cum

62 1075 129 1124 sit
184 1070 501 1142 probabilis⁷
567 1071 722 1139 sequi
787 1069 1000 1120 licitum
1062 1075 1156 1120 est.
1238 1067 1282 1119 b.
1350 1066 1556 1119 Omnes
1618 1065 1931 1117 concedunt

62 1179 232 1230 vagos
264 1161 456 1231 puniri
496 1177 670 1229 posse,
714 1158 809 1209 ubi
853 1157 1198 1226 delinquunt,
1243 1174 1309 1218 ne
1352 1174 1539 1207 eorum
1581 1153 1787 1206 scelera
1829 1160 1923 1205 im·

64 1252 261 1320 punita
303 1256 579 1300 maneant.

214 1398 363 1441 Nota.
426 1397 724 1451 Praeceptum
747 1395 1010 1450 personale,
1055 1394 1167 1437 item
1208 1392 1503 1447 privilegium
1548 1392 1782 1446 personale
1816 1404 1930 1444 eum,

64 1473 135 1516 cui
170 1473 329 1515 datum
364 1475 447 1526 est,
480 1470 647 1524 ubique
680 1469 904 1524 sequitur;
949 1467 1115 1522 ubique
1149 1479 1254 1521 ergo
1291 1465 1628 1520 dispensatione
1661 1465 1731 1507 uti
1767 1468 1933 1519 potest,

65 1548 185 1591 sicut
216 1546 382 1600 ubique
413 1549 651 1600 praecepto
689 1542 1011 1596 adstringitur.

684 1778 978 1837 Articulus
1020 1776 1316 1835 secundus,

612 1903 690 1942 De
723 1900 991 1941 domicilio
1025 1898 1394 1939 ecclesiastico.

216 2035 347 2089 126.
389 2034 706 2088 Notiones.
760 2035 806 2085 1.
850 2032 931 2084 ΕΟ
975 2031 1175 2101 aliquis
1215 2030 1275 2081 fit
1318 2028 1570 2080 subditus
1611 2028 1939 2097 legislatoris

67 2123 433 2195 particularis,
484 2122 631 2192 quod
672 2124 728 2173 in
774 2123 890 2173 eius
931 2121 1201 2172 territorio
1245 2117 1586 2170 domicilium
1631 2117 1719 2169 vel
1762 2120 1938 2187 quasi-

70 2212 414 2266 domicilium
443 2212 694 2281 acquirit.
774 2211 906 2262 Ideo
949 2209 1054 2261 hoc
1094 2209 1229 2271 1000,
1274 2214 1541 2277 quantum
1585 2206 1702 2258 fieri
1744 2214 1936 2276 potest,

69 2308 325 2354 accurate
378 2300 732 2352 determinari
789 2298 978 2350 debet:
1048 2318 1096 2350 a.
1151 2296 1423 2367 quomodo
1482 2295 1682 2365 aliquis
1739 2297 1797 2347 in
1848 2315 1936 2365 pa-

223 2478 257 2533 1)
291 2478 462 2524 Casus,
495 2478 545 2521 In
576 2479 671 2521 loco
705 2478 746 2521 S.
780 2480 950 2521 festum
985 2490 1042 2520 ss.
1075 2477 1382 2531 apostolorum
1414 2473 1541 2517 Petri
1564 2478 1610 2517 et
1633 2473 1765 2517 Pauli
1799 2478 1941 2517 trans-

69 2554 216 2597 latum
241 2558 310 2597 est
342 2553 390 2597 in
423 2557 685 2608 sequentem
720 2552 992 2596 dominicam
1027 2555 1072 2595 et
1106 2550 1294 2593 sabbato
1329 2548 1599 2592 servandum
1624 2552 1693 2591 est
1720 2547 1941 2591 ieiunium

71 2627 284 2683 vigiliae;
327 2628 376 2671 111
407 2629 502 2671 1000
535 2628 590 2674 U.
622 2629 794 2670 festum
827 2626 1083 2682 principum
1125 2624 1432 2680 apostolorum
1472 2622 1570 2677 ipso
1621 2621 1691 2665 die
1725 2622 1793 2664 29.
1826 2621 1943 2664 iunii

71 2701 287 2745 recolitur
319 2705 364 2745 et
399 2702 470 2745 die
502 2701 791 2757 praecedenti
825 2706 1034 2744 servatur
1065 2699 1305 2753 ieiunium,
1338 2697 1414 2752 qui
1449 2696 1543 2739 dies
1578 2697 1660 2739 hoc
1692 2695 1790 2750 ipso
1824 2709 1940 2739 anno

75 2780 360 2831 supponatur
391 2776 590 2820 incidere
622 2775 669 2819 in
701 2775 864 2819 feriam
898 2778 1122 2830 quartam.

224 2864 266 2893 a.
314 2849 359 2893 Si
393 2849 505 2893 civis
537 2849 623 2893 loci
657 2849 698 2892 S.
730 2849 847 2893 feria
888 2853 1052 2903 quarta
1083 2850 1294 2891 versatur
1340 2846 1389 2889 in
1421 2846 1516 2888 1000
1550 2845 1606 2890 U.
1641 2847 1763 2888 certo
1799 2844 1943 2888 sciens

74 2937 121 2968 se
153 2924 340 2967 sabbato
373 2924 579 2978 proximo
610 2925 821 2966 futurum
855 2936 951 2966 esse
986 2922 1036 2965 in
1067 2922 1162 2964 1000
1197 2919 1416 2964 domicilii
1451 2919 1534 2974 sui,
1567 2919 1614 2962 in
1647 2918 1800 2973 rigore
1831 2918 1944 2961 iuris

74 2999 122 3042 in
152 2998 207 3042 U.
239 2998 443 3041 ieiunare
476 2997 623 3052 debet,
656 2997 763 3052 quia
794 3000 930 3052 urget
963 2996 1184 3051 obligatio
1218 2994 1334 3049 legis
1366 2993 1654 3037 universalis.
1710 2992 1755 3036 Si
1789 2997 1943 3035 tamen

75 3073 245 3116 iustam
269 3085 449 3115 causam
472 3071 659 3115 haberet
680 3072 833 3127 potius
856 3070 978 3114 domi
998 3068 1234 3113 ieiunandi
1267 3068 1455 3112 sabbato
1491 3066 1712 3122 sequenti,
1745 3066 1792 3109 in
1826 3067 1944 3108 hunc

78 3146 197 3190 diem
236 3145 457 3189 ieiunium
504 3147 751 3189 transferre
797 3148 964 3201 potest,
1012 3144 1142 3187 modo
1189 3144 1336 3198 legem
1379 3141 1682 3185 universalem
1733 3139 1943 3183 ecclesiae

78 3221 215 3265 semel
249 3220 466 3263 observet.
532 3219 700 3273 Quodsi
739 3219 787 3262 in
818 3220 914 3263 loco
946 3218 1000 3264 U.
1044 3217 1253 3273 legitime
1295 3231 1322 3260 a
1363 3215 1533 3259 ieiunio
1565 3229 1655 3258 non
1688 3217 1944 3267 excusatur,

79 3298 262 3338 tenetur
295 3293 414 3337 domi
447 3293 634 3337 sabbato
666 3293 883 3336 ieiunare.

229 3368 266 3411 b.
300 3367 346 3410 Si
379 3367 490 3410 civis
522 3366 608 3410 loci
631 3367 686 3410 U.
718 3367 834 3410 feria
866 3370 1030 3421 quarta
1061 3369 1270 3409 versatur
1300 3363 1349 3406 in
1382 3363 1423 3406 S.
1462 3368 1508 3405 et
1531 3361 1732 3415 sabbam,
1766 3373 1850 3414 quo
1876 3359 1947 3402 die

79 3442 129 3486 in
161 3442 203 3485 S.
235 3441 459 3496 ieiunant,
490 3441 658 3484 iterum
693 3440 814 3484 domi
847 3440 1086 3496 reperitur,
1127 3439 1176 3482 111
1217 3438 1367 3493 rigore
1409 3437 1522 3480 iuris
1567 3435 1703 3479 semel
1746 3433 1948 3478 ieiunare

170 3532 375 3571 Nomia,
400 3533 458 3563 De
482 3531 694 3571 principiis.
874 3522 878 3525 ’
1714 3509 1771 3550 10
