2269 3898
268 177 355 222 102
1003 173 1068 214 De
1102 171 1407 213 matrimonio.

267 311 394 354 nium
432 310 640 352 dirimere
671 306 925 359 indefinite,
975 305 1138 348 (locent
1187 317 1387 346 summos
1428 304 1669 358 pontifices
1708 303 1956 356 (Calixtum
1991 303 2064 356 I.¹)
2098 308 2146 347 et

255 384 501 428 'Nicolaum
550 382 583 423 I.
633 382 680 424 in
730 379 957 434 responsis
1005 378 1062 420 ad
1112 377 1304 420 consult.
1355 376 1604 431 bulgaror.)
1659 377 1979 431 dispositiones
2031 377 2146 420 iuris

269 457 458 510 romani,
503 455 845 498 matrimonium
890 454 1012 495 inter
1057 451 1416 506 consanguineos
1460 452 1507 494 in
1551 464 1815 506 quocunque
1855 452 2003 506 gradu
2049 452 2145 495 irri-

268 532 428 585 tantis,
461 531 508 573 in
541 530 611 573 ius
645 528 1003 573 ecclesiasticum
1036 526 1268 581 recepisse.

419 636 465 686 2.
529 634 993 700 Consanguinitas
1052 633 1108 682 in
1168 631 1313 681 linea
1370 629 1671 681 collaterali
1730 632 2144 681 matrimonium

269 727 471 794 pariter
514 723 722 774 dirimit
772 740 943 791 usque
987 721 1058 771 acl
1098 729 1343 789 (sumtum
1382 720 1622 788 graelum,
1676 719 1771 770 sed
1826 738 1934 770 non
1987 718 2146 785 ultra,

269 815 368 865 etsi
420 814 677 864 remotior
731 812 934 880 gradus
991 812 1059 861 sit
1114 811 1321 860 mixtus
1379 827 1504 860 cum
1559 810 1954 878 propinquiore
2008 827 2051 860 e.
2094 828 2145 878 g.

269 904 492 973 quintus
536 920 661 952 cum
702 902 860 952 tertio
904 899 991 951 vel
1033 898 1292 951 secundO.

423 1006 824 1061 impedimentum,
878 1004 996 1058 quod
1051 1003 1158 1045 olim
1214 1002 1546 1045 extendebatur
1598 1016 1740 1057 usque
1791 1004 1848 1046 ad
1902 1003 2147 1058 septimum

269 1080 516 1136 gradum²>,
550 1094 576 1123 a
609 1079 797 1122 concilio
829 1077 1105 1122 lateranensi
1139 1077 1214 1119 IV.
1252 1077 1334 1119 sub
1366 1076 1629 1120 Innocentio
1670 1075 1795 1130 HN)
1834 1082 1880 1121 et
1922 1082 2081 1132 postea
2124 1091 2152 1120 a

268 1155 455 1199 concilio
495 1152 787 1206 tridentino⁴>
830 1153 883 1196 ob
926 1165 1141 1207 magnam
1189 1152 1517 1195 difficultatem
1571 1158 1644 1196 tot
1686 1153 1912 1207 graduum
1957 1152 2150 1207 prohibi·

273 1231 420 1273 tiones
453 1229 724 1272 observandi
757 1229 814 1272 ad
849 1231 1063 1282 quartum
1100 1227 1295 1281 gradum
1331 1231 1613 1270 coarctatum
1649 1235 1731 1270 est.

419 1393 549 1448 10⁸2.
593 1392 1019 1461 Impedinlenti
1061 1393 1256 1458 origo.
1340 1393 1387 1443 1.
1431 1393 1494 1442 In
1527 1394 1707 1462 primo
1761 1393 1933 1462 ιφάεῑῑι
1981 1392 2152 1443 lineae

270 1493 442 1535 rectae
484 1483 645 1549 (inter
685 1490 896 1551 patrem
948 1492 1000 1533 et
1040 1481 1227 1547 filiam,
1289 1490 1518 1532 matrem
1575 1489 1628 1532 et
1674 1481 1872 1547 filium)
1922 1481 2148 1551 impedi-

271 1584 517 1625 mentum
572 1584 717 1624 certo
761 1581 841 1623 est
890 1573 1021 1622 ium's
1061 1580 1328 1635 matrem&
1386 1573 1441 1622 in
1484 1570 1605 1622 aliis
1654 1570 1919 1639 gradibus
1971 1570 2152 1622 lineae

270 1672 450 1714 rectae
493 1663 844 1713 matrimonia
898 1680 1003 1712 non
1050 1669 1177 1712 sunt
1233 1662 1350 1712 iure
1410 1671 1639 1712 naturae
1697 1670 1842 1712 certo
1885 1660 2150 1727 invalida,

272 1755 371 1803 etsi
416 1754 532 1803 iure
574 1760 804 1802 naturae
856 1753 964 1802 sint
1013 1749 1205 1802 illicita
1259 1759 1482 1820 propter
1533 1752 1727 1819 gravia
1782 1751 2152 1817 incommoda,

272 1861 414 1911 quae
457 1841 586 1893 inde
629 1850 999 1911 sequerentur.

418 1946 557 1989 Ratio
580 1945 759 2002 primi:
806 1945 905 2000 ipso
953 1944 1155 1987 naturali
1205 1945 1379 1987 lumine
1421 1944 1615 1987 rationis
1663 1944 1970 1999 intelligimus
2019 1956 2151 1986 usum

271 2021 552 2064 matrimonii
586 2021 707 2063 inter
740 2020 1099 2074 consanguineos
1122 2019 1169 2062 in
1193 2019 1340 2074 primo
1364 2019 1512 2074 gradu
1533 2019 1680 2063 lineae
1702 2024 1851 2062 rectae
1874 2018 2151 2062 contrarium

270 2108 364 2138 esse
389 2095 613 2150 singulari
635 2094 916 2138 reverentiae
941 2093 1206 2149 parentibus
1231 2093 1430 2144 debitae;
1465 2094 1566 2137 ideo
1590 2107 1744 2138 omnes
1767 2098 1928 2149 gentes
1953 2092 2154 2136 moribus

269 2184 359 2212 non
395 2171 670 2225 depravatae
700 2169 888 2224 nuptias
921 2169 968 2212 in
1002 2168 1147 2224 primo
1181 2169 1328 2224 gradu
1360 2169 1508 2212 lineae
1539 2174 1689 2212 rectae
1733 2173 1966 2223 tamquam
2000 2169 2153 2211 nefan-

272 2245 351 2287 das
387 2246 689 2288 detestantur.
756 2243 902 2297 Quare
950 2243 1003 2286 ob
1054 2244 1312 2287 naturalem
1365 2243 1721 2299 turpitudinem,
1770 2256 1883 2297 quae
1931 2242 2154 2286 eiusmodi

272 2319 578 2362 matrimoniis
609 2319 744 2373 inest,
779 2319 1103 2373 consanguinei
1138 2319 1185 2361 in
1219 2318 1365 2373 primo
1399 2319 1547 2374 gradu
1579 2318 1726 2362 lineae
1758 2324 1908 2361 rectae
1950 2317 2048 2361 iure
2079 2331 2154 2360 na·

272 2399 403 2436 turae
439 2406 586 2436 carere
620 2396 859 2436 censentur
892 2398 1122 2447 potestate
1155 2393 1240 2436 sibi
1286 2400 1446 2436 mutuo
1488 2393 1559 2435 ius
1608 2392 1655 2435 in
1696 2406 1882 2448 corpora
1925 2391 2154 2435 tradendi.

421 2483 559 2526 Ratio
593 2483 805 2526 seemedz':
839 2496 992 2526 omnes
1027 2483 1208 2537 quidem
1243 2483 1414 2538 posteri
1448 2482 1542 2525 suis
1566 2482 1934 2537 progenitoribus
1951 2494 2152 2525 reveren·

272 2557 385 2600 tiam
422 2557 599 2611 debent,
633 2563 935 2612 quaetamen
967 2559 1014 2600 in
1064 2558 1298 2601 remotiori
1347 2558 1494 2612 gradu
1543 2562 1676 2600 tanta
1725 2570 1820 2600 esse
1867 2571 1956 2600 non
2006 2557 2155 2610 debet,

271 2639 445 2686 quanta
477 2633 524 2675 in
557 2633 717 2687 primo.
783 2632 929 2686 Quare
961 2633 1153 2688 nuptiae
1174 2633 1295 2675 inter
1318 2632 1677 2687 consanguineos
1700 2631 1956 2675 remotioris
1979 2644 2156 2687 quoque

272 2707 440 2761 gradus
474 2707 619 2751 lineae
652 2715 801 2751 rectae
834 2708 923 2750 iuri
956 2714 1149 2751 naturae
1182 2707 1334 2761 aliquo
1377 2707 1508 2750 modo
1549 2707 1870 2758 adversantur;
1906 2720 2015 2750 num
2049 2720 2156 2750 vero

272 2782 379 2824 haec
412 2782 720 2837 repugnantia
753 2796 805 2825 ea
837 2783 912 2834 sit,
947 2796 1061 2837 quae
1084 2782 1302 2825 eiusmodi
1329 2782 1519 2836 nuptias
1550 2781 1806 2825 constituat
1828 2780 2000 2836 irritas,
2033 2786 2156 2824 certo

277 2856 456 2899 definiri
489 2870 579 2899 non
612 2863 777 2912 potest.

423 2947 471 2999 2.
515 2947 578 2996 In
609 2949 787 3016 primo
829 2948 1003 3016 qrarlu
1045 2947 1216 2998 lineae
1258 2947 1585 2999 collateralis
1633 2949 1797 3014 (inter
1837 2947 2056 2998 fratrem
2103 2953 2158 2995 et

276 3038 536 3100 sororem)
580 3037 1040 3105 impedimentum
1083 3038 1240 3088 iuxta
1283 3036 1577 3088 nonnullos
1606 3044 1856 3088 auctores
1899 3045 1979 3087 est
2019 3036 2156 3086 iuris

277 3132 524 3182 naturae.
607 3127 762 3176 iuxta
829 3126 963 3178 alios
1030 3144 1177 3177 mere
1243 3128 1377 3177 iuris
1445 3125 1820 3178 ecclesiastici.
1903 3124 2156 3176 Ecclesia

496 3334 542 3376 C.
581 3333 922 3378 Conz‘meetz‘oues
956 3337 981 3378 2
1015 3350 1049 3378 c.
1084 3336 1153 3379 35.
1190 3350 1230 3390 q.
1265 3336 1304 3377 2.

495 3408 539 3451 C.
576 3408 761 3451 Nullam
799 3410 821 3451 7
856 3424 889 3451 c.
925 3411 995 3453 35.
1030 3424 1070 3465 q.
1105 3411 1144 3452 2.

494 3482 538 3527 C.
574 3482 672 3525 Non
706 3483 838 3526 (lebet
871 3485 897 3525 8
931 3485 1002 3526 De
1036 3485 1365 3540 conscmffllinif.
1402 3484 1501 3539 (IV.
1539 3486 1623 3530 14).

433 3332 460 3387 ¹)

433 3406 463 3462 2>

430 3481 461 3531 ³)

427 3556 460 3607 ⁴)
494 3556 606 3599 Sess.
641 3558 710 3599 24.
745 3571 780 3599 c.
814 3558 853 3599 4.
890 3559 955 3601 De
988 3560 1169 3601 reform.
1203 3564 1335 3601 matr.
