2269 3898
281 165 369 208 214
1020 164 1086 207 De
1120 163 1426 206 matrimonio.

275 300 370 352 IX.
417 298 673 349 Formula
706 316 810 368 pro
847 297 1082 367 petenda
1123 297 1525 367 dispensatione
1567 299 1624 348 in
1667 299 1852 351 ordine
1882 301 1954 352 ad
1977 301 2166 354 revali-

278 388 515 438 dandum
560 405 663 456 per
719 388 859 437 ciam
915 386 1252 437 ordinariam
1307 406 1397 437 seu
1446 387 1703 456 simplicis
1753 388 2172 458 dispensationis

280 477 674 527 matrimonium
715 467 953 528 invalide
995 484 1318 528 contractum
1361 477 1421 527 ob
1464 478 1890 546 impedimentum
1931 481 2036 531 sive
2075 501 2170 532 na-

599 575 721 617 tura
763 586 859 617 sua
900 568 1007 618 sive
1050 564 1238 618 saltem
1279 566 1342 616 de
1371 565 1531 636 facto
1563 567 1857 637 publicum.

547 743 897 790 Illustrissime
935 758 993 790 ac
1026 743 1470 791 Reverendissime
1504 744 1733 803 Domine,

427 878 615 925 Paulus
649 880 713 925 A.
749 879 1016 937 parochiae
1050 878 1093 924 L
1130 916 1138 924 .
1177 916 1184 924 .
1223 915 1230 924 .
1269 879 1513 925 dioecesis
1547 879 1610 925 M.
1655 884 1706 925 et
1738 879 1901 926 Maria
1933 881 1993 926 B.
2028 895 2172 940 paro-

278 951 458 999 chiana
491 967 601 999 mea
636 954 742 999 sine
786 954 892 999 ulla
926 953 1298 1012 dispensatione
1340 954 1709 1000 matrimonium
1743 955 1793 1000 in
1827 954 1959 1001 facie
1992 954 2173 1001 Eccle-

277 1026 382 1072 siae
430 1028 516 1081 (rel
563 1028 894 1084 clandestine)
945 1033 1305 1074 contraxerunt
1352 1028 1645 1088 praemissis
1694 1029 2172 1087 proclamationibus

277 1100 368 1156 (cel
399 1102 591 1148 omissis
622 1103 1095 1161 proclamationibus
1133 1103 1199 1146 cel
1231 1103 1605 1161 dispensatione
1641 1118 1790 1163 super
1820 1104 2171 1163 proclamatio-

277 1174 419 1221 nibus
455 1178 696 1235 obtenta)‚
740 1184 790 1223 et
821 1178 951 1224 bona
984 1178 1075 1234 (cel
1106 1177 1260 1233 mala)
1306 1177 1402 1224 fide
1448 1178 1707 1236 utriusque
1743 1177 1833 1234 (zrel
1861 1177 2026 1236 unius)
2063 1192 2173 1225 con-

277 1256 662 1297 summaverunt.
727 1252 958 1299 Iamvero
984 1252 1128 1298 hodie
1153 1252 1352 1310 utrique
1380 1253 1609 1304 innotuit,
1646 1258 1696 1299 et
1720 1260 1797 1299 est
1823 1254 1975 1299 etiam
2003 1259 2171 1300 notum

276 1323 328 1369 in
360 1326 551 1383 populo,
585 1326 716 1384 ipsos
752 1341 859 1374 esse
896 1327 1123 1374 detentos
1161 1330 1211 1373 10
1234 1327 1590 1386 impedimento
1616 1328 1802 1387 duplici
1827 1329 2170 1387 consanguini-

278 1400 400 1444 tatis
464 1401 599 1458 talis,
666 1406 758 1448 etc.
826 1400 905 1456 (cf.
970 1400 1235 1448 formulam
1289 1402 1398 1458 V.);
1463 1402 1515 1448 '20
1568 1403 1920 1462 impedimento
1986 1403 2172 1462 duplici

279 1473 546 1522 affinitatis
595 1482 686 1523 etc.
723 1475 804 1524 (cf.
853 1478 1063 1524 eandem
1095 1477 1403 1534 formulam);
1452 1479 1505 1524 30
1538 1478 1892 1536 impedimento
1937 1478 2173 1536 publicae

277 1549 556 1597 honestat-is
591 1557 684 1598 etc.
718 1551 799 1607 (cf.
824 1552 1055 1610 ibidem);
1090 1554 1142 1599 4⁰
1175 1553 1527 1612 impedimento
1553 1553 1862 1612 cognationis
1892 1553 2173 1612 spiritualis

279 1629 374 1671 etc.
408 1626 658 1684 <ibidem);
703 1628 756 1673 5⁰
786 1627 1139 1686 impedimento
1187 1628 1245 1674 de
1290 1627 1427 1674 iacto
1471 1629 1670 1688 publico
1715 1627 1982 1675 affinitatis
2025 1628 2170 1687 primi

278 1700 464 1756 gradus
500 1710 606 1758 etc,
643 1700 723 1757 (cf.
758 1700 1022 1748 formulam
1057 1702 1200 1760 VH).

431 1790 598 1849 Quare
675 1792 949 1838 humillime
1027 1793 1314 1851 supplicant
1375 1793 1762 1840 Illustrissimae
1825 1793 2175 1839 Dominationi

279 1865 510 1923 Vestrae,
545 1872 601 1912 ut
635 1881 781 1926 super
813 1867 951 1913 hisce
986 1867 1356 1926 impedimentis
1390 1868 1478 1923 (vel
1510 1883 1657 1927 super
1689 1869 1781 1914 hoc
1803 1867 2172 1926 impedimento,

280 1938 320 1984 si
347 1953 494 1986 unum
527 1946 721 1987 tantum
746 1942 966 1999 adesset)
1000 1941 1144 1990 Sedis
1169 1943 1499 2002 Apostolicae
1535 1943 1842 2003 dispensatio
1875 1947 2175 2002 procuretur

279 2014 366 2066 (cel
385 2028 477 2071 pro
510 2016 725 2060 Ameriea
758 2018 1134 2074 septentrionali:
1174 2019 1300 2066 Velit·
1333 2018 1443 2076 ipsa
1476 2019 1690 2076 benigne
1726 2018 2051 2077 dispensare).

428 2103 609 2151 Testor
643 2111 883 2160 oratores,
917 2107 1222 2154 orthodoxae
1257 2108 1375 2155 fidei
1399 2109 1631 2166 cultores,
1666 2109 1740 2155 ita
1762 2122 2012 2167 pauperes
2049 2122 2172 2163 esse,

278 2185 333 2224 ut
365 2185 535 2225 taxam
586 2182 772 2227 nullam
808 2182 1001 2229 solvere
1036 2183 1258 2229 valeant.
1322 2182 1424 2230 Pro
1460 2184 1686 2243 expensis
1718 2197 1839 2230 vero
1872 2183 2063 2230 Romae
2098 2181 2176 2229 fa-

281 2253 470 2300 ciendis
521 2255 855 2314 deposueruut
905 2257 1035 2316 apud
1084 2272 1159 2304 me
1211 2258 1269 2304 10
1316 2256 1518 2304 francos
1567 2259 1679 2312 (cest
1732 2272 1820 2317 pro
1856 2259 2175 2317 eleemosyna

281 2329 526 2376 dederunt
560 2368 568 2376 .
605 2368 613 2377 .
650 2333 678 2385 .)

281 2585 343 2638 X.
398 2584 653 2637 Formula
697 2606 798 2656 pro
841 2587 1079 2657 petenda
1120 2588 1521 2658 dispensatione
1564 2590 1851 2640 ordinaria
1889 2591 1947 2640 in
1988 2590 2176 2640 ordine

282 2674 356 2725 ad
408 2676 818 2728 revalidandum
875 2679 1269 2730 matrimonium
1323 2677 1546 2730 nulliter
1600 2688 1924 2730 contractum
1975 2679 2035 2730 ob
2083 2681 2174 2730 im-

277 2765 636 2834 pedimentum
676 2766 846 2836 plane
889 2767 1143 2819 oecultum
1182 2769 1464 2832 reticitum,
1509 2770 1763 2820 eoeistente
1806 2767 1914 2820 alio
1954 2769 2175 2840 impedi-

431 2864 596 2906 mento
634 2857 867 2926 publico,
911 2877 1068 2927 super
1108 2877 1205 2928 quo
1250 2858 1583 2928 dispensatio
1611 2858 1807 2928 fuerat
1837 2860 2031 2928 petita.

643 3034 992 3081 Illustrissime
1028 3050 1086 3082 ac
1118 3035 1562 3083 Reverendissime
1594 3036 1822 3093 Domine,

803 3110 901 3162 (vel
933 3110 1341 3157 Eminentissime
1374 3110 1653 3171 Princeps),

434 3241 597 3288 Titius
640 3243 837 3297 (nomen
869 3244 1055 3302 fictum)
1102 3251 1153 3291 et
1188 3228 1315 3293 Gaia
1349 3252 1543 3299 (nomen
1577 3246 1762 3303 fictum)
1807 3247 2174 3293 matrimonium

285 3316 413 3361 bona
448 3317 534 3370 :sel
566 3317 719 3375 mala)
763 3318 859 3364 fide
904 3320 1020 3366 olim
1068 3320 1337 3379 iniverunt,
1390 3327 1595 3368 servata
1644 3323 1732 3372 (cel
1762 3321 1963 3378 omissa)
2011 3321 2174 3369 forma

285 3390 563 3436 tridentina
590 3393 975 3452 praemissisque
1005 3396 1090 3448 (cel
1122 3395 1333 3451 omissis)
1369 3396 1828 3443 denuntiationibus
1863 3398 1950 3452 (vel
1981 3395 2175 3454 dispen-

287 3465 479 3510 satione
515 3479 663 3524 super
695 3468 1172 3525 proclamationibus
1207 3471 1446 3527 obt-enta),
1498 3478 1549 3518 et
1582 3472 1707 3517 illud
1742 3471 1893 3518 etiam
1926 3472 2056 3517 bona
2089 3472 2178 3525 <cel

287 3539 437 3594 mala)
486 3538 583 3585 fide
620 3539 782 3594 (unius
817 3543 885 3585 rel
930 3543 1204 3601 utriusque)
1256 3552 1734 3603 consummaverunt,
1784 3547 1990 3592 obtenta
2037 3546 2174 3604 prius
