2269 3898
308 158 363 199 18
886 152 921 193 I.
955 120 1021 193 De
1053 151 1145 192 fine
1176 148 1374 192 hominis
1405 148 1585 191 ultimo.

871 386 1207 471 Quaestio
1259 384 1606 451 secunda.

651 527 739 578 De
782 522 1033 577 mediis
1077 521 1167 574 ad
1206 520 1427 575 finem
1468 522 1829 573 ultimum.

455 678 540 731 16.
604 673 758 744 Quae
821 671 964 723 Sint.
1046 668 1166 718 Hoc
1231 667 1348 718 loco
1414 666 1817 718 consideranda
1876 684 1986 717 non
2047 673 2176 717 sunt

308 768 479 819 medice.
522 772 756 826 eoeterncz,
812 777 950 827 quae
994 756 1244 808 Christus
1287 756 1561 807 Dominus
1603 758 1659 806 in
1700 757 1850 806 hunc
1892 754 2056 805 finem
2098 756 2175 804 in-

308 856 496 918 stituit,
540 860 599 902 ut
641 857 767 900 sunt
795 846 1043 913 ecclesia,
1089 855 1432 897 sacramenta
1459 853 1513 895 et
1542 844 1832 910 eiusmodi,
1876 843 1971 895 sed
2001 843 2174 894 solum

308 944 481 995 media
520 942 747 1003 interna,
792 936 992 1006 quibus
1021 937 1206 986 anima
1235 936 1541 1000 instruitur,
1585 942 1644 985 ut
1685 934 1756 985 acl
1797 933 1965 984 finem
1994 951 2174 1002 super-

310 1031 615 1085 naturalem
658 1027 882 1078 tendere
923 1026 1110 1094 possit.
1174 1024 1264 1075 Ad
1305 1024 1441 1074 haec
1483 1024 1666 1074 media
1693 1023 1973 1092 pertinent
1999 1023 2178 1091 gratia

309 1120 676 1183 sanctificans,
719 1116 942 1167 habitus
983 1115 1151 1166 infusi
1194 1122 1245 1165 et
1286 1115 1462 1182 gratia
1504 1113 1750 1164 actualis.

458 1210 560 1260 Per
611 1208 840 1276 qratiam
894 1204 1319 1271 sanctificantem,
1378 1221 1517 1272 quae
1571 1204 1788 1254 animae
1839 1203 2178 1255 substantiae

308 1300 573 1362 inhaeret,
630 1296 790 1346 homo
835 1293 1081 1344 elevatur
1138 1292 1209 1343 ad
1250 1300 1505 1342 naturam
1548 1300 1600 1342 et
1642 1293 1814 1343 vitam
1858 1300 2178 1362 supernatu-

307 1388 477 1441 ralem
519 1388 611 1438 fini
656 1381 1076 1452 supernaturali,
1131 1381 1201 1432 ad
1255 1399 1415 1450 quem
1461 1381 1767 1433 destinatus
1809 1390 1904 1447 est,
1959 1398 2180 1450 propor-

307 1480 587 1529 tionatam.
665 1474 769 1524 Per
824 1471 1056 1522 eandem
1113 1472 1463 1521 constituitur
1516 1471 1661 1521 filius
1715 1472 1822 1522 Dei
1879 1471 2176 1539 adoptivus

310 1575 362 1618 et
401 1566 462 1617 fit
502 1566 775 1634 particeps
818 1569 1043 1612 naturae
1087 1560 1311 1611 divinae
1354 1568 1406 1611 et
1433 1561 1755 1612 heredita-tis
1783 1560 2022 1611 filiorum
2051 1560 2176 1612 Dei.

457 1654 562 1704 Per
601 1652 808 1703 habitus
848 1649 1071 1718 iufusos,
1129 1651 1221 1719 qui
1279 1651 1500 1701 animae
1542 1651 1818 1718 potentiis,
1875 1648 2178 1701 intellectui

315 1744 524 1796 scilicet
566 1750 616 1792 et
659 1741 946 1810 appetitui,
991 1739 1294 1804 inhaerent,
1338 1738 1500 1789 homo
1545 1740 1832 1790 instruitur
1872 1738 2086 1790 viribus
2127 1747 2180 1790 et

310 1833 587 1903 potentiis,
658 1829 856 1899 quibus
918 1846 1083 1897 opera
1142 1828 1239 1878 fini
1301 1827 1705 1897 supernaturali
1765 1830 2180 1898 proportionata

311 1932 474 1991 atque
516 1920 586 1971 ad
628 1919 780 1970 illum
824 1916 1275 1986 consequendum
1319 1926 1448 1985 apta
1491 1936 1747 1968 exercere
1789 1920 1974 1986 possit.

456 2011 560 2061 Per
599 2009 803 2079 gyrcaetias
837 2006 1068 2058 actuales
1110 2006 1263 2056 Deus
1292 2006 1360 2057 ad
1393 2006 1637 2074 singulas
1666 2006 1906 2058 hominis
1935 2008 2181 2058 actiones

310 2096 796 2168 supernaturaliter
839 2097 1131 2162 concurrit,
1187 2114 1249 2147 eo
1306 2095 1452 2165 quod
1510 2114 1600 2147 eas
1641 2095 1848 2147 auxilio
1891 2114 1986 2147 suo
2029 2114 2179 2165 prae·

310 2191 479 2253 venit,
524 2188 815 2238 comitatur
855 2194 907 2235 et
947 2185 1176 2253 perficit.

428 2277 494 2319 De
528 2275 679 2330 gratia
713 2275 807 2317 sive
839 2273 1066 2316 habituali
1100 2274 1194 2316 sive
1226 2273 1397 2316 actuali
1436 2278 1608 2317 tractat
1637 2274 1870 2330 theologia
1894 2273 2177 2329 dogmatica;

311 2364 425 2406 quae
457 2363 560 2393 vero
596 2351 648 2392 de
671 2348 903 2392 habitibus
925 2348 1091 2391 infusis
1118 2349 1237 2391 scitu
1259 2348 1511 2392 necessaria
1535 2353 1656 2404 sunt,
1690 2349 1889 2392 hocloco
1912 2349 2179 2404 exponenda

308 2424 513 2468 veniunt.
576 2424 712 2466 Porro
746 2422 930 2466 habitus
962 2421 1104 2465 infusi
1149 2426 1254 2464 sunt
1306 2423 1499 2477 duplicis
1546 2423 1739 2478 generis,
1787 2423 1985 2466 virtutes
2029 2436 2176 2479 super-

307 2499 541 2542 naturales
573 2505 616 2541 et
653 2498 768 2540 dona
802 2497 998 2552 Spiritus
1032 2496 1193 2551 sancti,
1228 2497 1282 2540 de
1315 2497 1477 2551 quibus
1509 2497 1600 2540 iam
1635 2498 1863 2552 agendum
1898 2501 1979 2541 est.

954 2704 1249 2761 Articulus
1289 2704 1524 2777 primus

742 2828 820 2865 De
852 2825 1148 2883 virtutibus
1181 2826 1683 2874 supernaturalibus
1697 2823 1738 2878 ἱ).

459 2958 551 3010 17.
603 2957 750 3010 Num
793 2958 935 3012 sint.
1026 2958 1255 3008 Virtutes
1307 2959 1742 3027 supernatm‘ales
1793 2966 1921 3010 sunt
1971 2958 2179 3010 habitus

309 3066 339 3096 a
383 3046 502 3097 Deo
547 3048 730 3115 infusi.
790 3046 991 3116 quibus
1032 3046 1193 3097 homo
1236 3056 1391 3098 actus
1432 3047 1877 3117 supernaturales
1919 3054 2177 3099 connatu-

309 3134 493 3185 raliter
534 3153 787 3185 exercere
828 3138 1011 3204 possit.

465 3283 493 3337 ¹)
530 3282 724 3334 Snares,
756 3283 822 3325 De
855 3283 1007 3337 gratia
1039 3284 1066 3325 l.
1093 3284 1133 3326 6.
1157 3297 1190 3326 c.
1215 3284 1255 3325 4.
1319 3284 1570 3337 Maeeella,
1602 3285 1668 3327 De
1700 3284 1954 3328 virtutibus
1985 3283 2175 3327 infusis4

314 3356 514 3405 (Romae.
556 3356 759 3400 Forzani.
796 3356 937 3397 1594:
1002 3357 1166 3407 ,Pes-ele,
1214 3357 1544 3400 Praelectiones
1595 3357 1882 3412 dogmaticae
1928 3357 2174 3413 (Friburgi.

308 3428 496 3471 Hercler.
524 3429 657 3484 1898)
692 3429 816 3472 VIII.
841 3431 875 3473 I.
906 3431 1031 3485 seps,
1063 3431 1387 3474 Institutiones
1411 3432 1547 3474 theol.
1573 3445 1682 3476 mor.
1706 3432 1933 3487 generalis
1953 3432 2174 3487 (Parisiis.

312 3502 608 3547 Lethielleux.
645 3504 786 3558 1898).
851 3505 915 3547 De
948 3504 1213 3548 virtutibus.
1247 3505 1305 3548 II.
1340 3520 1381 3560 p.
1419 3506 1501 3547 147
1537 3520 1592 3549 ss.
