2269 3898
287 128 346 171 34
823 125 882 167 ΙΙ.
916 125 983 167 De
1015 123 1193 167 actibus
1224 124 1283 167 ad
1316 125 1450 167 finem
1487 124 1623 180 aptis.

663 290 695 344 ἕ
728 292 780 332 2.
832 290 912 331 De
940 291 1264 333 voluntario
1293 294 1344 333 et
1374 291 1780 334 involuntario.

437 394 531 447 29.
577 392 728 465 Quid
771 392 874 446 sit.
938 389 1307 443 Voluntarium
1349 392 1569 458 dicitur,
1613 392 1760 462 quod
1801 411 1833 444 a
1873 392 2158 444 voluntate

287 486 586 551 (tamquam
652 481 877 532 effectus
938 499 970 532 a
1029 499 1128 532 sua
1187 487 1371 545 causa)
1433 481 1684 550 procedit
1739 500 1866 533 cum
1929 483 2159 551 praevia

288 572 598 639 cognitione
632 569 958 622 intellectus.
1013 570 1140 621 Duo
1173 589 1299 639 ergo
1331 570 1399 622 de
1427 572 1641 623 ratione
1671 570 1969 622 voluntarii
2000 579 2153 622 sunt:

283 681 333 714 a.
386 668 446 712 ut
493 668 648 711 actus
697 679 728 710 a
777 658 1061 711 voluntate
1113 668 1396 729 tamquam
1440 679 1472 711 a
1515 678 1682 711 causa
1723 678 1822 710 sua
1863 659 2153 728 procedat3

283 750 329 802 b.
373 758 433 801 ut
472 757 709 820 ponatur
750 748 1100 817 praelucente
1143 750 1459 815 cognitione
1501 748 1830 802 intellectus,

433 852 475 881 a.
510 838 559 884 A
591 838 848 883 voluntate
885 837 1073 895 aliquid
1104 837 1378 896 procedere
1413 843 1579 896 potest
1614 838 1807 894 positive
1840 851 1926 884 seu
1964 851 2055 896 per
2087 837 2158 883 in-

283 910 464 958 fluxum
500 912 603 957 eius
635 912 915 970 positivum,
960 918 1045 958 aut
1085 913 1290 968 neqatice
1334 927 1419 958 seu
1463 927 1552 971 per
1585 913 1894 959 omissionem
1929 911 2155 959 influxus.

431 987 634 1030 Positiee
650 1001 677 1030 a
694 987 935 1031 voluntate
953 987 1128 1042 aliquid
1147 987 1394 1042 tripliciter
1411 988 1650 1043 procedere
1668 991 1844 1043 potest:
1874 987 2156 1042 immediate,

281 1061 481 1105 mediate
513 1066 559 1104 et
592 1061 815 1105 effective.
849 1062 1117 1104 Immediate
1148 1062 1400 1117 procedunt
1432 1061 1522 1117 ipsi
1555 1065 1685 1105 actus
1719 1061 1862 1106 eliciti
1884 1061 2156 1114 voluntatis,

279 1136 478 1178 mediate
509 1136 759 1190 procedunt
791 1139 921 1179 actus
954 1150 980 1178 a
1012 1137 1252 1179 voluntate
1284 1136 1499 1191 imperati
1534 1142 1582 1179 et
1616 1136 1672 1179 ab
1706 1136 1810 1179 aliis
1842 1136 2064 1191 potentiis
2082 1135 2156 1179 eli-

280 1210 377 1265 citi,
411 1210 610 1266 effective
642 1210 894 1265 procedunt
925 1211 1086 1253 horum
1119 1217 1306 1254 actuum
1341 1212 1545 1254 effectus.
1611 1210 1683 1254 Sic
1714 1210 1763 1254 in
1806 1210 1932 1254 iactu
1970 1210 2157 1266 lapidis,

278 1298 366 1340 quo
414 1284 682 1327 vulneratur
728 1284 876 1339 homo,
928 1284 1126 1328 intentio
1174 1284 1371 1328 iaciendi
1416 1285 1711 1340 immediate,
1757 1285 1907 1329 iactus
1939 1284 2155 1339 mediate,

279 1359 446 1403 vulnus
479 1373 505 1402 a
538 1359 691 1414 lapide
722 1358 951 1402 inflictum
986 1359 1197 1403 effective
1229 1374 1256 1403 a
1287 1360 1530 1404 voluntate
1563 1359 1780 1415 procedit.

427 1434 647 1490 Neqatice
691 1447 717 1477 a
759 1435 1000 1478 voluntate
1047 1435 1284 1490 procedere
1341 1435 1556 1479 dicuntur
1606 1434 1874 1478 omissiones
1913 1445 2157 1488 earumque

279 1509 482 1564 effectus.
545 1507 590 1550 Si
625 1508 724 1562 quis
757 1508 910 1564 ignem
946 1508 1099 1552 domui
1132 1509 1390 1565 appositum
1427 1523 1517 1553 non
1562 1508 1812 1565 extinguit,
1855 1507 2038 1551 omissio
2086 1520 2156 1551 ex-

283 1582 521 1626 tinctionis
554 1587 600 1626 et
633 1584 823 1626 effectus
856 1583 1232 1639 conflagrationis
1267 1585 1426 1628 domus
1458 1584 1677 1639 negative
1719 1598 1746 1627 a
1785 1584 2028 1626 voluntate
2059 1596 2162 1643 pro-5

274 1657 431 1700 cedere
464 1657 690 1700 dicuntur.
1514 1692 1565 1710 l„
1664 1700 1667 1705 Δ
1738 1668 1740 1670 ·
2035 1647 2049 1651 ”

428 1732 465 1774 b.
502 1731 670 1790 Quare
704 1733 1038 1778 voluntarium
1073 1732 1263 1779 differt:
1310 1749 1350 1776 α.
1395 1748 1423 1779 a
1469 1733 1630 1777 volito:
1672 1722 1878 1778 volitum
1920 1732 2049 1777 enim
2085 1731 2153 1776 di-

280 1807 410 1853 citur
444 1807 687 1852 obiectum
721 1807 1008 1864 voluntatiS,
1045 1808 1138 1853 etsi
1173 1822 1201 1853 a
1230 1809 1488 1855 voluntate
1524 1821 1618 1853 non
1644 1806 1953 1867 dependeat;
1986 1806 2153 1852 volun-

275 1880 459 1926 tarium
495 1887 660 1926 autem
693 1881 817 1927 illud
850 1882 1003 1927 solum
1038 1883 1282 1928 obiectum
1318 1883 1515 1939 dicitur,
1558 1882 1683 1941 quod
1718 1896 1747 1927 a
1778 1882 2036 1928 voluntate
2072 1880 2154 1926 de-

275 1956 481 2014 pendet3
529 1957 567 2006 β.
614 1969 643 2000 a
686 1959 948 2012 spontaneo,
993 1958 1118 2014 quod
1153 1971 1181 2002 a
1214 1957 1438 2015 potentia
1471 1957 1697 2016 procedit
1732 1970 1836 2002 cuni
1874 1955 2152 2022 cognitione

275 2030 537 2093 sgnsitiya3
578 2044 728 2088 quare
765 2038 904 2076 actus
940 2032 1223 2088 amentium,
1258 2030 1538 2088 infantium,
1573 2031 1688 2089 quin
1722 2030 1873 2077 etiam
1896 2020 2153 2076 brutorum

271 2108 478 2162 possunt
522 2103 620 2148 dici
664 2105 937 2162 spontanei,
985 2110 1037 2150 at
1079 2105 1353 2151 voluntarii
1400 2105 1498 2151 dici
1538 2110 1810 2163 nequeunt3
1859 2119 1900 2157 γ.
1945 2105 2006 2149 ab
2049 2106 2151 2147 actu

272 2180 500 2221 humano:
525 2178 858 2224 voluntarium
884 2179 1010 2224 enim
1036 2180 1097 2225 ab
1124 2193 1179 2225 eo
1203 2180 1527 2237 praescindit,
1550 2185 1713 2225 utrum
1740 2183 1880 2225 actus
1903 2179 2062 2224 libere
2089 2191 2152 2223 an

275 2252 556 2298 necessario
581 2266 610 2298 a
627 2252 883 2298 voluntate
907 2253 1162 2311 procedat,
1188 2260 1326 2300 actus
1350 2268 1469 2301 vero
1493 2254 1732 2300 humanus
1753 2258 1890 2300 actus
1909 2253 2040 2298 liber
2059 2256 2149 2298 est.

423 2327 491 2380 Ei,
527 2326 603 2382 qui
636 2327 873 2370 inimicum
907 2341 1038 2371 suum
1073 2329 1254 2383 occidit,
1298 2334 1397 2373 tum
1433 2329 1717 2384 propositum
1767 2327 2000 2371 occidendi
2047 2331 2148 2370 tum

272 2415 393 2445 mors
424 2401 599 2444 inimici
631 2402 894 2445 voluntaria
926 2406 1008 2455 est,
1043 2403 1083 2446 ei
1115 2416 1235 2458 vero,
1268 2403 1346 2458 qui
1380 2403 1513 2446 occisi
1546 2410 1738 2447 mortem
1774 2403 2018 2457 desiderat,
2058 2415 2150 2444 non

270 2476 429 2531 infert,
463 2476 734 2519 desiderium
769 2477 929 2520 mortis
961 2477 1290 2533 voluntarium,
1338 2491 1458 2521 mors
1490 2481 1644 2521 autem
1685 2477 1832 2521 volita
1873 2480 1955 2520 est.
2018 2475 2151 2532 Agri-

273 2551 396 2593 colae
430 2549 701 2593 desiderium
735 2551 921 2606 pluviae
953 2552 1283 2607 voluntarium,
1327 2553 1485 2608 pluvia
1524 2553 1670 2596 volita
1717 2556 1810 2603 est;
1864 2552 1959 2596 Deo
1991 2555 2148 2595 autem

274 2624 431 2679 pluvia
462 2625 608 2668 volita
640 2629 686 2668 et
717 2625 981 2670 voluntaria
1013 2631 1096 2670 est.
1142 2652 1197 2657 —
1246 2626 1420 2679 Omne„
1435 2640 1542 2688 ergo
1584 2627 1904 2686 *voluntarium*
1950 2625 2147 2670 volitum

270 2705 357 2753 est,
393 2699 469 2742 sed
502 2713 592 2742 non
625 2700 827 2743 Vicissim
862 2713 992 2744 omne
1024 2700 1219 2744 volitum
1252 2688 1565 2745 voluntarium
1599 2706 1682 2746 est.
1956 2690 2065 2698 ’

423 2847 517 2902 30.
571 2848 653 2902 De
693 2849 1130 2931 partitionilbus
1172 2851 1579 2920 voluntarii.¹)
1664 2855 1706 2905 1.
1752 2850 2144 2903 Voluntarium

272 2938 624 2987 necessarium
666 2947 718 2988 et
758 2936 992 3004 liberum,
1035 2948 1198 3008 prout
1225 2949 1382 2991 actus
1413 2940 1716 2992 voluntatis
1756 2942 1831 2991 ita
1871 2940 2044 2991 fertur
2084 2940 2142 2990 in

269 3023 568 3091 obiectum,
611 3034 670 3076 ut
705 3027 960 3078 voluntas
1001 3027 1277 3081 abstinere
1318 3029 1387 3081 ab
1431 3047 1493 3081 eo
1538 3048 1647 3081 non
1689 3031 1876 3099 possit⁷
1919 3027 2008 3080 vel
2048 3029 2142 3094 ita,

278 3121 336 3164 ut
375 3112 631 3165 voluntas
672 3133 768 3183 pro
809 3115 990 3168 lubitu
1018 3126 1202 3170 actum
1230 3138 1435 3188 ponere
1463 3119 1551 3170 vel
1581 3138 1691 3171 non
1720 3137 1924 3188 ponere
1952 3119 2140 3187 possit.

423 3201 743 3246 Voluntarium
777 3204 924 3259 igitur
956 3210 1002 3249 et
1029 3206 1222 3250 liberum
1255 3208 1435 3263 proprie
1466 3207 1535 3251 ita
1567 3208 1622 3251 ab
1665 3208 1859 3251 invicem
1905 3208 2141 3261 differunt,

272 3280 325 3318 ut
359 3276 549 3320 liberum
584 3277 646 3320 sit
679 3279 848 3333 species
880 3280 1149 3324 voluntarii:
1186 3282 1497 3325 voluntarium
1531 3283 1650 3326 enim
1674 3282 1881 3338 generice
1903 3287 1974 3325 est
1995 3285 2140 3336 actus,

432 3411 457 3463 ¹)
493 3412 557 3454 Cf.
593 3412 1077 3457 Ballerini-Palmieri
1116 3429 1159 3458 n.
1205 3416 1394 3459 15—32.
1458 3416 1505 3461 S.
1544 3417 1736 3460 Thomas
1765 3417 1800 3459 Ι.
1835 3416 1894 3459 Π.
1937 3429 1976 3470 q.
2011 3416 2051 3458 6.
2092 3418 2142 3459 et

274 3483 456 3527 Suaree
488 3485 534 3527 in
567 3486 601 3528 Ι.
635 3487 693 3529 Π.
729 3501 762 3530 s.
787 3488 986 3532 Thomae
1020 3494 1076 3534 tr.
1112 3490 1150 3532 2.
1196 3490 1264 3533 De
1295 3491 1554 3535 voluntario
1587 3497 1633 3535 et
1664 3490 1987 3535 involuntario.

2026 1656 2067 1686 ff>
2085 1656 2129 1687 „ng
2147 1649 2173 1678 Q
2195 1661 2211 1683 ξ,
