2269 3898
860 125 927 168 De
961 125 1256 180 sponsalibus.
1770 119 1772 121 ’
1939 130 1997 172 43

274 272 305 301 (⁷.
346 257 650 300 Tacitm'nitas
689 271 778 300 non
826 257 1178 301 contradicentis
1211 258 1430 314 mulieris,
1480 260 1550 302 cui
1600 263 1791 305 offertur
1840 264 1993 306 matri-

124 331 340 384 monium,
373 345 462 374 non
495 331 671 374 sufficit
703 331 760 374 ad
794 332 1102 374 contrahenda
1134 333 1374 387 sponsalia,
1410 333 1495 376 etsi
1513 334 1707 377 interius
1729 334 1777 377 in
1811 336 1993 390 promis-

124 405 293 448 sionem
330 405 618 448 consenserit.
683 404 727 447 si
761 404 897 447 verba
930 406 1001 448 vel
1035 405 1167 460 signa
1201 406 1334 449 (lubia
1367 414 1488 462 sunt,
1522 422 1610 451 non
1635 414 1874 452 censentur
1896 414 1996 453 orta

124 479 363 534 sponsalia.

271 627 364 680 42.
422 627 506 680 De
560 627 943 694 sponsalibus
999 644 1031 680 a
1070 629 1422 695 parentibus
1463 645 1572 697 pro
1614 631 1756 684 filiis
1797 633 1992 687 initis.

125 715 412 784 'Sponsalia
452 733 550 784 per
591 734 646 766 se
688 714 757 767 ab
801 717 933 784 ipsis
974 716 1172 768 futuris
1214 720 1428 785 sponsis
1469 718 1586 769 fieri
1630 719 1847 786 debent,
1892 741 1991 773 nec

123 803 311 856 valent
351 804 420 856 ab
463 804 584 855 aliis
626 822 722 873 pro
767 806 842 856 eis
885 814 1179 870 contracta,
1239 808 1346 857 nisi
1394 815 1589 874 agatur
1631 808 1697 859 de
1740 827 1991 877 procura-

121 903 236 945 tore
278 911 403 945 cum
446 894 707 945 mandato
751 893 992 963 speciali.
1062 895 1321 946 Attamen
1365 914 1429 946 ex
1471 896 1818 966 dispositione
1861 901 1992 949 iuris

117 991 367 1052 parentes
389 1002 492 1053 pro
511 981 644 1050 filiis
670 983 959 1035 minoribus
984 984 1262 1053 sponsalia
1286 985 1421 1036 inire
1451 986 1741 1054 possunt'),
1786 986 1995 1039 scilicet

122 1091 190 1123 ex
231 1080 542 1141 praesumto
587 1090 855 1124 consensu
897 1074 953 1123 in
995 1073 1110 1124 foro
1153 1082 1395 1127 externO.

273 1161 472 1212 Valent
526 1179 652 1228 ergo
706 1161 1001 1230 sponsalia,
1044 1180 1183 1231 quae
1225 1171 1478 1231 parentes
1522 1163 1856 1215 contrahunt
1895 1183 1992 1234 pro

122 1249 246 1301 tiliis
302 1249 736 1316 minorennibUS,
793 1251 837 1301 si
886 1250 944 1301 hi
1001 1259 1312 1320 praesentes
1362 1260 1487 1303 sunt
1535 1260 1587 1303 et
1627 1271 1736 1304 non
1782 1262 1989 1305 contra-

122 1339 316 1390 dicunt
370 1338 457 1390 vel
515 1341 557 1390 si
613 1338 868 1390 absentes
923 1340 1145 1409 quidem
1200 1349 1341 1407 sunt,
1400 1341 1492 1392 sed
1554 1352 1759 1410 postea,
1816 1343 1882 1393 de
1935 1362 1992 1394 re

121 1429 333 1493 moniti,
377 1447 485 1480 non
530 1429 933 1495 contradicunt,
990 1429 1289 1481 dummodo
1339 1430 1408 1480 ad
1462 1429 1736 1481 silendum
1778 1431 1991 1482 inducti

120 1536 228 1570 non
269 1517 474 1569 fuerint
516 1526 664 1570 metu
705 1518 1073 1572 reverentiali.
1132 1517 1278 1582 Quia
1322 1537 1450 1570 vero
1494 1519 1772 1589 sponsalia
1800 1529 1991 1589 suapte

120 1615 316 1658 natura
372 1625 565 1658 verum
621 1616 673 1658 et
727 1609 1004 1659 internum
1060 1626 1388 1659 consensum
1439 1617 1763 1678 exposcunt,
1808 1612 1849 1661 si
1892 1609 1991 1661 filii

119 1715 312 1748 revera
371 1715 480 1747 non
543 1698 906 1763 consentiant,
969 1699 1025 1748 in
1080 1697 1194 1748 foro
1263 1699 1477 1749 interno
1537 1697 1687 1749 nulla
1745 1699 1995 1750 oriuntur

119 1785 409 1855 sponsalia.

270 1889 311 1917 a.
346 1876 408 1918 At
442 1875 786 1918 matrimonium
822 1880 1033 1930 parentes
1057 1889 1135 1931 pro
1169 1876 1278 1918 filiis
1312 1876 1449 1919 etiam
1485 1876 1799 1931 praesentibus
1833 1880 1878 1919 et
1897 1889 1991 1918 con-

121 1949 425 1993 sentientibus
457 1949 609 1993 valide
643 1950 907 1993 contrahere
939 1955 1182 2005 nequeunt.
1248 1950 1501 2005 Dispositio
1546 1950 1664 1993 enim
1706 1949 1834 2003 iuris,
1880 1964 1991 2003 quae

121 2024 174 2066 de
208 2024 492 2078 sponsalibus
526 2025 665 2077 valet,
698 2038 786 2067 non
821 2029 890 2067 est
923 2025 1209 2068 extendenda
1242 2025 1299 2067 ad
1334 2024 1691 2079 matrimonium,
1737 2024 1862 2067 cuius
1901 2038 1991 2067 non

119 2104 187 2141 est
221 2099 375 2141 eadem
409 2099 542 2153 ratio,
586 2113 685 2141 cum
731 2098 1073 2142 matrimonium
1125 2099 1185 2141 sit
1231 2098 1562 2153 indissolubile,
1610 2098 1840 2154 sponsalia
1887 2112 1991 2142 vero

118 2173 252 2216 facile
286 2173 399 2216 solvi
434 2172 668 2228 possint'2).

270 2248 305 2289 b.
342 2247 386 2290 Si
411 2254 637 2302 parenteS,
670 2256 723 2291 ut
748 2262 843 2291 mos
868 2254 936 2291 est
959 2249 1080 2303 apud
1105 2248 1327 2303 Sinenses,
1361 2261 1439 2303 pro
1464 2247 1557 2290 suis
1579 2247 1836 2291 infantibus
1859 2261 1989 2290 usum

119 2322 312 2365 rationis
344 2323 545 2365 nondum
580 2322 852 2366 habentibus
897 2323 1125 2377 sponsalia
1167 2323 1458 2377 contrahunt,
1502 2322 1610 2365 haec
1652 2322 1895 2365 manifesto
1927 2321 1989 2365 in-

117 2396 272 2439 valida
317 2402 443 2447 sunt;
498 2396 604 2451 quia
654 2401 807 2440 tamen
850 2398 973 2452 leges
1018 2397 1172 2440 civiles
1223 2397 1443 2440 eiusmodi
1485 2396 1713 2451 sponsalia
1759 2396 1991 2439 declarant

119 2470 274 2513 valida
307 2477 352 2514 et
385 2471 462 2513 vix
495 2485 694 2526 unquam
730 2485 880 2514 eorum
921 2471 1191 2514 solutionem
1227 2471 1518 2526 permittunt,
1552 2470 1796 2525 prudentia
1829 2469 1990 2524 exigit,

119 2550 171 2587 ut
205 2545 479 2589 missionarii
514 2560 664 2590 eorum
710 2547 981 2589 solutionem
1026 2546 1263 2600 suadeant,
1309 2550 1357 2589 at
1389 2559 1478 2588 nou
1512 2544 1715 2599 exigant,
1748 2557 1802 2586 ne
1836 2543 1988 2586 odium

118 2618 375 2662 infidelium
409 2619 456 2662 in
489 2620 753 2676 religionem
791 2620 1086 2663 christianam
1121 2621 1385 2664 concitetur.

266 2768 360 2822 43.
415 2768 465 2820 ἶ).
506 2771 650 2820 Inter
679 2788 946 2840 personas
983 2769 1198 2823 habiles.
1251 2769 1479 2820 Habiles
1512 2768 1580 2819 ad
1613 2766 1990 2819 contrahenda

119 2858 395 2926 sponsalia
433 2858 708 2922 dicuntur,
751 2860 843 2928 qui
886 2858 1069 2910 valide
1112 2866 1165 2909 et
1204 2858 1353 2909 licite
1396 2858 1807 2909 matrimonium
1850 2857 1989 2907 inire

120 2956 374 3015 possunt,
432 2949 525 3017 qui
569 2966 696 3018 ergo
738 2956 974 2999 aetatem
1017 2967 1048 2999 a
1090 2950 1206 2998 iure
1252 2947 1647 3016 praescriptam
1689 2945 1897 2997 habent
1937 2955 1991 2996 et

120 3036 267 3088 nullo
323 3037 720 3106 impedimento
778 3055 879 3089 nec
931 3036 1223 3088 dirimente
1274 3055 1454 3105 neque
1495 3035 1831 3106 impediente
1871 3052 1987 3103 pro·

119 3124 413 3190 hibentur3
456 3127 550 3196 qui
592 3145 722 3178 vero
765 3127 1179 3178 matrimonium
1211 3125 1459 3177 validum
1502 3133 1555 3177 et
1594 3124 1805 3176 licitum
1848 3125 1990 3174 inter

119 3233 175 3265 se
235 3215 375 3266 inire
435 3223 744 3285 nequeunt,
806 3216 877 3267 ad
939 3214 1317 3267 contrahenda
1376 3213 1651 3284 sponsalia
1713 3211 1986 3264 inhabiles

278 3408 308 3463 ¹)
343 3409 388 3452 C.
423 3409 467 3452 Si
501 3408 703 3452 infantes
735 3422 810 3452 un.
845 3409 872 3464 ἓ
904 3409 944 3451 9.
980 3409 1051 3451 De
1083 3408 1288 3464 despons.
1322 3408 1422 3464 imp.
1459 3407 1551 3459 (IV.
1586 3407 1629 3459 2)
1659 3406 1706 3448 in
1739 3403 1802 3448 (5⁰.

272 3481 301 3538 ²)
333 3484 583 3526 Mathm'an
618 3497 659 3526 n.
694 3483 765 3526 81.
