2269 3898
320 110 408 152 274
1027 106 1077 149 V.
1112 107 1180 149 De
1210 107 1477 150 virtutibus.

811 271 844 325 ᾗ
876 273 930 315 2.
962 272 1048 314 De
1078 272 1419 326 obliyatione
1448 274 1718 318 iustitiae.

472 391 603 445 248.
647 389 980 457 Principia.
1064 390 1111 441 1.
1156 389 1374 440 Iustitia
1429 391 1799 441 commutativa
1850 390 2058 458 obligat
2097 409 2196 460 per

321 501 376 532 se
418 480 517 531 sub
563 480 720 549 gravi
763 487 816 529 et
856 497 981 529 cum
1024 496 1190 530 onere
1229 479 1609 545 restitutionis,
1654 481 1697 530 si
1738 480 1886 531 laesa
1925 480 2106 531 fuerit.

467 597 507 627 a.
543 583 686 637 Finis,
720 595 851 636 quem
884 581 1070 624 iustitia
1093 581 1426 624 commutativa
1450 581 1654 637 respicit,
1686 583 1845 638 magni
1868 584 2088 627 momenti
2111 588 2197 638 est,

318 658 493 701 scilicet
525 657 692 700 bonum
726 660 826 699 tum
859 656 1094 711 privatum
1128 661 1227 699 tum
1251 655 1508 710 publicum:
1543 669 1593 699 eo
1617 656 1736 699 enim
1760 658 1879 711 quod
1901 658 1972 701 ius
1995 658 2195 702 alienum

314 733 525 776 illaesum
559 734 725 787 servat,
759 729 981 785 prospicit
1014 733 1114 772 tum
1159 734 1348 773 mutuae
1393 730 1630 772 hominum
1675 730 1862 774 caritati
1906 736 1951 775 et
1992 733 2196 776 coniunc-

314 808 446 861 tioni,
479 811 579 850 tum
612 806 819 861 publicae
851 804 951 860 paci
985 808 1031 848 et
1064 804 1414 858 tranquillitati.
1478 804 1705 848 Admittit
1736 811 1890 849 autem
1914 807 2195 861 parvitatem

315 881 550 936 materiae,
584 880 691 935 quia
722 880 859 923 huius
891 879 1102 922 iustitiae
1134 878 1274 922 laesio
1307 878 1355 921 in
1403 892 1450 921 re
1499 879 1668 934 exigua
1714 879 1811 923 eius
1857 881 1941 923 fini
1989 881 2197 936 graviter

313 970 403 999 non
434 959 676 1010 repugnat.

465 1030 502 1075 b.
536 1029 728 1072 Iustitia
761 1028 1093 1071 commutativa
1126 1027 1288 1082 exigit,
1322 1031 1375 1069 ut
1426 1028 1561 1070 detur
1601 1028 1861 1083 unicuique,
1905 1030 2023 1083 quod
2064 1044 2194 1072 snum

316 1108 406 1157 θεῖς
442 1104 480 1147 si
514 1116 621 1158 ergo
654 1116 734 1157 per
765 1102 1010 1145 laesionem
1043 1101 1254 1145 iustitiae
1277 1102 1635 1145 commutativae
1660 1104 1870 1146 aufertur
1900 1103 2049 1156 alteri,
2074 1105 2192 1159 quod

314 1192 445 1222 suum
479 1182 563 1232 est,
597 1186 679 1220 aut
709 1178 835 1219 furto
868 1180 950 1219 aut
985 1176 1370 1231 damnificatione,
1403 1176 1504 1231 ipsa
1537 1177 1699 1232 exigit,
1732 1182 1786 1221 ut
1808 1178 2042 1234 reddatur,
2076 1180 2194 1233 quod

313 1252 447 1297 alteri
482 1252 688 1295 ablatum
723 1255 813 1301 est;
848 1250 1059 1294 redditur
1091 1255 1245 1294 autem
1279 1264 1358 1306 per
1379 1250 1749 1302 restitutionem;
1785 1265 1891 1307 ergo
1926 1253 2103 1309 obligat
2135 1255 2193 1297 ad

310 1326 667 1371 restitutionem.

462 1417 511 1468 2.
552 1415 770 1467 Iustitia
811 1414 998 1485 Zeyalz‘s
1055 1425 1103 1465 et
1143 1416 1487 1467 distributiva
1541 1417 1747 1485 pariter
1801 1416 2050 1486 obligant
2090 1418 2192 1470 sub

311 1508 488 1576 gravi,
532 1507 662 1576 quia
702 1505 868 1556 huius
910 1523 1129 1574 quoque
1170 1507 1455 1574 utriusque
1498 1507 1740 1557 iustitiae
1767 1506 1934 1559 laesio
1963 1526 2192 1576 gravem

313 1596 780 1648 inordinationem
823 1596 879 1645 in
922 1597 1239 1646 societatem
1277 1595 1541 1647 inducere
1581 1605 1785 1666 potest3
1830 1606 2073 1649 attamen
2098 1616 2196 1667 per

311 1706 364 1738 se
404 1705 511 1737 'non
551 1685 787 1755 obliqarnt
826 1704 939 1735 cum.
979 1703 1131 1736 onere
1171 1686 1538 1737 restitutionis

467 1790 532 1832 Ut
564 1789 828 1844 explicetur,
880 1803 957 1832 cur
987 1788 1127 1832 laesio
1174 1789 1386 1833 iustitiae
1433 1790 1804 1842 commutativae‚
1854 1790 2041 1834 minime
2087 1805 2193 1835 vero

311 1863 449 1908 laesio
483 1864 694 1907 iustitiae
738 1863 1063 1907 distributivae
1111 1863 1438 1918 obligationem
1487 1864 1798 1907 restitutionis
1845 1865 2050 1920 inducat,
2083 1866 2193 1909 haec

309 1942 540 1983 notentur.
583 1939 744 1982 Laesio
777 1939 981 1981 institiae
1013 1939 1353 1982 commntatirae
1385 1939 1536 1982 afficit
1569 1939 1750 1994 bonum,
1774 1939 1892 1994 quod
1923 1939 2015 1982 iam
2039 1939 2192 1995 aliquo

312 2014 444 2056 modo
478 2014 642 2057 saltem
675 2013 902 2068 implicite
934 2013 1013 2056 uni
1048 2014 1121 2057 vel
1155 2013 1350 2069 singulis
1392 2013 1739 2069 appropriatum
1785 2018 1879 2069 est,
1923 2015 2042 2069 quod
2085 2027 2192 2069 ergo

315 2090 375 2132 ad
408 2102 549 2131 unum
583 2089 655 2131 vel
689 2089 746 2148 ad
780 2088 987 2143 singulos
1018 2088 1110 2131 iam
1143 2089 1241 2132 iure
1273 2089 1434 2132 stricto
1465 2089 1529 2143 (in
1570 2101 1617 2132 re
1659 2089 1732 2132 vel
1773 2090 1935 2132 saltem
1984 2090 2042 2132 ad
2080 2089 2193 2141 rem)

311 2163 531 2218 pertinet;
567 2149 706 2206 laesio
740 2168 894 2206 autem
929 2163 1133 2206 iustitiae
1167 2163 1485 2206 distributivae
1517 2163 1669 2206 afficit
1709 2163 1890 2218 bonum,
1923 2164 2042 2218 quod
2064 2164 2191 2207 nullo

312 2238 444 2280 modo
477 2251 533 2280 ne
564 2237 790 2293 implicite
824 2238 1002 2292 quidem
1050 2238 1129 2280 uni
1179 2238 1251 2281 vel
1300 2237 1497 2293 singulis
1544 2239 1891 2293 appropriatum
1939 2242 2024 2294 est,
2071 2239 2192 2294 quod

312 2325 419 2367 ergo
455 2312 616 2355 stricto
648 2312 746 2355 iure
777 2326 867 2355 non
900 2313 958 2355 ad
981 2312 1201 2368 singulos,
1230 2313 1307 2356 sed
1331 2313 1389 2355 ad
1412 2314 1553 2356 solam
1577 2313 1953 2356 communitatem
1975 2312 2192 2367 pertinet,

313 2391 360 2430 et
393 2387 539 2430 solum
574 2387 858 2430 destinatum
893 2391 976 2441 est,
1011 2388 1128 2441 quod
1161 2401 1241 2442 per
1275 2387 1645 2432 distributionem
1692 2387 1888 2443 singulis
1930 2386 2188 2442 approprie-

313 2464 404 2504 tur.
467 2462 595 2505 Idem
631 2462 870 2505 dicendum
905 2467 975 2505 est
994 2462 1048 2505 de
1064 2461 1262 2505 laesione
1279 2462 1489 2505 iustitiae
1505 2462 1668 2517 legalis
1696 2475 1775 2516 per
1794 2448 2188 2505 defraudationem

306 2536 600 2580 tributorum.

460 2628 509 2680 3.
554 2628 654 2678 Per
696 2627 938 2678 accidens
980 2629 1147 2679 etiam
1189 2628 1430 2678 iustitiae
1472 2625 1677 2694 legalis,
1716 2626 2094 2677 vindieativae
2135 2634 2189 2678 et

310 2718 633 2786 praesertim
698 2716 1089 2768 distributivae
1154 2715 1321 2767 laesio
1390 2716 1462 2768 ad
1519 2717 1902 2767 restitutionem
1962 2713 2185 2784 obligat,

310 2805 532 2874 quando
575 2806 788 2857 scilicet
828 2807 1035 2857 iustitia
1073 2807 1471 2857 commutativa
1509 2805 1670 2857 simul
1711 2805 1979 2857 laeditur:
2023 2823 2185 2873 saepe

309 2897 459 2946 enim
502 2895 578 2958 fit,
636 2903 697 2946 ut
736 2897 948 2947 ratione
990 2897 1137 2964 pacti
1193 2895 1281 2946 vel
1323 2895 1570 2964 expliciti
1627 2895 1717 2946 vel
1756 2893 2013 2963 impliciti
2054 2894 2184 2946 obli-

307 2986 558 3054 gationes
599 2984 832 3036 aliarum
862 2986 1103 3036 iustitiae
1137 2986 1440 3054 specierum
1475 2986 1640 3036 etiam
1683 3003 1753 3035 ex
1793 2984 2002 3035 iustitia
2043 3002 2184 3035 com-

310 3074 584 3124 mutativa
614 3076 821 3125 servari
852 3073 1105 3141 debeant,
1137 3093 1435 3143 earumque
1464 3074 1697 3143 proinde
1722 3073 1993 3126 laesiones
2021 3073 2183 3125 simul

308 3162 577 3214 inducant
615 3162 914 3215 laesionem
957 3165 1129 3215 stricti
1172 3166 1322 3217 iuris.

459 3265 499 3297 a.
536 3251 647 3294 Cum
679 3250 864 3295 iustitia
897 3252 1186 3296 distributiva
1220 3253 1356 3295 simul
1398 3252 1601 3296 laeditur
1645 3252 2000 3296 commutativa:
2044 3267 2085 3294 α.
2126 3251 2182 3294 In

307 3325 637 3369 distribuendis
670 3326 812 3380 bonis,
866 3326 902 3370 si
959 3327 1232 3370 distributor
1283 3327 1437 3370 officia
1489 3331 1536 3370 et
1580 3326 1799 3370 beneficia
1845 3340 1935 3369 non
1978 3327 2182 3370 conferat

310 3400 479 3455 dignis,
527 3401 585 3443 ad
634 3401 753 3454 quod
801 3401 1004 3456 superior
1050 3405 1151 3445 tum
1200 3400 1532 3445 ecclesiasticus
1580 3405 1680 3444 tum
1729 3400 1878 3443 civilis
1911 3401 2181 3444 assumendo

306 3476 510 3518 officium
559 3490 605 3520 se
653 3476 842 3532 obligat.
915 3476 1036 3520 Hinc
1078 3477 1115 3520 si
1167 3477 1386 3520 beneficia
1433 3477 1505 3520 vel
1554 3476 1707 3520 officia
1754 3478 1930 3520 confert
1974 3475 2182 3532 indignis
