2269 3898
224 169 280 210 70
752 163 810 205 Π.
844 163 911 204 De
942 160 1117 204 act-ibus
1151 159 1379 201 adfinem
1413 157 1549 212 aptis.

226 303 273 352 ei
325 299 589 363 tribuunt,
647 298 774 365 quia
827 302 1055 345 naturae
1108 290 1365 342 rationali
1408 310 1510 342 nec
1553 292 1947 341 convenientes
1987 308 2090 341 nec

226 388 707 440 disconvenientes
761 390 887 434 sunt
927 390 986 432 ut
1026 380 1434 448 eleemosynam
1490 379 1621 431 dare
1676 398 1843 430 manu
1897 379 2092 430 dextra

226 477 313 527 vel
354 477 586 539 sinistra,
630 473 764 523 feria
805 470 1047 522 secunda
1089 469 1177 520 vel
1218 471 1380 519 tertia
1422 469 1608 522 furari.

371 638 465 690 60.
507 635 833 701 Principia.
894 635 939 684 1.
983 632 1156 683 Actus
1191 631 1467 683 humanus
1497 631 1862 683 moralitatem
1888 632 2095 700 accipit

226 728 388 777 etiam
431 745 461 777 a
504 723 946 785 circumstantiis,
1004 739 1144 790 quae
1199 721 1479 772 obiectum
1520 723 1576 771 in
1620 729 1872 772 concreto
1917 720 2093 771 deter-

227 818 464 867 minant:
509 832 635 864 nam
679 811 1126 862 circumstantiae
1169 809 1387 860 efficere
1426 819 1669 879 possunt,
1713 819 1829 860 tum
1860 817 1919 860 ut
1943 816 2098 860 actus

227 907 296 956 sit
335 904 422 955 vel
464 922 573 955 non
616 903 683 953 sit
723 908 952 951 naturae
993 898 1250 950 rationali
1294 901 1632 951 conveniens
1672 907 1789 950 tum
1826 906 1887 950 ut
1921 899 2097 965 magis

227 993 314 1044 vel
375 994 555 1043 minus
616 991 951 1042 conveniens
1015 990 1099 1042 sit.
1182 987 1271 1040 Sic
1334 996 1707 1057 temperanter
1766 1007 1821 1039 se
1872 988 2097 1039 reficere

227 1091 455 1133 naturae
515 1079 767 1132 rationali
829 1080 1186 1143 convenienS,
1267 1079 1699 1146 intemperanter
1759 1096 1814 1129 se
1873 1078 2098 1129 reficere

227 1180 452 1222 naturae
493 1169 747 1220 rationali
791 1168 1217 1219 disconveniens
1244 1176 1351 1233 est,
1398 1167 1675 1218 ferventer
1703 1166 1887 1217 Deum
1919 1165 2098 1217 colere

228 1268 453 1312 natura-e
494 1258 746 1310 rationali
789 1259 964 1325 magis
1007 1257 1289 1308 conforme
1345 1265 1426 1308 est
1482 1275 1645 1326 quam
1700 1258 1926 1308 remisse
1974 1273 2100 1307 eum

228 1349 435 1409 colere;
497 1349 720 1399 fratrem
763 1346 1015 1398 occidere
1058 1354 1294 1398 naturae
1335 1345 1591 1398 rationali
1633 1347 1809 1414 magis
1849 1345 2102 1397 difforme

228 1447 321 1501 est,
367 1456 531 1508 quam
574 1437 853 1488 hominem
895 1436 1166 1487 occidere.

378 1544 424 1593 2.
484 1540 849 1610 Quadruplici
902 1539 1066 1591 modo
1113 1541 1571 1591 circumstantiae
1613 1539 1975 1591 moralitatem
2016 1539 2106 1589 tri-

230 1632 406 1683 buunt
446 1631 659 1682 actibus
701 1631 988 1681 humanis:
1034 1648 1095 1681 eo
1140 1630 1289 1699 quod

378 1741 425 1773 α..
481 1728 634 1771 actus
690 1738 759 1770 ex
811 1719 1028 1771 obiecto
1085 1719 1412 1769 indifferens
1465 1718 1526 1769 fit
1572 1716 1750 1769 bonus
1793 1718 1881 1770 vel
1929 1717 2104 1769 malus

231 1829 297 1861 ex
339 1811 796 1872 circumstantiis,
854 1811 931 1860 sic
973 1808 1316 1860 manducare
1373 1825 1565 1858 carnes
1607 1807 1695 1858 die
1737 1806 2106 1858 abstinentiae

231 1899 452 1966 malum,
496 1907 798 1968 temperate
841 1917 897 1949 se
939 1898 1167 1949 reficere
1210 1897 1419 1949 bonum
1461 1906 1568 1960 est,
2104 1952 2109 1956 ,

380 1990 424 2040 Ζ).
467 1997 622 2039 actus
663 2007 730 2039 ex
773 1989 987 2040 obiecto
1032 1987 1211 2039 bonus
1254 2005 1324 2038 ex
1364 1987 1780 2037 circumstantia
1817 1986 1874 2036 fit
1902 1985 2106 2047 malus3

234 2078 311 2128 sic
353 2076 558 2127 malum
601 2085 680 2127 est
720 2095 873 2128 orare
915 2084 1108 2128 contra
1149 2083 1509 2145 praeceptum
1551 2076 1878 2144 superiori83

382 2186 419 2217 c.
464 2173 617 2216 actus
659 2185 727 2217 ex
769 2165 983 2217 obiecto
1026 2165 1205 2216 bonus
1248 2164 1336 2216 vel
1387 2164 1564 2216 malus
1605 2183 1636 2215 a
1679 2164 2108 2215 circumstantiis

234 2273 435 2305 novam
477 2254 780 2306 bonitatem
821 2255 911 2307 vel
954 2254 1225 2320 malitiam
1268 2256 1502 2324 accipit,
1546 2255 1623 2305 sic
1667 2255 1760 2323 qui
1803 2272 1872 2305 ex
1915 2261 2042 2304 voto
2077 2271 2109 2303 a

235 2344 493 2395 carnibus
554 2347 792 2397 abstinet
858 2359 1042 2396 actum
1113 2345 1515 2413 temperantiae
1575 2351 1628 2394 et
1688 2342 1988 2410 religionis,
2057 2350 2110 2393 et

236 2435 327 2502 qui
381 2451 494 2484 rem
549 2453 758 2485 sacram
811 2434 1025 2485 furatur
1084 2442 1270 2485 actum
1325 2433 1631 2484 iniustitiae
1690 2439 1743 2483 et
1796 2431 2107 2502 irreligiosi—

236 2523 365 2573 tatis
407 2524 587 2591 ponitg

240 2610 244 2614 ’
383 2611 432 2664 (Ζ.
477 2619 631 2662 actus
673 2631 742 2663 ex
783 2612 998 2663 obiecto
1041 2611 1220 2663 bonus
1263 2610 1350 2662 vel
1396 2610 1573 2662 malus
1614 2630 1645 2661 a
1679 2606 2109 2661 circumstantiis

237 2699 296 2749 fit
337 2701 511 2767 magis
554 2700 641 2751 Vel
684 2703 864 2752 minus
904 2700 1084 2752 bonus
1125 2708 1221 2752 aut
1262 2699 1468 2760 malus3
1527 2701 1606 2751 sic
1663 2701 1706 2750 si
1761 2716 1973 2768 pauper
2015 2699 2110 2750 dat

238 2786 656 2856 eleemosynam,
710 2798 865 2842 actus
906 2789 1319 2841 misericordiae
1362 2790 1536 2840 maior
1577 2797 1675 2854 est,
1733 2797 1787 2841 et
1827 2789 1872 2840 si
1915 2796 2110 2857 peccat

240 2877 506 2942 sacerdos,
552 2878 760 2929 malitia
801 2882 1015 2947 peccati
1047 2881 1252 2939 'ceteris
1295 2877 1521 2948 paribus
1564 2881 1739 2929 maior
1780 2886 1874 2931 est.

386 2964 645 3008 Notandum
691 2971 759 3009 est
801 2967 905 3010 illas
953 2967 1340 3021 circumstantias,
1390 2981 1504 3022 quae
1547 2967 1717 3011 actioni
1751 2981 1805 3011 ex
1839 2966 2012 3010 obiecto
2044 2965 2108 3009 in-

240 3037 470 3081 differenti
515 3038 705 3092 primam
751 3041 941 3095 speciem
993 3043 1209 3085 moralem
1256 3042 1482 3097 tribuunt,
1531 3042 1832 3086 communiter
1865 3042 1924 3086 ad
1954 3042 2107 3096 ipsum

240 3111 463 3154 obiectum
497 3113 653 3155 referri
687 3118 729 3156 et
764 3115 818 3157 ab
852 3115 1024 3159 obiecto
1057 3130 1147 3159 non
1182 3116 1425 3171 distingui,
1467 3117 1577 3160 adeo
1614 3121 1669 3159 ut
1702 3116 1924 3160 obiective
1966 3116 2109 3159 bonus

240 3186 307 3227 vel
344 3186 489 3228 malus
525 3186 702 3230 dicatur
749 3193 890 3244 actus,
934 3190 1006 3244 qui
1051 3204 1105 3233 ex
1149 3191 1323 3234 obiecto
1362 3194 1432 3234 est
1474 3191 1740 3235 indifferens
1783 3197 1830 3235 et-
1862 3191 2004 3234 bonus
2037 3191 2110 3233 vel

241 3260 386 3301 malus
419 3259 716 3303 constituit-ur
749 3275 802 3304 ex
835 3262 987 3317 aliqua
1030 3263 1392 3319 circumstantia,
1441 3265 1505 3308 sic
1542 3266 1816 3310 manducare
1849 3278 2004 3309 carnes
2037 3263 2110 3307 die

242 3332 397 3375 ieiunii
433 3333 520 3376 dici
554 3335 669 3377 solet
701 3339 829 3377 actus
863 3349 915 3378 ex
949 3336 1120 3382 obiecto
1153 3340 1313 3384 malus

390 3408 436 3460 3.
479 3407 901 3461 Circumstantia
939 3414 1171 3479 gyrat-iter
1214 3414 1356 3464 mala
1397 3422 1567 3465 totam
1608 3422 1762 3466 actus
1802 3413 2108 3466 bonitatem

243 3495 435 3562 aufert,
480 3498 894 3550 circumstantia
934 3517 1063 3550 vero
1107 3501 1286 3552 leviter
1327 3501 1470 3553 mala
1511 3504 1886 3554 concomitans
1923 3509 2109 3557 actum
