2269 3898
806 201 872 243 De
905 200 1082 244 actibus
1115 201 1372 244 moralibus.
1966 205 2020 247 81

152 352 248 385 ens
288 333 554 385 rationale
595 350 764 401 agens
806 341 1063 402 operetur
1105 334 1282 401 mod0,
1335 336 1428 404 qui
1485 335 1742 403 dignitati
1798 346 2026 389 naturae

151 423 436 474 rationalis
465 441 574 474 non
605 423 931 484 conveniat3
975 424 1127 492 atqui
1157 426 1417 492 operatiO,
1464 443 1603 494 quae
1632 426 1870 494 positive
1914 445 2023 477 non

151 512 383 562 refertur
422 511 492 562 ad
534 511 700 562 finem
742 511 1050 578 honestum,
1107 531 1215 563 non
1258 522 1338 563 est
1379 513 1601 565 homine
1645 515 1841 584 digna:
1901 516 2025 568 finis

152 602 299 651 enim
327 610 557 651 naturae
586 601 870 652 rationalis
896 603 1151 670 proprius
1196 610 1275 653 est
1314 602 1439 653 finis
1467 605 1702 671 positive
1746 605 2022 658 honestus

155 689 263 754 Qui
323 707 449 757 ergo
509 690 820 741 actionibus
875 691 986 742 suis
1048 691 1398 742 commodum
1456 701 1551 743 aut
1605 692 2025 745 delectationem

153 780 384 848 quaerit⁷
447 780 581 848 quin
639 777 955 830 ulteriorem
1024 779 1190 830 finem
1249 782 1487 849 positive
1547 782 1813 849 intendat⁷
1877 802 2026 835 more

153 869 438 920 brutorum
481 870 595 936 agit
635 887 735 919 nec
776 870 932 938 ponit
973 870 1248 920 actionem
1293 869 1571 921 moraliter
1613 870 1832 926 bonam.

302 959 350 1012 3.
407 957 700 1027 Refutatio.
780 957 992 1010 Verum
1045 977 1224 1028 neque
1280 961 1418 1011 haec
1476 963 1748 1012 sententia
1806 962 2027 1014 videtur

152 1046 512 1099 admittenda.
596 1047 713 1098 Etsi
772 1049 918 1098 enim
976 1048 1100 1099 finis
1161 1056 1388 1099 naturae
1446 1050 1730 1102 rationalis
1772 1053 2026 1121 proprius

154 1136 370 1187 dicatur
415 1139 619 1188 bonum
660 1136 970 1201 honestum⁷
1023 1136 1171 1188 nullo
1215 1146 1399 1189 tamen
1441 1148 1766 1207 argumento
1810 1141 2024 1192 ostendi

154 1234 346 1295 potest,
390 1225 670 1277 hominem
717 1229 890 1278 teneri
933 1226 1086 1278 illum
1128 1227 1295 1278 finem
1340 1246 1555 1297 semper
1596 1238 1647 1280 et
1686 1231 1743 1280 in
1771 1230 2026 1282 omnibus

154 1317 388 1385 positive
430 1316 734 1382 intendere,
778 1324 837 1367 ut
871 1316 1010 1367 bene
1037 1325 1195 1384 agat:
1238 1317 1442 1368 sufficit
1470 1319 1634 1385 enim,
1679 1328 1738 1370 ut
1767 1321 2025 1388 negative

154 1424 279 1456 eum
323 1405 589 1471 intendat,
633 1408 665 1459 i.
711 1425 753 1458 e.
799 1414 859 1456 ut
899 1405 1283 1474 apprehendat
1340 1425 1395 1458 se
1449 1407 1587 1458 nihil
1645 1427 1824 1477 agere,
1881 1409 2026 1478 quod

154 1494 250 1546 fini
291 1497 520 1547 honesto
565 1496 899 1546 contrarium
944 1495 1026 1547 sit.
1095 1495 1328 1564 Insuper
1370 1497 1535 1546 etiam
1578 1496 1714 1547 haec
1756 1498 2027 1548 sententia

154 1585 377 1636 videtur
429 1603 545 1635 esse
603 1593 792 1635 contra
845 1602 1065 1635 sensum
1109 1593 1161 1634 et
1203 1586 1422 1653 praxim
1464 1585 1728 1651 fidelium,
1786 1595 1841 1638 ut
1897 1604 2028 1637 mox

156 1674 540 1726 declarabitur.

305 1823 398 1876 69.
445 1821 718 1874 Sententia
761 1823 933 1874 tertia.
1014 1824 1061 1874 1.
1105 1821 1218 1873 Alii
1260 1823 1483 1873 tandem
1529 1823 1743 1886 docent,
1788 1835 1846 1874 ut
1874 1833 2028 1876 actus

154 1915 222 1964 sit
262 1912 541 1963 moraliter
581 1911 775 1977 bonus,
830 1911 1050 1977 sufficit,
1106 1919 1163 1962 ut
1217 1913 1370 1962 inccta
1412 1915 1760 1982 praescripta
1802 1914 2028 1964 rationis

153 2002 431 2053 ordinatus
474 2003 542 2053 sit
583 2010 630 2051 et
669 2021 771 2070 qua
815 2000 938 2051 talis
991 2001 1422 2071 apprehendatur
1476 2010 1523 2052 et
1574 2010 1875 2071 appetatur,
1927 2005 2026 2053 etsi

154 2091 409 2143 voluntas
450 2109 560 2142 non
605 2090 808 2141 bonum
855 2090 1144 2141 honestum
1187 2108 1282 2141 seu
1324 2092 1595 2141 motivum
1638 2092 1874 2157 virtutis,
1930 2092 2023 2143 sed

155 2181 574 2233 delectationem
628 2179 713 2230 vel
769 2179 1137 2245 commodum⁷
1195 2198 1320 2248 ergo
1376 2179 1542 2230 finem
1598 2179 2025 2246 indifferentem,

152 2270 419 2335 intendat,
463 2271 593 2339 quin
626 2269 692 2320 de
720 2269 975 2320 ulteriore
1005 2269 1111 2320 fine
1142 2271 1358 2338 cogitet.
1428 2269 1507 2320 Eo
1549 2278 1734 2321 autem
1773 2269 2024 2321 homines

151 2360 425 2412 ordinarie
474 2359 718 2428 aliquam
766 2359 1040 2409 actionem
1083 2358 1390 2410 secundum
1432 2360 1701 2410 rationem
1763 2369 2018 2411 exactam

155 2449 479 2515 diiudicant,
523 2447 670 2518 quod
699 2466 818 2498 eam
848 2457 908 2499 ut
946 2467 1053 2499 non
1093 2447 1338 2499 illicitam
1379 2448 1821 2517 apprehendunt.

302 2552 343 2581 (ι.
378 2537 464 2591 Qui
496 2537 619 2580 ludit
651 2538 708 2580 ad
743 2550 788 2580 se
820 2537 1113 2580 recreandum
1147 2541 1191 2580 et
1225 2537 1452 2592 intelligit
1487 2538 1602 2580 hanc
1635 2538 1861 2581 actionem
1887 2538 2023 2581 consi-

155 2613 324 2657 deratis
348 2611 556 2656 omnibus
580 2612 676 2654 eius
699 2611 930 2654 adiunctis
965 2612 1216 2667 (personae,
1250 2611 1351 2665 loci,
1384 2612 1616 2666 temporis,
1643 2612 1899 2655 durationis
1923 2613 2027 2664 etc.)

154 2687 392 2731 convenire
425 2700 524 2729 cum
560 2686 853 2741 praescriptis
885 2686 1078 2730 rat-ionis
1112 2700 1300 2740 eamque
1333 2699 1421 2740 qua
1465 2687 1604 2729 talem
1653 2686 1870 2740 intendit,
1915 2686 2024 2729 bene

153 2762 269 2817 agit.
333 2761 512 2804 Scilicet
546 2761 680 2815 actio,
714 2774 827 2815 quae
859 2774 913 2803 ex
945 2762 1036 2804 fine
1069 2760 1337 2804 indifferens
1372 2765 1455 2813 est,
1490 2773 1543 2803 ex
1577 2760 1749 2804 obiecto
1784 2761 1899 2804 bona
1932 2768 2023 2804 est:

155 2835 528 2880 circumstantiae
550 2835 669 2878 enim
697 2839 742 2878 et
765 2835 989 2878 obiectum
1013 2849 1154 2878 unum
1178 2834 1460 2878 indivisibile
1485 2834 1709 2877 obiectum
1736 2834 2024 2878 constituunt

152 2912 327 2965 (ludum
362 2911 607 2954 secundum
640 2910 863 2953 rationem
897 2912 1141 2965 exactum),
1176 2911 1294 2965 quod
1326 2909 1495 2952 rationi
1519 2912 1589 2952 est
1613 2908 1882 2952 conveniens
1905 2908 2025 2952 ideo—

156 3000 240 3041 que
272 2985 508 3028 moraliter
539 2984 720 3029 bonum.

304 3061 341 3102 b.
374 3059 528 3102 Etiam
559 3060 675 3102 hanc
697 3059 973 3103 sententiam
1008 3059 1208 3102 cuiusvis
1242 3060 1419 3102 scholae
1452 3058 1657 3113 theologi
1695 3062 1870 3112 tenent,
1903 3071 2024 3113 prae-

159 3136 315 3179 sertim
349 3148 454 3178 vero
487 3148 522 3176 3.
562 3134 753 3177 Thomas
786 3134 970 3188 eiusque
1002 3134 1191 3189 genuini
1226 3133 1453 3189 discipuli,
1487 3133 1563 3188 qui
1587 3138 1732 3187 actus,
1766 3146 1874 3186 quos
1898 3132 2025 3187 pleri-

156 3223 241 3264 que
266 3209 482 3252 scotist-ae
505 3208 663 3251 dicunt
686 3208 1017 3263 indifferentes,
1036 3208 1307 3251 existimant
1325 3221 1419 3250 esse
1438 3207 1673 3251 moraliter
1691 3207 1843 3250 bonos.
1878 3206 2026 3249 Hodie

155 3297 260 3327 vero
292 3284 401 3327 haec
433 3283 687 3326 sententiae
717 3283 840 3326 inter
872 3283 1106 3337 theologos
1139 3282 1287 3326 evasit
1318 3283 1412 3325 fere
1446 3280 1755 3336 communisi).

312 3415 345 3473 ¹)
378 3417 444 3460 Cf.
479 3416 962 3460 Ballerinz'-Palml'erz‘
991 3415 1026 3458 Ι.
1059 3431 1103 3459 n.
1139 3416 1386 3460 112—129.
1421 3414 1499 3457 VI.
1532 3429 1575 3457 n.
1610 3414 1708 3457 239.
1768 3414 1955 3457 Ge'nz'cot
1983 3413 2019 3459 Ι.

125 3505 199 3538 -n‚
234 3492 304 3536 39.
368 3491 515 3534 Pescla
562 3490 635 3533 III.
680 3490 780 3533 673.
842 3490 907 3534 Ne
948 3490 1048 3545 quis
1080 3494 1214 3545 putet
1245 3490 1362 3532 hanc
1395 3488 1647 3532 doctrinam
1682 3501 1778 3532 esse
1810 3502 1836 3531 a
1870 3496 2023 3531 mente
2075 3495 2082 3501 '

156 3565 447 3619 antiquorum
472 3565 787 3620 theologorum
809 3564 1020 3619 alienam,
1053 3566 1256 3608 conferat
1281 3565 1389 3607 haec
1412 3563 1701 3607 testimonia:
1738 3563 1912 3618 „Actus
1936 3563 2024 3606 vir-

247 3656 339 3687 Noi
355 3657 463 3696 din,
490 3657 547 3686 De
571 3656 781 3695 principiis.
1822 3638 1848 3680 6
