2301 3962
643 161 710 203 De
741 164 908 204 natura
941 162 1199 217 theologiae
1231 164 1427 207 moralis.
1940 169 1966 211 3

246 292 395 336 Nota.
460 291 622 345 Quaeri
654 296 820 347 potest,
867 297 1022 336 utrum
1057 295 1289 350 theologia
1321 296 1505 340 moralis
1547 298 1727 352 proprie
1775 299 1837 342 sit
1870 300 1965 343 doc-

95 364 220 406 trina
253 365 308 407 de
340 365 594 418 eit-futibns,
637 379 695 408 an
727 366 881 421 potius
915 368 1122 411 doctrina
1155 369 1210 411 de
1243 371 1421 426 officiis.
1474 397 1529 401 —
1576 371 1833 427 Utrumque
1866 387 1965 416 cum

96 439 293 481 veritate
325 439 547 482 affirmari
597 443 779 494 potest:
831 442 1063 496 proprium
1113 442 1232 485 enim
1277 457 1442 487 munus
1489 446 1749 500 theologiae
1782 448 1966 491 moralis

95 515 165 554 est
198 512 424 554 hominem
455 513 525 556 ita
558 513 766 568 dirigere,
799 519 853 557 ut
885 516 1022 558 finem
1057 516 1182 559 vitae
1216 523 1426 562 aeternae
1459 519 1687 573 obtineat3
1736 519 1828 563 iam
1862 535 1966 565 vero

94 584 293 628 1111111110
340 587 476 629 finem
525 587 656 630 homo
692 588 938 642 dupliciter
972 589 1111 645 dirigi
1146 595 1312 646 potest,
1360 593 1433 635 vel
1482 606 1530 636 eo
1580 594 1698 648 quod
1747 608 1802 637 ex
1849 609 1967 639 reve-

93 658 265 702 latione
298 660 548 704 christiana
582 662 866 705 deducantur
915 667 960 706 et
995 664 1284 707 declarentur
1316 665 1527 721 virtutes,
1578 681 1690 721 quae
1738 669 1795 711 ad
1828 670 1966 712 finem

93 733 311 776 ultimum
347 734 641 778 obtinendum
667 736 861 779 exerceri
887 737 1066 792 debent,
1101 739 1172 781 vel
1205 752 1255 781 eo
1289 740 1407 793 quod
1441 741 1718 795 colligantur
1751 746 1796 785 et
1830 743 1966 797 expli-

93 812 252 850 centur
282 821 466 857 normae
513 823 590 851 seu
623 814 878 865 praecepta,
913 825 1025 865 quae
1076 826 1129 855 ex
1161 814 1401 856 voluntate
1434 814 1517 857 Dei
1567 816 1625 857 ad
1672 817 1810 859 finem
1860 817 1963 859 ulti-

93 895 216 923 mum
251 882 547 925 obtinendum
581 884 750 927 servari
788 884 966 928 debent.
1029 886 1151 928 Illud
1186 887 1422 942 praestitit
1457 902 1492 931 S.
1532 889 1723 931 Thomas
1753 890 1802 932 in
1835 896 1965 944 parte

94 956 291 999 secunda
324 958 544 1000 secundae
567 971 768 1001 summae
794 959 1092 1014 theologicae,
1126 961 1208 1003 hoc
1231 961 1385 1003 effecit
1417 976 1452 1005 s.
1479 962 1738 1017 Alplzonsns
1770 964 1818 1005 in
1844 965 1965 1008 theo—

91 1029 216 1084 logia
248 1030 436 1081 morali;
486 1031 603 1074 illud
637 1032 840 1076 theoriae
886 1037 932 1075 et
975 1034 1291 1088 speculationi,
1340 1036 1423 1077 hoc
1455 1036 1585 1090 praxi
1619 1037 1966 1081 confessionalis

93 1107 139 1146 et
170 1104 457 1147 institutioni
490 1106 699 1160 populari
733 1107 882 1161 inagis
916 1108 1140 1151 convenit.
1193 1110 1413 1152 Attamen
1448 1110 1700 1153 doctrinam
1735 1111 1964 1155 Virtutum

93 1178 326 1233 theologia
358 1179 542 1222 moralis
590 1193 679 1221 non
727 1180 984 1224 absolutam
1034 1186 1171 1236 atque
1204 1184 1454 1237 perfectam
1498 1183 1696 1239 exhibet,
1747 1186 1823 1228 sed
1866 1186 1967 1241 ipsa

90 1252 287 1295 virtutes
321 1257 508 1295 eatenus
556 1257 740 1295 tantum
791 1254 934 1309 (locet,
984 1261 1208 1309 quatenus
1253 1261 1520 1312 praeceptae
1568 1262 1673 1301 sunt
1724 1273 1965 1314 earumque

90 1326 357 1369 exercitium
390 1328 448 1370 ad
482 1327 772 1370 obtinendam
808 1329 955 1371 vitam
990 1333 1223 1372 aeternam
1257 1331 1328 1372 vel
1362 1332 1418 1373 ad
1453 1337 1686 1385 peccatum
1721 1333 1962 1376 vitandum

89 1400 391 1443 necessarium
425 1406 506 1443 est.
563 1402 782 1444 Doctrina
814 1402 1043 1445 virtutum
1078 1403 1286 1446 omnibus
1319 1405 1518 1447 numeris
1566 1418 1709 1458 usque
1757 1407 1815 1448 ad
1851 1420 1965 1449 sum-

90 1489 209 1517 mam
245 1475 565 1530 perfectionem
601 1476 810 1518 absoluta
843 1477 900 1518 ad
934 1477 1186 1520 Aseetieam
1221 1482 1410 1531 spectat.

238 1608 291 1661 3.
359 1622 635 1675 Theologia
670 1624 922 1677 practica.
972 1624 1247 1682 Theologia
1282 1626 1483 1672 moralis
1519 1632 1594 1672 est
1625 1628 1815 1671 seientia
1848 1630 1968 1672 theo-

89 1697 231 1752 logica
267 1701 317 1742 et
349 1697 542 1754 quidem
571 1698 793 1752 practica.

240 1799 280 1828 a.
333 1785 413 1831 De
445 1786 640 1831 ratione
686 1787 903 1830 scientiae
947 1788 1138 1830 moralis
1183 1793 1271 1833 est.
1321 1793 1375 1833 ut
1407 1789 1654 1836 veritates
1701 1793 1763 1836 ad
1807 1807 1966 1839 mores

91 1865 378 1917 spectantes
427 1874 521 1905 non
561 1865 805 1919 utcunque
853 1861 940 1907 sed
983 1862 1055 1907 ita
1098 1867 1332 1920 exponat,
1382 1868 1437 1908 ut
1478 1877 1537 1909 ex
1579 1865 1838 1922 principiis
1881 1881 1968 1913 seu

90 1932 310 1979 fontibus
347 1948 430 1979 eas
466 1934 785 1992 demonstret,
821 1950 1011 1992 nexum,
1047 1950 1137 1994 quo
1172 1937 1383 1983 invicem
1409 1938 1693 1995 cohaerent,
1721 1942 1967 1999 ostendat,

93 2009 303 2054 alteram
339 2023 398 2054 ex
433 2010 595 2055 altera
632 2010 890 2056 confirmet
925 2016 1072 2068 atque
1120 2025 1179 2056 ex
1214 2011 1282 2056 eis
1318 2012 1664 2058 ratiocinando
1699 2028 1852 2060 novas
1886 2031 1967 2062 ve-

89 2084 270 2128 ritates
306 2083 533 2131 deducat,
579 2084 628 2129 id
671 2085 797 2142 quod
830 2085 1082 2142 theologia
1117 2085 1332 2142 moralis,
1385 2100 1508 2143 quae
1542 2087 1633 2132 hoc
1666 2089 1861 2135 nomine
1895 2091 1965 2136 in-

90 2157 266 2215 signiri
300 2164 564 2214 mereatur,
597 2166 861 2216 praestare
898 2159 1060 2205 debet.

242 2239 278 2281 b.
313 2238 384 2284 Ut
417 2239 628 2285 scientia
663 2240 838 2285 stricto
874 2254 1019 2286 sensu
1052 2241 1299 2297 theoloyica
1335 2242 1433 2288 dici
1465 2244 1633 2301 possit,
1679 2259 1774 2290 non
1814 2247 1967 2292 solum

90 2312 151 2358 de
183 2312 294 2358 Deo
329 2319 459 2370 agat,
495 2313 581 2359 sed
616 2314 767 2359 etiam
805 2328 865 2359 ex
899 2314 1068 2361 divina
1102 2316 1411 2362 revelatione
1438 2318 1637 2375 cognita
1662 2319 1729 2364 sit
1752 2325 1966 2378 oportet3

89 2387 227 2444 atqui
270 2387 523 2444 theologia
567 2388 770 2433 moralis
817 2388 875 2433 de
920 2388 1030 2434 Deo
1082 2389 1188 2446 agit
1230 2396 1376 2448 prout
1410 2396 1486 2437 est
1518 2391 1630 2437 finis
1664 2393 1868 2439 ultimus
1904 2396 1966 2440 ab

89 2461 282 2506 homine
329 2461 663 2519 assequendus
714 2467 764 2507 et
806 2468 952 2520 prout
996 2464 1258 2520 legislator
1293 2471 1343 2510 et
1376 2466 1646 2512 mediorum
1686 2468 1862 2516 salutis
1898 2469 1967 2513 in-

90 2535 294 2580 stitutor
329 2540 417 2587 est,
452 2535 503 2580 id
536 2536 656 2593 quod
692 2537 962 2595 praecipue
999 2552 1058 2584 ex
1090 2539 1400 2585 revelatione
1437 2540 1605 2587 divina
1640 2542 1965 2599 cognoscitur.

242 2632 275 2663 c.
326 2616 549 2664 Scientia
583 2619 792 2673 practica
839 2633 899 2665 ea
944 2620 1143 2674 dicitur,
1192 2634 1317 2677 quae
1368 2635 1462 2667 non
1505 2636 1693 2668 meram
1734 2625 1968 2670 veritatis

89 2692 420 2750 cognitionem
446 2693 533 2738 sed
556 2693 719 2751 potius
745 2694 1082 2752 operationem
1108 2695 1347 2751 intendit3
1375 2696 1462 2741 sed
1486 2696 1737 2755 theologia
1764 2698 1967 2744 moralis

90 2771 197 2811 tota
232 2771 309 2812 est
352 2766 402 2811 in
437 2767 709 2824 dirigendis
752 2769 978 2814 humanis
1025 2769 1315 2825 actionibus,
1368 2783 1471 2815 cum
1519 2771 1628 2828 ipsa
1672 2785 1731 2817 ex
1766 2786 1966 2818 munere

92 2854 176 2885 suo
211 2840 404 2895 doceat,
437 2854 561 2897 quae
584 2848 858 2900 praecepta
893 2844 1143 2890 servanda
1168 2857 1389 2901 quaeque
1413 2844 1629 2890 virtutes
1655 2846 1967 2892 exercendae

91 2914 192 2959 sint
226 2915 289 2959 ad
324 2914 640 2961 obtinendum
674 2916 818 2962 finem
853 2918 989 2963 vitae
1025 2924 1279 2964 aeternae.

239 3050 292 3102 4.
354 3063 558 3107 Relatio
591 3064 880 3118 theologiae
914 3065 1125 3109 moralis
1169 3067 1231 3109 ad
1276 3067 1516 3112 scientias
1560 3067 1757 3112 affines.
1822 3082 1864 3112 α.
1898 3069 1974 3112 Ad

92 3136 299 3181 ethicam.
363 3136 548 3183 Ethica
582 3138 630 3183 in
665 3139 834 3184 multis
886 3154 992 3185 cum
1033 3141 1288 3199 theologia
1330 3143 1508 3188 morali
1555 3142 1810 3188 convenit:
1863 3156 1970 3188 cum

93 3210 221 3255 enim
255 3209 366 3255 fiuis
391 3213 788 3268 supernaturalis
812 3212 957 3258 finem
984 3215 1268 3260 naturalem
1300 3229 1396 3260 non
1431 3216 1663 3262 excludat
1697 3216 1785 3262 sed
1808 3217 1969 3274 potius

92 3290 335 3342 supponat
369 3289 418 3329 et
451 3286 718 3340 contineat7
754 3286 880 3344 quod
912 3301 1033 3345 prae
1068 3287 1164 3333 fine
1198 3289 1419 3335 naturali
1453 3291 1633 3336 malum
1668 3295 1758 3344 est,
1802 3304 1971 3336 neces-

95 3358 228 3403 sario
262 3358 414 3403 etiam
448 3373 568 3417 prae
602 3359 699 3405 fine
734 3362 1108 3418 supernaturali
1141 3363 1322 3408 malum
1353 3363 1464 3420 erit,
1499 3364 1722 3421 quamvis
1745 3364 1809 3421 id,
1845 3365 1971 3422 quod

92 3445 215 3490 prae
264 3431 359 3477 fine
400 3433 623 3478 naturali
669 3435 848 3479 bonum
893 3441 983 3492 est,
1033 3436 1243 3482 nondum
1292 3451 1414 3495 prae
1459 3437 1554 3483 fine
1590 3438 1966 3496 supernaturali

94 3506 270 3551 bonum
305 3520 413 3551 esse
447 3507 617 3563 possit,
652 3508 747 3553 nisi
782 3508 845 3553 ad
879 3509 1101 3555 ordinem
1136 3511 1568 3569 supernaturalem
1607 3512 1848 3558 elevetur.

1733 3585 1787 3628 1*
