2269 3898
227 73 313 115 174
963 69 1043 112 III.
1077 70 1144 112 De
1175 68 1368 124 legibus.

374 207 501 262 152.
561 206 854 274 Principia.
927 205 972 256 1.
1032 202 1276 255 Licitum
1320 211 1402 254 est
1450 203 1558 272 legi
1601 204 1766 255 etiam
1812 203 2018 255 directe
2059 211 2112 256 et

226 299 478 367 proxime
519 313 797 365 apponere
839 313 1030 345 causas
1072 295 1383 346 eximentes:
1422 294 1515 346 lex
1556 295 1705 345 enim
1743 292 1955 362 obligat
1995 295 2110 363 qui-

227 387 352 438 dem
379 386 449 437 ad
478 387 562 437 sui
592 384 1055 451 observationem7
1086 384 1356 454 quamdiu
1385 385 1632 436 eiusdem
1665 382 1874 435 subditi
1902 401 2110 449 sumUS,

225 488 280 527 at
321 494 430 527 non
473 474 696 542 obligat⁷
740 482 800 525 ut
839 473 976 542 legis
1020 472 1229 525 subditi
1271 491 1612 526 maneamus,

376 579 480 623 Ideo
515 579 710 634 quilibet
742 578 791 622 in
834 591 936 622 eum
978 582 1154 622 statum
1187 578 1260 621 vel
1302 578 1449 621 locum
1491 590 1538 621 se
1579 579 1829 621 transferre
1862 580 2030 632 potest,
2061 577 2110 620 in

225 670 311 711 quo
345 656 418 699 lex
450 669 541 698 non
571 654 762 710 obligat,
796 658 983 708 excepto
1019 652 1190 708 duplici
1228 666 1351 704 casu,
1385 666 1470 706 quo
1504 652 1552 695 id
1585 665 1794 707 expresse
1826 651 2109 707 prohibitum

224 735 310 786 est,
333 731 481 786 quoad
511 729 865 774 reservationem
900 732 944 772 et
979 728 1126 783 quoad
1158 728 1306 782 legem
1332 727 1385 770 de
1409 726 1787 770 clandestinitate
1809 725 2108 769 matrimonii.

225 807 385 850 Potest
429 819 536 861 ergo
577 804 887 859 unusquisque
920 803 1047 847 licite
1081 816 1103 846 e
1135 803 1246 857 loco,
1279 802 1356 845 ubi
1391 806 1461 845 est
1493 802 1732 856 ieiunium,
1765 801 1831 845 ire
1863 801 1912 844 in
1944 802 2109 855 locum,

224 879 302 924 ubi
333 880 555 924 ieiunium
588 894 679 923 non
713 884 796 935 est,
829 893 885 923 ne
919 878 1081 922 debeat
1113 878 1329 921 ieiunare.

376 980 423 1032 2.
464 978 589 1030 Non
624 979 754 1030 licet
781 977 889 1046 legi
920 978 1114 1028 directe
1143 993 1424 1044 apponere
1452 992 1675 1026 causam
1706 975 1824 1025 sive
1855 974 2109 1043 proxime

225 1070 342 1120 sive
396 1077 603 1120 remote
656 1068 1058 1138 impedientem:
1124 1067 1217 1135 qui
1276 1066 1424 1116 enim
1472 1064 1582 1132 legi
1631 1063 1838 1114 directe
1880 1063 2112 1132 apponit

225 1178 449 1211 causam
492 1159 907 1228 impedientem,
949 1155 1127 1226 legem
1171 1153 1433 1224 explicite
1475 1153 1684 1205 violare
1726 1152 1992 1219 intendit3
2037 1160 2112 1203 at·

223 1252 318 1320 qui
360 1268 646 1319 nunquam
687 1248 841 1300 licita
883 1255 963 1298 est
1006 1264 1266 1315 expressa
1309 1243 1567 1296 voluntas
1619 1243 1799 1312 legem
1840 1241 2110 1307 violandi,

224 1339 493 1409 quamdiu
536 1340 658 1409 quis
701 1336 956 1389 subditus
999 1343 1082 1388 est
1121 1335 1247 1403 legi.

373 1453 421 1505 3.
468 1450 698 1520 Semper
737 1449 952 1501 licitum
996 1456 1078 1500 est
1116 1447 1225 1517 legi
1266 1446 1523 1498 indirecte
1565 1464 1846 1516 apponere
1885 1463 2110 1497 causam

222 1551 414 1593 remote
454 1541 839 1611 impedientem,
884 1539 1014 1608 quia
1053 1537 1336 1607 legislator
1386 1554 1497 1588 non
1539 1544 1795 1588 censetur
1834 1535 1993 1599 velle,
2053 1544 2112 1586 ut

223 1632 433 1683 subditi
474 1633 584 1682 iam
627 1629 797 1681 multo
840 1638 967 1680 ante
1008 1628 1405 1698 obligationem
1447 1626 1584 1695 legis
1620 1634 1917 1678 teneantur
1959 1644 2110 1695 prae-

223 1721 414 1772 videre
455 1730 508 1772 et
549 1722 799 1772 omittere
842 1737 1003 1771 omne
1046 1719 1120 1785 id,
1164 1719 1311 1788 quod
1355 1717 1802 1769 observationem
1844 1716 1981 1785 legis
2014 1718 2109 1767 im·

223 1811 438 1882 pediat:
483 1818 623 1862 esset
652 1811 798 1861 enim
834 1808 1252 1861 incommodum
1296 1809 1460 1859 nimis
1501 1826 1704 1877 grave3
1749 1826 1918 1877 quare
1959 1805 2111 1858 nulla

222 1901 520 1971 peculiaris
571 1902 710 1952 ratio
766 1900 1093 1969 requiritur7
1163 1906 1222 1950 ut
1279 1899 1401 1969 quis
1460 1901 1562 1950 iter
1603 1899 1883 1968 suscipere
1937 1898 2110 1966 possit

224 2011 267 2045 e.
312 2009 361 2059 g.
405 1991 541 2043 feria
585 1991 778 2060 quinta
819 1989 908 2041 vel
950 1997 1124 2052 sexta,
1169 1989 1269 2039 etsi
1312 1989 1657 2058 praevideat,
1703 2006 1759 2040 se
1802 2006 1911 2039 non
1948 2005 2108 2057 posse

221 2082 473 2151 sequenti
515 2080 794 2131 dominica
835 2081 1059 2131 missam
1102 2079 1310 2131 audire.

373 2188 423 2238 4.
468 2185 596 2238 Sine
639 2187 782 2236 iusta
825 2203 991 2236 causa
1033 2203 1144 2235 non
1186 2184 1315 2235 licet
1355 2183 1465 2252 legi
1519 2183 1775 2235 indirecte
1828 2202 2108 2254 apponere

223 2295 448 2329 causam
479 2277 728 2347 proecime
768 2275 1168 2346 impedientem:
1211 2276 1305 2344 qui
1349 2276 1496 2326 enim
1538 2282 1757 2325 tenetur
1797 2274 1869 2326 ad
1909 2273 2105 2342 legem,

221 2377 440 2418 tenetur
494 2368 659 2418 etiam
716 2385 914 2417 cavere
967 2365 1368 2435 impedimenta
1420 2365 1673 2434 proxime
1726 2365 2104 2434 impedientia.

222 2457 313 2509 Ex
367 2477 530 2509 causa
571 2458 986 2527 proportionate
1038 2457 1192 2527 gravi
1243 2463 1428 2506 autem
1485 2454 1614 2506 licet
1669 2454 1778 2523 legi
1835 2454 2106 2507 indirecte

223 2565 503 2616 apponere
531 2565 754 2598 causam
777 2548 1025 2617 proscime
1059 2546 1458 2615 impedientem:
1501 2546 1594 2615 qui
1637 2547 1784 2596 enim
1821 2545 1928 2597 hoc
1956 2546 2105 2613 facit,

222 2637 400 2706 legem
456 2655 565 2688 non
620 2635 809 2700 violat,
872 2636 967 2688 sed
1024 2637 1141 2686 eius
1195 2635 1556 2688 violationem
1611 2636 1909 2704 permittit3
1953 2638 2106 2706 atqui

223 2727 281 2778 id
326 2745 395 2778 ex
436 2728 580 2778 iusta
622 2745 790 2778 causa
843 2726 1056 2777 licitum
1101 2734 1197 2780 est.
1279 2726 1531 2779 Dicitur:
1576 2745 1640 2777 eae
1680 2745 1844 2777 causa
1875 2745 2105 2796 propor-

224 2817 423 2867 tionate
463 2818 629 2886 gravi,
673 2818 889 2886 itaque:

375 2935 414 2963 α.
451 2921 546 2974 Quo
580 2921 765 2976 gravior
797 2925 867 2965 est
899 2923 973 2965 lex
1006 2925 1051 2964 et
1085 2934 1170 2975 quo
1194 2921 1338 2963 rarior
1361 2920 1456 2962 eius
1480 2919 1704 2975 obligatio
1726 2919 1862 2974 redit,
1895 2933 1944 2963 eo
1969 2920 2105 2964 citius

221 2995 387 3051 incipit
411 2994 632 3051 obligatio
655 2998 862 3039 futuram
885 2996 1003 3052 legis
1027 2995 1388 3039 observationem
1412 3009 1501 3038 non
1524 2993 1744 3037 reddendi
1761 2994 2103 3050 impossibilem.

223 3071 295 3114 Sic
328 3075 479 3127 potest
515 3071 615 3126 quis
649 3072 837 3116 sabbato
866 3085 1013 3127 mane,
1046 3085 1136 3115 non
1159 3075 1312 3115 autem
1338 3070 1526 3114 sabbato
1550 3082 1749 3125 vespere,
1782 3071 1930 3114 multo
1952 3071 2104 3114 minus

223 3160 399 3189 summo
432 3160 565 3190 mane
599 3146 689 3190 diei
721 3148 830 3190 festi
864 3146 1158 3191 recreationis
1201 3159 1337 3189 causa
1379 3146 1468 3189 iter
1510 3145 1736 3200 suscipere
1778 3145 1852 3189 vel
1883 3150 2102 3190 venatum

222 3222 360 3276 exire,
395 3221 432 3265 si
466 3221 731 3277 praevideat
766 3236 811 3266 se
843 3237 933 3266 non
967 3235 1097 3277 posse
1129 3221 1289 3265 audire
1321 3235 1511 3264 sacrum.

374 3310 410 3352 b.
447 3310 541 3364 Quo
574 3311 760 3366 gravior
793 3319 863 3354 est
893 3312 968 3355 lex
1000 3316 1047 3355 et
1080 3326 1166 3366 quo
1199 3311 1499 3366 propinquius
1544 3326 1595 3356 ea
1634 3316 1785 3368 urget,
1826 3325 1876 3355 eo
1919 3311 2105 3367 gravior

223 3385 356 3428 debet
391 3399 485 3429 esse
511 3400 662 3441 causa,
678 3447 681 3449 Ι
696 3386 750 3429 ob
773 3400 908 3441 quam
931 3386 1312 3442 impedimentum
1338 3387 1645 3431 observationi
1668 3387 1764 3431 eius
1785 3386 1913 3430 licite
1934 3385 2103 3442 apponi

223 3459 381 3514 possit.
447 3460 516 3503 Sic
550 3474 639 3504 non
672 3460 780 3504 licet
812 3461 910 3516 ipso
945 3461 1017 3505 die
1049 3460 1210 3504 ieiunii
1233 3461 1527 3505 recreationis
1551 3475 1687 3506 causa
1708 3461 1866 3505 venari
1889 3466 1934 3505 et
1957 3461 2021 3505 sic
2044 3462 2102 3505 ad
