2269 3898
626 173 694 215 De
725 170 1022 214 celebratione
1053 169 1347 212 matrimonii.
1842 171 1925 212 169

210 321 250 348 α.
285 305 564 349 Assistentia
597 305 739 347 actim
774 303 977 346 continet-
1022 307 1193 345 vestem
1228 316 1414 356 sacram,
1460 305 1790 358 copulationem
1825 317 1924 347 cum

61 382 155 425 suis
188 380 483 434 orationibus,
528 379 711 422 missam
747 391 846 420 cum
881 377 1207 430 benedictione,
1250 377 1396 419 locum
1439 391 1639 423 sacrum:
1685 392 1783 421 cum
1819 390 1924 432 ergo

57 457 190 511 plura
221 454 466 508 contineat,
514 453 662 508 magis
710 457 754 495 et
803 451 952 494 minus
1002 451 1134 505 plena
1183 455 1319 504 atque
1370 453 1570 505 perfecta
1618 465 1711 495 esse
1760 455 1926 506 potest.

54 529 275 584 Quamvis
319 528 376 571 ad
422 527 732 570 assistentiam
774 539 894 569 inere
927 525 1161 581 passivam
1206 524 1252 566 id
1297 525 1439 567 solum
1484 526 1725 580 pertineat,
1769 530 1820 568 ut
1855 539 1926 579 pa-

58 604 218 647 rochus
267 615 530 645 consensum
565 601 725 643 audiat.
770 613 847 643 seu
880 598 1092 653 excipiat,
1142 598 1407 641 assistentia
1439 604 1593 642 tamen
1636 600 1835 642 nondum
1872 600 1926 641 fit

56 677 210 721 activa
242 690 305 731 ec,
340 676 458 730 quod
490 675 586 730 ipse
608 681 761 729 partes
796 675 850 717 de
884 686 1102 716 consensu
1123 672 1375 727 interroget
1400 686 1589 727 eumque
1622 673 1819 728 excipiat
1853 673 1923 716 vel

59 752 197 795 etiam
231 749 525 793 monitionem
563 749 617 792 de
648 749 828 791 vinculo
863 746 1192 790 matrimoniali
1226 747 1378 789 addat.

207 856 243 897 b.
279 855 324 897 Si
358 853 699 897 matrimonium
726 859 855 896 extra
882 852 1114 895 ecclesiam
1148 851 1503 893 contrahendum
1539 857 1622 903 est,
1656 850 1761 893 iniri
1795 850 1924 894 debet

57 931 102 973 in
136 930 228 972 loco
261 929 449 980 decenti,
488 932 542 970 ut
575 935 643 970 est
677 926 885 970 sacristia
916 925 1011 979 (alii
1046 924 1299 968 sacristiam
1335 930 1566 979 tamquam
1603 925 1660 967 ad
1694 924 1924 967 ecclesiam

58 1004 362 1059 pertinentem
396 1002 699 1054 considerant)
731 1000 977 1044 oratorium
1012 1000 1260 1054 privatum,
1295 1000 1452 1042 domus
1486 999 1770 1054 parochialis.

210 1125 257 1174 1.
302 1122 358 1173 Si
403 1123 785 1191 nupturientes
829 1130 955 1172 sunt
995 1122 1052 1171 in
1082 1121 1467 1189 stczz‘upeccccz‘i⁷
1511 1120 1784 1189 parochus
1813 1120 1929 1170 sine

56 1215 202 1264 iusta
252 1231 418 1264 causa
467 1212 720 1262 assistere
775 1211 982 1279 nequit,
1040 1217 1156 1260 tum
1214 1210 1344 1278 quia
1397 1227 1584 1260 eorum
1643 1207 1929 1276 sacrilegio

57 1310 400 1371 cooperatur,
444 1310 560 1351 tum
603 1302 732 1370 quia
774 1319 844 1351 ex
885 1299 1066 1351 officio
1112 1298 1343 1350 salutem
1387 1316 1607 1349 suorum
1651 1297 1931 1367 parochia·

60 1409 254 1443 norum
297 1408 592 1460 procurare
635 1407 934 1457 eorumque
975 1396 1205 1458 peccata
1246 1387 1516 1457 impedire
1558 1386 1735 1439 debet.

208 1509 433 1553 Assistere
473 1513 625 1564 potest
674 1516 719 1552 et
754 1508 900 1562 (lebet,
950 1514 1048 1551 tum
1099 1507 1135 1550 si
1182 1508 1323 1550 solum
1376 1521 1430 1550 ex
1479 1507 1755 1550 confessione
1802 1506 1931 1550 novit

61 1598 247 1640 sponsos
283 1597 377 1627 esse
410 1584 457 1626 in
491 1587 619 1626 statu
653 1583 840 1638 peccati,
873 1588 972 1625 tum
1008 1582 1043 1625 si
1081 1583 1225 1625 solum
1259 1581 1313 1625 ob
1346 1582 1571 1625 occultum
1596 1586 1829 1636 peccatum
1863 1581 1934 1624 vel

60 1660 285 1703 occultam
310 1672 542 1702 censuram
576 1658 757 1712 indigni
793 1663 922 1700 sunt:
959 1657 1172 1712 primum,
1204 1669 1259 1699 ne
1292 1657 1446 1699 laedat
1470 1656 1690 1711 sigillum,
1724 1656 1933 1709 alterum,

58 1748 115 1777 ne
147 1734 300 1777 laedat
334 1746 485 1776 eorum
518 1734 703 1775 famam.

210 1855 260 1905 2.
314 1851 371 1904 Si
425 1853 804 1922 nupturientes
855 1859 981 1902 sunt
1017 1851 1222 1920 publici
1254 1859 1560 1920 peccatores
1601 1849 1689 1900 vel
1729 1849 1932 1900 notorie

63 1944 511 2005 eoecommunicati,
567 1959 663 2010 per
715 1960 769 1992 se
819 1959 930 1992 non
985 1951 1066 1992 est
1114 1939 1431 1992 exhibenda
1473 1940 1578 1990 nisi
1619 1939 1933 1990 assistentia

62 2034 311 2103 passiva3
367 2040 609 2083 attamen
666 2030 737 2082 ad
791 2030 1041 2081 cavenda
1094 2031 1303 2081 maiora
1359 2028 1504 2080 mala
1561 2027 1827 2079 ordinarii
1876 2028 1933 2078 in

63 2119 282 2172 casibus
323 2119 751 2189 particularibus
793 2119 850 2171 id
893 2128 1130 2171 statuere
1173 2127 1417 2188 possunt,
1462 2118 1608 2187 quod
1638 2118 1815 2186 magis
1845 2135 1932 2168 ex-

61 2209 250 2280 pedire
300 2209 737 2277 iudicaverintl).
819 2210 1056 2261 Possunt
1105 2227 1232 2277 ergo
1276 2209 1516 2260 activam
1561 2207 1930 2258 assistentiam

62 2301 377 2369 permittere
438 2299 659 2351 excluso
719 2308 903 2351 tamen
967 2301 1163 2350 missae
1232 2297 1501 2349 sacrificio
1567 2307 1619 2348 et
1683 2295 1934 2348 sollemni

62 2388 467 2454 benedictione,
525 2391 693 2441 immo
736 2391 778 2441 si
822 2388 1087 2441 adiuncta
1129 2388 1186 2440 id
1228 2390 1471 2457 exigant,
1527 2387 1692 2437 etiam
1735 2386 1934 2437 missae

60 2478 359 2530 celebratio
403 2488 453 2531 et
495 2479 772 2531 sollemnis
813 2478 1129 2531 benedictio
1173 2477 1402 2529 concedi
1444 2475 1690 2546 potest2).

213 2598 258 2641 Si
291 2599 661 2654 nupturientium
685 2613 775 2642 una
808 2612 911 2653 pars
946 2604 1015 2641 est
1048 2597 1286 2651 catholica,
1320 2597 1465 2640 altera
1497 2596 1587 2638 fide
1620 2594 1797 2637 abiecta
1819 2592 1934 2635 nulli

62 2676 213 2716 sectae
260 2672 499 2728 religiosae
547 2673 778 2728 adhaeret,
825 2686 895 2716 res
930 2672 1172 2715 deferenda
1221 2677 1289 2714 est
1333 2671 1391 2714 ad
1440 2670 1713 2725 episcopum,
1764 2667 1840 2723 qui
1873 2667 1936 2709 in-

66 2747 234 2802 spectis
258 2747 464 2790 omnibus
498 2761 626 2790 casus
651 2747 881 2791 adiunctis
905 2747 1169 2802 permittere
1200 2746 1387 2801 poterit,
1419 2750 1472 2788 ut
1505 2744 1724 2800 parochus
1758 2741 1937 2798 passive

65 2821 357 2865 matrimonio
389 2821 591 2877 intersit,
626 2822 882 2865 dummodo·
913 2826 1096 2865 cautum
1145 2820 1205 2864 sit
1255 2820 1503 2863 catholicae
1551 2817 1808 2862 educationi
1841 2815 1936 2859 uni-

61 2908 219 2939 versae
258 2895 448 2951 proliss‘).

219 3074 347 3127 159.
401 3075 559 3125 Ritus
601 3072 1011 3124 matrimonialis
1053 3073 1159 3124 duo
1203 3071 1614 3141 complectitur:
1666 3091 1712 3122 a.
1767 3087 1936 3138 copu-

61 3163 356 3227 lationem3
401 3161 444 3214 b.
489 3161 935 3214 benedictionem
977 3160 1299 3231 nuptialem.

220 3388 250 3440 ¹)
282 3386 328 3431 S.
367 3386 573 3442 Officium
607 3387 664 3428 ad
699 3386 928 3441 episcopos
961 3385 1182 3428 Brasiliae
1216 3386 1254 3427 ἶ).
1289 3384 1368 3427 iul.
1406 3384 1533 3426 1878.

217 3459 250 3515 ²)
285 3459 331 3503 S.
371 3460 578 3516 Officium
611 3460 681 3503 25.
716 3459 824 3503 maii
860 3460 988 3502 1897.

219 3532 249 3587 ³)
282 3534 329 3578 S.
368 3534 573 3591 Officium
608 3534 678 3577 25.
712 3534 821 3577 maii
859 3535 982 3577 1897.
