2269 3898
208 82 214 88 ’
267 97 356 141 214
953 97 1031 139 IV.
1064 97 1132 140 De
1163 96 1452 140 conscientia,

270 230 548 301 prohibita
603 238 729 282 sunt
782 247 948 300 opera
1000 229 1252 296 servilia3
1295 236 1348 281 et
1389 230 1659 283 certitudo
1690 233 1955 300 practica,
1999 251 2142 301 quae

266 327 518 371 versatur
559 320 706 370 circa
745 317 1044 369 liceitatem
1098 319 1331 370 actionis
1386 319 1483 371 hic
1532 327 1584 370 et
1638 338 1786 371 nunc
1827 321 2143 389 ponendae,

267 427 311 461 e.
352 426 402 475 g.
446 407 627 473 hodie,
671 408 769 458 etsi
814 408 884 458 sit
926 407 1044 458 dies
1084 407 1272 473 festus,
1317 409 1544 477 pingere
1587 408 1723 459 mihi
1764 408 1908 460 licet.

416 539 455 572 c.
498 518 733 569 Ratione
774 518 933 584 modi,
977 536 1083 588 quo
1114 520 1435 588 acquiritur,
1479 519 1839 589 distinguitur
1869 520 2141 572 certitudo

267 608 476 659 directa
529 617 582 659 et
634 607 905 658 indirecta
961 626 1056 659 seu
1109 607 1334 662 reflexa.
1415 609 1638 660 Dio-ecta
1706 609 1941 673 dicitur,
2000 628 2144 679 quae

267 697 439 747 oritur
479 715 547 747 ex
590 697 879 765 principiis
920 697 1150 747 internis
1190 698 1435 758 rationis,
1480 716 1621 767 quae
1661 699 1841 767 ipsam
1881 700 1959 749 rei
1999 699 2139 749 veri-

266 792 438 837 tatem
492 794 544 837 et
595 787 830 837 actionis
883 784 1226 837 honestatem
1286 786 1692 853 demonstrant3
1757 788 2022 839 indirecta
2077 805 2142 838 ea

198 927 202 937 ‚
267 874 485 942 dicitur,
529 894 669 945 quae
711 876 882 926 oritur
923 893 991 926 ex
1032 876 1323 943 principiis
1364 878 1606 927 externis
1659 876 1943 946 (reflexis),
2001 895 2140 947 quae

266 982 378 1015 non
434 965 611 1033 ipsam
668 967 746 1017 rei
788 967 1078 1016 veritatem
1134 973 1186 1016 et
1226 967 1461 1017 actionis
1517 965 1863 1017 honestatem
1920 966 2142 1017 demon-

196 1052 199 1108 ξ
266 1061 456 1120 strant,
502 1073 570 1105 ex
613 1054 815 1123 quibus
857 1062 1043 1106 tamen
1082 1055 1162 1105 rei
1203 1053 1462 1106 honestas
1506 1063 1652 1106 certo
1697 1054 1988 1123 colligitur.

416 1158 637 1212 Exemplo
671 1158 732 1201 sit
766 1157 920 1213 iudex,
954 1158 1030 1212 qui
1064 1171 1190 1201 reum
1237 1159 1552 1214 condemnare,
1594 1159 1882 1202 innocentem
1924 1173 2028 1203 vero
2071 1160 2143 1203 ab·

268 1232 440 1276 solvere
485 1232 633 1276 debet.
697 1233 794 1276 Iam
831 1232 868 1276 si
903 1246 957 1276 ex
1016 1232 1133 1275 actis
1175 1232 1471 1276 iudicialibus
1512 1239 1751 1277 accusatus
1806 1233 2150 1276 demonstratur

268 1320 384 1361 reUS,
429 1306 567 1350 iudex
610 1306 748 1350 habet
781 1307 1105 1350 certitudinem
1143 1306 1362 1350 directam
1397 1307 1626 1351 commissi
1660 1307 1864 1350 criminis
1896 1313 1943 1351 et
1973 1309 2144 1352 format

269 1381 499 1425 dictamen
532 1381 834 1425 conscientiae
869 1381 1039 1424 directe
1071 1385 1267 1424 certum:
1303 1385 1542 1424 accusatus
1574 1381 1663 1424 iste
1695 1381 1808 1424 mihi
1841 1388 1911 1424 est
1943 1382 2145 1425 condem·

266 1456 459 1499 nandus.
525 1455 692 1509 Quodsi
728 1470 781 1499 ex
815 1444 931 1499 actis
964 1455 1257 1499 iudicialibus
1292 1469 1455 1510 graves
1487 1455 1688 1499 rationes
1711 1462 1973 1500 accusatum
1997 1462 2146 1500 osten-

269 1532 383 1574 dunt
401 1544 543 1586 reum,
567 1532 644 1574 sed
662 1531 779 1575 aliae
796 1531 996 1574 rationes
1021 1544 1182 1586 graves
1207 1544 1308 1574 eum
1327 1531 1576 1574 ostendunt
1597 1530 1900 1586 innocentem,
1925 1531 2143 1574 directam

266 1605 590 1649 certitudinem
627 1606 679 1648 de
712 1605 901 1649 crimine
934 1605 1171 1649 commisso
1213 1610 1259 1649 et
1304 1606 1532 1648 dictamen
1577 1605 1745 1648 directe
1785 1610 1957 1649 celtum
1994 1606 2047 1649 de
2079 1620 2146 1649 ac-

265 1684 423 1723 cusato
466 1680 806 1724 condemnando
839 1681 912 1723 vel
955 1678 1229 1750 absolvendo
1272 1693 1363 1722 non
1403 1679 1621 1753 acquirit
1671 1679 1941 1735 applicando
1989 1684 2145 1723 autem

265 1755 348 1797 hoc
381 1754 655 1810 principium
689 1755 932 1798 reflexum:
969 1767 1013 1796 m
1049 1753 1182 1812 dublo
1188 1754 1480 1811 fatendum
1493 1757 1562 1797 est
1591 1767 1687 1806 160
1719 1755 1890 1797 format
1915 1753 2146 1797 dictamen

263 1829 487 1873 indirecte
520 1834 713 1873 certum:
750 1834 988 1872 accusatus
1021 1828 1109 1872 iste
1142 1828 1255 1872 mihi
1290 1832 1360 1871 est
1392 1828 1710 1872 absolvendus.

413 1992 546 2049 195.
608 1993 940 2062 Principia.
1023 1995 1071 2046 1.
1130 1992 1258 2045 Sola
1301 1994 1643 2045 conscientia
1685 1993 1828 2044 certa
1870 2002 1951 2044 est
1990 2003 2143 2045 recta

265 2101 459 2134 norma
500 2083 780 2134 actionum
825 2090 1165 2134 nostrarum:
1209 2101 1285 2134 ex-
1304 2081 1568 2152 Apostolo
1612 2083 1760 2134 enim
1797 2101 1958 2148 omne,
2005 2083 2144 2152 quod

263 2191 370 2224 ozon
411 2181 486 2224 est
528 2191 591 2224 ex
615 2172 747 2240 fide,
801 2173 834 2224 i.
879 2191 922 2225 e.
968 2172 1117 2242 quod
1170 2192 1281 2225 non
1324 2181 1405 2224 est
1461 2191 1531 2224 ex
1573 2181 1723 2224 certa
1652 2175 2139 2251 wpgsuasione,

265 2262 338 2327 id,
383 2262 530 2331 quod
571 2264 768 2331 agitur,
811 2261 1105 2314 honestum
1149 2270 1201 2314 et
1247 2261 1462 2314 licitum
1505 2281 1639 2330 esse,
1684 2248 2153 2333 peccatum-ctat&

264 2351 426 2418 Sane,
471 2353 565 2421 qui
607 2359 866 2421 operatur
920 2370 1045 2403 cum
1104 2354 1460 2419 conscientia,
1517 2370 1657 2422 quae
1702 2371 1811 2403 non
1854 2361 1934 2404 est
1975 2360 2140 2417 certa,

265 2440 575 2492 voluntarie
628 2440 873 2510 periculo
932 2459 986 2493 se
1029 2442 1258 2511 exponit
1307 2440 1755 2510 transgrediendi
1797 2441 2141 2493 voluntatem

266 2529 545 2597 divinam3
590 2531 742 2600 atqui
785 2532 862 2582 ita
890 2549 1060 2600 agens
1089 2530 1400 2582 virtualiter
1436 2533 1708 2582 consentit
1748 2532 1806 2582 in
1848 2539 2144 2600 transgres-

267 2622 475 2670 sionem
502 2620 798 2689 praecepti,
823 2619 1058 2689 ideoque
1084 2619 1388 2671 formaliter
1410 2627 1618 2689 peccat.
1650 2619 1835 2684 Quare
1855 2639 2141 2690 nunquam

267 2708 397 2781 licet
437 2727 599 2778 agere
641 2710 758 2761 sine
802 2711 1142 2762 conscientia
1184 2718 1332 2761 certa
1375 2709 1442 2761 de
1485 2710 1772 2762 honestate
1813 2712 2062 2763 actionis,

417 2821 465 2871 2.
511 2820 587 2871 ‘Ut
629 2822 1029 2874 conscientiam
1075 2823 1228 2891 sequi
1271 2823 1561 2891 possimus,
1604 2822 1825 2886 sufficit,
1869 2830 1929 2874 ut
1970 2841 2034 2874 ea
2074 2824 2144 2874 sit

265 2909 538 2961 moralitei
580 2917 728 2961 certa
771 2911 1102 2962 certitudine
1132 2911 1484 2980 imperfecta:
1537 2930 1665 2963 nam
1696 2911 1947 2963 sufficere
1979 2912 2143 2964 debet

264 3000 323 3049 in
365 2988 678 3050 actionibus
719 3001 919 3051 nostris
963 2999 1264 3052 moralibus
1305 3019 1368 3052 ea
1396 2984 1683 3068 certitud0‚
1728 3019 1837 3070 qua
1878 3001 2142 3052 maiorem

265 3089 385 3157 ipsa
425 3105 610 3139 rerum
653 3096 849 3140 natura
890 3107 1001 3140 non
1043 3089 1308 3155 admittit;
1351 3090 1504 3159 atqui
1540 3108 1626 3141 res
1656 3089 1887 3142 morales
1928 3098 1987 3141 ut
2027 3088 2142 3159 plu-

265 3180 467 3229 rimum
496 3176 661 3229 aliam
704 3177 1092 3229 certitudinem
1134 3186 1351 3248 praeter
1380 3177 1643 3230 moralem
1685 3197 1780 3230 seu
1821 3178 1989 3230 latam
2031 3196 2141 3230 non

269 3266 587 3320 admittunt.
649 3268 883 3336 Insuper
924 3268 995 3319 ad
1036 3268 1186 3319 licite
1229 3268 1571 3337 operandum
1615 3268 1817 3320 sufficit
1857 3269 2143 3337 persuasio

422 3462 460 3574 ι),
481 3460 610 3504 Rom.
647 3460 716 3515 14,
751 3460 820 3502 93.
913 3545 921 3547 ,
1168 3510 1171 3512 -
1224 3571 1235 3578 Γ
1278 3463 1574 3602 77ίὲρβ
1591 3510 1737 3563 (γε
1776 3488 1931 3544 M
1908 3490 1959 3523 o
1959 3417 2269 3564 'sq-7553&
