2269 3898
610 156 676 199 De
708 155 805 198 iure
837 154 1164 198 matrimoniali
1197 153 1436 196 austriaco.
1867 151 1952 194 205

87 291 241 334 eodem
276 289 424 333 codice
471 288 674 332 validum
724 287 1066 330 matrimonium
1115 285 1222 329 iniri
1269 299 1358 329 non
1407 285 1565 340 possit,
1612 284 1953 329 matrimonium

87 364 208 408 inter
240 364 526 418 baptizatum
560 367 614 418 et¹
638 365 912 417 apostatam,
961 361 1037 416 qui
1079 360 1196 403 nulli
1245 359 1519 402 christianae
1567 358 1835 402 confessioni
1883 358 1955 400 ad-

89 439 259 490 haeret,
291 436 548 479 invalidum
582 439 664 478 est.

239 542 288 592 5.
335 539 664 605 Consensus‚
716 540 809 608 qui
852 556 883 589 a
924 555 1158 606 persona
1198 545 1358 606 rapta
1408 536 1654 588 nondum
1704 537 1760 586 in
1799 534 1956 585 liber·

90 638 256 680 tatem
300 629 551 679 restituta
596 626 907 696 praebetur,
964 627 1148 676 irritus
1199 633 1293 678 est.
1375 624 1506 675 Ideo
1548 632 1734 693 raptus
1777 623 1957 674 matri-

92 719 338 770 monium
394 717 603 768 dirimit
653 734 763 767 non
821 715 995 766 solum
1052 717 1192 765 inter
1244 720 1518 782 raptorem
1573 721 1626 763 et
1673 710 1957 763 mulierem

91 813 322 876 raptam,
378 805 472 857 sed
527 806 671 856 inter
720 803 1006 856 mulierem
1058 810 1273 871 raptam
1324 810 1375 852 et
1418 799 1719 870 quemlibet
1759 801 1958 852 virum.

243 1004 366 1060 193.
415 1005 499 1058 De
537 1004 827 1072 gradibus
864 1002 1430 1070 consanguinitatis,
1482 1001 1544 1053 In
1578 997 1963 1068 computandis

95 1095 361 1164 gradibus
404 1094 576 1145 lineae
616 1102 787 1144 rectae
827 1092 917 1144 lex
959 1091 1331 1143 ecclesiastica
1365 1109 1396 1141 a
1434 1089 1585 1140 civili
1612 1106 1722 1140 non
1751 1086 1962 1152 differt3

97 1186 153 1235 in
196 1183 584 1253 computandis
626 1192 810 1234 autem
851 1180 1119 1251 gradibus
1157 1180 1328 1231 lineae
1359 1177 1683 1231 collateralis
1717 1176 1807 1228 lex
1834 1177 1963 1226 civi-

96 1273 161 1324 lis
205 1272 350 1324 hanc
391 1271 638 1340 regulam
681 1273 902 1323 statuit:
948 1280 1020 1322 tot
1060 1279 1182 1321 ‹su-nt
1214 1269 1428 1338 gradus,
1461 1276 1582 1337 quot
1607 1267 1969 1337 generationes

99 1380 193 1413 seu
233 1370 313 1413 tot
354 1370 480 1413 sunt
514 1360 735 1430 gradus7
775 1368 906 1430 quot
944 1377 1209 1430 personae
1247 1377 1316 1409 ex
1345 1366 1576 1426 utraque
1605 1364 1757 1426 parte
1785 1355 1966 1423 stipite

100 1451 313 1516 demto3
357 1458 581 1502 econtra
621 1449 712 1501 lex
754 1449 1127 1500 ecclesiastica
1168 1448 1312 1500 hanc
1348 1447 1592 1515 regulam
1631 1445 1847 1496 statuit:
1888 1449 1968 1493 tot

100 1548 225 1591 sunt
265 1539 485 1608 gradus,
530 1548 661 1608 quot
700 1556 965 1608 personae
1007 1556 1076 1588 ex
1117 1556 1227 1588 una
1268 1545 1422 1606 parte
1465 1537 1648 1604 stipite
1691 1534 1892 1585 demto.

250 1653 388 1701 quta
419 1659 566 1713 legem
601 1671 707 1712 ergo
741 1657 919 1700 civilem
955 1657 1041 1699 (luo
1072 1658 1239 1699 iratres
1281 1655 1329 1698 in
1371 1654 1564 1698 secundo
1609 1658 1654 1696 et
1696 1653 1783 1695 <luo
1826 1664 1973 1694 conso-

105 1733 224 1776 brini
258 1733 306 1776 in
340 1737 501 1786 quarto
536 1732 683 1787 gradu
717 1722 1041 1786 consanguinei
1076 1736 1196 1774 sunt.
1260 1730 1313 1773 In
1347 1730 1575 1772 schemate
1608 1740 1745 1782 supra
1777 1734 1837 1779 [n.
1871 1724 1976 1778 595>
2028 1766 2037 1781 ,

104 1807 251 1861 posito
285 1807 454 1849 Paulus
489 1812 534 1849 et
567 1805 831 1860 Sempronia
863 1805 911 1848 in
945 1812 1118 1859 octavo,
1151 1803 1340 1848 Iacobus
1374 1808 1419 1846 et
1452 1802 1716 1857 Sempronia
1754 1801 1802 1843 in
1845 1802 1973 1843 sexto

103 1881 249 1936 gradu
282 1880 605 1935 consanguinei
641 1883 760 1924 sunt.

253 2058 384 2113 194.
451 2058 888 2127 Impedimenta
945 2056 1338 2126 impedientia
1398 2055 1573 2107 codex
1631 2054 1810 2106 civilis
1865 2071 1976 2105 non

106 2151 356 2217 agnoscit
411 2167 589 2218 neque
650 2142 1200 2199 iuris'ecclesiastici
1260 2164 1438 2215 neque
1498 2146 1632 2196 iuris
1691 2141 1973 2209 naturalis,

107 2239 224 2307 ipse
255 2255 383 2288 vero
413 2238 519 2289 tria
552 2237 660 2288 alia
697 2236 1094 2306 impedimenta
1135 2237 1339 2301 statuit,
1384 2253 1524 2305 quae
1567 2234 1977 2285 matrimonium

108 2328 165 2378 in
221 2326 337 2379 foro
390 2326 541 2378 civili
598 2333 709 2378 nen
769 2328 1000 2392 irritum⁷
1057 2325 1152 2377 sed
1200 2334 1384 2376 tamen
1434 2324 1687 2375 illicitum
1736 2322 1975 2373 faciunt:

110 2437 157 2470 α,
204 2415 477 2467 defectum
525 2434 824 2467 consensus
872 2415 1114 2485 politici3
1170 2415 1213 2468 b.
1274 2413 1666 2483 obligationem
1720 2411 1790 2463 ad
1844 2409 1979 2461 mili-

110 2507 274 2571 tiam3
318 2526 357 2558 c,
402 2514 618 2575 tempus
658 2505 837 2556 luctus
878 2524 974 2575 pro
1017 2504 1203 2556 viduis
1246 2505 1622 2556 constitutum.

266 2634 311 2683 1.
354 2631 605 2701 Defectus
647 2651 924 2683 consensus
955 2630 1184 2701 politici.

263 2749 316 2791 In
350 2749 574 2804 plerisque
607 2750 825 2794 Austriae
858 2749 1103 2804 provinciis
1136 2749 1357 2803 abrogata
1388 2752 1456 2791 est
1480 2747 1700 2803 obligatio
1723 2745 1979 2801 requirendi

116 2836 378 2867 consensum
412 2824 650 2878 politicum
685 2825 740 2867 acl
776 2824 1025 2867 ineundum
1059 2822 1426 2869 matrimonium:
1472 2823 1520 2865 in
1563 2821 1796 2877 provincia
1826 2826 1981 2864 tamen

115 2898 715 2954 tirolensi-corarlbelyensi
756 2899 827 2942 lex
870 2899 1017 2941 adhuc
1058 2897 1339 2953 praescribit,
1382 2902 1435 2940 ut
1475 2896 1815 2940 matrimonium
1861 2894 1987 2938 licite

115 2972 223 3015 iniri
255 2986 344 3015 non
387 2972 545 3027 possit,
597 2972 685 3015 nisi
736 2973 1038 3016 communitas
1094 2972 1281 3027 politica
1333 2970 1485 3026 sponsi
1539 2983 1802 3014 consensum
1855 2982 1985 3012 suum

118 3046 307 3090 dederit.

269 3152 319 3202 2.
382 3150 645 3220 Obligatio
696 3151 1018 3220 praestandi
1068 3149 1313 3202 militiam
1367 3159 1414 3200 et
1470 3148 1676 3201 actrcale
1723 3149 1989 3199 servitium

119 3238 366 3291 militare.

272 3356 357 3410 Qui
390 3358 446 3400 ad
481 3356 697 3400 militiam
731 3358 878 3401 adhuc
910 3357 1100 3420 vocandi
1138 3361 1259 3412 sunt,
1302 3356 1644 3400 matrimonium
1687 3354 1802 3398 inire
1840 3354 1984 3410 prohi-

124 3432 309 3482 bentur;
345 3445 424 3486 pro
457 3431 514 3474 iis
547 3430 718 3487 autem,
752 3431 828 3486 qui
862 3431 1057 3475 militiae
1088 3436 1194 3475 actu
1225 3430 1497 3485 inserviunt,
1530 3431 1681 3485 plures
1704 3428 1988 3472 condiciones

122 3506 429 3561 requiruntur,
462 3510 515 3548 ut
548 3506 890 3549 matrimonium
923 3506 1038 3550 inire
1070 3506 1261 3561 possint.
