2269 3898
233 74 319 117 182
965 69 1049 112 III.
1084 69 1152 112 De
1182 67 1376 123 legibus.

236 226 348 260 non
389 206 527 259 adeo
568 222 765 275 graves
808 222 926 255 esse
968 202 1190 269 debent,
1242 209 1303 254 ut
1343 201 1443 272 per
1484 221 1541 253 se
1584 221 1615 253 a
1654 200 1775 270 lege
1817 211 2122 268 excusent:

236 298 442 350 etenim
484 297 541 347 in
583 294 689 346 hoc
731 312 862 346 casu
904 310 1043 362 opus
1084 310 1195 343 non
1237 299 1381 344 esset
1422 291 1852 360 dispensatione.

387 399 507 443 Fieri
540 402 710 454 potest,
741 401 797 441 ut
828 398 903 441 lex
937 396 992 440 ob
1024 396 1226 451 aliquam
1261 409 1443 439 causam
1491 395 1818 451 impedientem
1868 400 1952 440 aut
1999 402 2128 441 certo

239 479 320 519 aut-
365 473 665 530 probabiliter
695 486 786 516 non
817 471 1017 527 amplius
1051 470 1248 526 obliget;
1282 483 1373 514 non
1406 470 1552 513 solum
1583 470 1633 513 in
1665 471 1827 526 primo,
1868 472 1945 515 sed
1979 471 2120 515 etiam

230 550 280 592 in
307 550 391 592 hoc
413 548 607 592 secundo
631 560 737 590 casu
763 560 876 602 opus
897 560 989 590 non
1011 550 1081 590 est
1106 545 1462 601 dispensatione,
1495 558 1596 588 cum
1620 544 1843 600 obligatio
1873 545 1991 601 legis
2025 545 2130 589 sine

237 622 577 679 dispensatione
609 625 766 666 cesset.
832 621 878 665 Si
911 634 1016 665 vero
1061 620 1155 676 legi
1201 619 1384 663 obstent
1432 632 1594 663 causae
1641 619 1960 675 impedientes,
2009 633 2130 674 quae

236 712 315 754 per
348 711 394 742 se
427 698 609 754 quidem
644 696 700 740 ab
734 696 1016 751 obligatione
1047 695 1165 751 legis
1197 709 1288 739 non
1311 697 1546 749 excusant,
1581 707 1695 749 quae
1716 698 1873 738 tamen
1897 697 2018 738 certe
2040 698 2124 738 aut

236 774 401 818 saltem
435 772 736 828 probabiliter
769 770 1026 826 sufficiunt,
1058 775 1113 813 ut
1145 769 1351 825 superior
1385 769 1647 824 dispensare
1690 768 1851 824 possit,
1898 782 2010 824 opus
2055 772 2129 812 est

237 847 593 904 dispensatione.

391 939 535 989 Num
586 938 831 1007 superior
883 938 1138 988 eoeistente
1178 936 1323 987 iusta
1363 953 1526 987 causa
1567 935 1880 1005 dispensare
1922 935 2127 987 debeat.

394 1046 440 1097 1.
483 1043 845 1112 Dispensatio
889 1043 1160 1093 existente
1202 1042 1347 1092 iusta
1377 1058 1546 1092 causa
1573 1039 1908 1110 quandoque
1939 1039 2133 1092 debita

247 1141 328 1185 est
370 1134 488 1185 sive
532 1151 603 1186 ex
644 1141 939 1202 praecepto
982 1132 1100 1182 sive
1143 1149 1212 1182 ex
1253 1131 1479 1183 iustitia.

391 1238 546 1292 Casus,
579 1236 627 1280 in
657 1236 820 1291 quibus
855 1228 1010 1279 debita
1032 1239 1103 1279 est
1127 1234 1424 1290 dispensatio,
1457 1233 1505 1278 hi
1529 1234 1785 1278 enumerari
1816 1235 1986 1279 solent:
2023 1249 2065 1278 a.
2089 1235 2130 1279 si

236 1313 313 1357 ius
349 1326 584 1357 commune
617 1313 690 1356 vel
723 1315 1016 1368 praeceptum
1051 1311 1330 1366 particulare
1379 1309 1543 1365 exigit,
1592 1314 1647 1353 ut
1695 1308 1750 1353 ob
1798 1322 1896 1352 eam
1945 1323 2128 1354 causam

243 1388 556 1444 dispensetur;
609 1388 648 1430 b.
683 1387 721 1430 si
754 1387 1059 1431 necessarium
1096 1390 1166 1430 est
1199 1387 1257 1429 ad
1291 1385 1458 1429 bonum
1508 1398 1759 1440 commune,
1803 1399 1890 1440 quo
1917 1385 1980 1442 {in
2024 1399 2132 1429 casu

239 1464 426 1508 iustitia
457 1463 654 1519 (legalis)
687 1461 850 1518 exigit,
882 1466 937 1506 ut
971 1463 1284 1518 dispensetur,
1334 1461 1398 1504 sic
1446 1461 1500 1504 ob
1548 1460 1869 1505 necessitatem
1918 1460 2137 1504 ecclesiae

244 1538 399 1583 debita
432 1552 528 1582 esse
560 1541 714 1593 potest
749 1537 1031 1592 dispensatio
1065 1537 1121 1580 ab
1154 1536 1454 1589 interstitiis3
1490 1550 1524 1580 c.
1561 1536 1597 1579 si
1631 1535 1935 1580 necessarium
1970 1538 2039 1579 est
2072 1539 2131 1579 ad

242 1615 408 1657 bonum
443 1613 684 1669 spirituale
717 1612 934 1668 petentis,
967 1612 1021 1656 ob
1055 1626 1190 1667 quam
1225 1626 1408 1656 causam
1444 1611 1727 1666 dispensatio
1759 1611 1808 1653 in
1830 1610 1952 1654 votis
1977 1614 2137 1666 potest.
2200 1633 2218 1648 .-

242 1702 337 1732 esse
372 1688 545 1740 debita;
582 1688 623 1734 d.
659 1688 696 1731 si
729 1687 1034 1731 necessarium
1069 1690 1138 1731 est
1171 1687 1229 1730 ad
1263 1687 1563 1731 avertendum
1614 1699 1756 1741 grave
1797 1686 2014 1729 damnum
2058 1686 2132 1729 vel
2203 1708 2206 1710 ·

245 1763 477 1819 publicum
513 1763 795 1817 scandalum,
830 1762 894 1806 sic
928 1761 1084 1805 debita
1118 1774 1213 1805 esse
1246 1765 1399 1817 potest
1434 1761 1716 1817 dispensatio
1750 1775 1776 1805 a
1818 1760 2136 1817 proclamatio-

238 1838 375 1882 nibus
408 1837 706 1882 matrimonii.

393 1930 441 1982 2.
485 1929 701 1997 Negata
742 1929 1172 1998 dispensatione,
1217 1928 1317 1979 etsi
1359 1927 1564 1978 iniuste
1605 1927 1662 1978 id
1704 1925 1915 1978 factum
1944 1925 2134 1992 fuerit,

242 2038 353 2071 non
409 2019 539 2071 licet
592 2027 785 2071 contra
836 2018 1015 2087 Iegem
1070 2035 1250 2085 agere.
1334 2016 1550 2083 Quodsi
1607 2024 1810 2085 negata
1850 2015 2018 2067 fuerit
2058 2014 2133 2067 ab

243 2109 522 2176 inferiore,
565 2117 717 2178 patet
756 2127 1012 2161 recursus
1054 2108 1125 2160 ad
1154 2109 1521 2178 superiorem3
1566 2115 1620 2159 et
1648 2109 1692 2159 si
1725 2107 1974 2177 superior
2002 2123 2136 2176 quo·

242 2218 350 2269 que
392 2217 513 2250 eam
555 2201 859 2268 negaverit,
905 2197 1181 2251 servanda
1223 2207 1304 2250 est
1343 2197 1450 2262 lex,
1494 2198 1601 2249 nisi
1642 2205 1797 2248 tanta
1833 2198 1910 2248 vsit
1952 2195 2130 2248 obser-

243 2290 488 2341 vationis
511 2288 829 2358 difficultas,
860 2298 920 2341 ut
940 2288 1079 2341 haec
1108 2307 1206 2359 per
1228 2307 1284 2341 se
1307 2307 1339 2340 a
1361 2288 1482 2357 lege
1505 2287 1857 2340 observanda
1886 2292 2130 2339 excuset.

391 2469 516 2524 161.
560 2468 892 2522 Distinetio
937 2482 1279 2522 causarum.
1356 2467 1400 2519 1.
1446 2463 1660 2517 Causae
1703 2465 2138 2534 dispensationis

244 2558 386 2611 aliae
416 2567 546 2611 sunt
573 2560 830 2625 internae,
876 2576 1018 2627 quae
1048 2558 1302 2608 oriuntur
1331 2572 1401 2607 ex
1428 2553 1762 2624 difficultate
1794 2552 2132 2605 observandi

246 2649 424 2719 ipsam
466 2648 664 2717 legem,
707 2657 764 2700 ut
809 2649 853 2699 si
896 2646 965 2700 ob
1010 2645 1353 2699 debilitatem
1396 2664 1428 2696 a
1468 2645 1674 2696 ieiunio
1705 2641 2137 2714 dispensatur³);

242 2739 388 2790 aliae
419 2748 686 2802 externae,
731 2757 872 2809 quae
915 2739 1169 2790 oriuntur
1197 2756 1266 2788 ex
1296 2736 1578 2788 adiunctis
1619 2752 1886 2805 personae
1916 2733 2132 2803 dispen-

248 2829 455 2881 sandae
497 2828 585 2880 vel
640 2847 907 2898 personae
966 2828 1340 2897 dispensantis
1390 2825 1477 2878 vel
1533 2845 1603 2877 ex
1644 2824 1789 2877 bono
1833 2825 2137 2876 communi.

420 3008 448 3064 ¹)
478 3008 736 3052 Nonnullae
767 3009 890 3064 leges
923 3012 978 3052 ut
1000 3021 1036 3051 e.
1061 3021 1105 3063 g.
1129 3007 1204 3050 lex
1235 3005 1527 3061 integritatis
1548 3005 1596 3048 in
1630 3003 1910 3048 confessione
1931 3002 2001 3046 ita
2028 3006 2138 3046 sunt

251 3087 554 3140 comparatae,
587 3087 641 3126 ut
673 3085 841 3126 natura
875 3096 956 3126 sua
989 3095 1205 3137 magnam
1241 3080 1569 3124 difficultatem
1603 3079 1825 3131 habeant;
1874 3078 1983 3121 haec
2017 3076 2138 3120 diffi-

251 3160 399 3203 cultas
431 3159 480 3202 in
512 3157 782 3214 particulari
816 3171 922 3202 casu
966 3157 1021 3201 ab
1071 3156 1387 3200 observatione
1435 3155 1553 3211 legis
1601 3168 1692 3198 non
1739 3156 1941 3199 excusat.
2005 3152 2142 3196 Aliae

250 3235 376 3290 leges
408 3238 462 3278 ut
496 3246 532 3277 0.
567 3246 611 3288 g.
644 3233 719 3276 lex
750 3232 912 3276 ieiunii
946 3232 1120 3288 pariter
1166 3236 1336 3276 natura
1382 3244 1464 3274 sua
1511 3230 1712 3285 aliquam
1762 3229 1840 3272 sed
1886 3241 1977 3271 non
2024 3226 2136 3269 adeo

251 3323 465 3364 magnam
503 3308 830 3352 difficultatem
863 3306 1048 3352 habent.
1114 3306 1284 3360 Quodsi
1326 3306 1374 3349 in
1418 3304 1688 3361 particulari
1733 3316 1840 3347 casu
1881 3301 2138 3345 difficultas

251 3385 361 3428 haec
394 3397 564 3439 magna
597 3386 682 3438 est,
715 3395 767 3425 ea
799 3395 879 3438 per
910 3381 1119 3424 accidens
1152 3394 1252 3424 cum
1294 3379 1612 3424 observatione
1657 3378 1774 3434 legis
1824 3375 2141 3431 coniungitur>

254 3459 340 3502 etsi
373 3458 558 3504 interna
590 3458 668 3514 sit,
702 3460 747 3502 et
780 3456 970 3513 proinde
1003 3455 1060 3499 ab
1093 3454 1409 3499 observatione
1441 3455 1558 3510 legis
1591 3456 1779 3498 excusat
1812 3453 1873 3506 (n.
1910 3451 2024 3506 116).
