<?xml version="1.0" encoding="UTF-8"?>
<!DOCTYPE html PUBLIC "-//W3C//DTD XHTML 1.0 Transitional//EN"
    "http://www.w3.org/TR/xhtml1/DTD/xhtml1-transitional.dtd">
<html xmlns="http://www.w3.org/1999/xhtml" xml:lang="en" lang="en">
 <head>
  <title>
</title>
<meta http-equiv="Content-Type" content="text/html;charset=utf-8" />
  <meta name='ocr-system' content='tesseract 3.04.00' />
  <meta name='ocr-capabilities' content='ocr_page ocr_carea ocr_par ocr_line ocrx_word'/>
</head>
<body>
  <div class='ocr_page' id='page_1' title='image "./summatheologiaem00nold_0174.png"; bbox 0 0 2269 3898; ppageno 0'>
   <div class='ocr_carea' id='block_1_1' title="bbox 281 121 1428 176">
    <p class='ocr_par' dir='ltr' id='par_1_1' title="bbox 281 121 1428 176">
     <span class='ocr_line' id='line_1_1' title="bbox 281 121 1428 176; baseline -0.005 -7"><span class='ocrx_word' id='word_1_1' title='bbox 281 126 372 169; x_wconf 78' lang='lat'>164</span> <span class='ocrx_word' id='word_1_2' title='bbox 1016 121 1100 164; x_wconf 92' lang='grc' dir='ltr'>ΠΙ.</span> <span class='ocrx_word' id='word_1_3' title='bbox 1136 122 1203 164; x_wconf 87' lang='lat' dir='ltr'>De</span> <span class='ocrx_word' id='word_1_4' title='bbox 1234 121 1428 176; x_wconf 82' lang='lat' dir='ltr'>legibus.</span> 
     </span>
    </p>
   </div>
   <div class='ocr_carea' id='block_1_2' title="bbox 282 255 2173 502">
    <p class='ocr_par' dir='ltr' id='par_1_2' title="bbox 282 255 2173 502">
     <span class='ocr_line' id='line_1_2' title="bbox 282 255 2173 324; baseline -0.003 -12"><span class='ocrx_word' id='word_1_5' title='bbox 282 262 562 312; x_wconf 84' lang='lat' dir='ltr'>irritantes</span> <span class='ocrx_word' id='word_1_6' title='bbox 591 256 767 310; x_wconf 74' lang='lat' dir='ltr'>civiles</span> <span class='ocrx_word' id='word_1_7' title='bbox 809 264 937 308; x_wconf 85' lang='lat' dir='ltr'>ante</span> <span class='ocrx_word' id='word_1_8' title='bbox 960 257 1307 307; x_wconf 77' lang='lat' dir='ltr'>sententiam</span> <span class='ocrx_word' id='word_1_9' title='bbox 1337 255 1539 307; x_wconf 85' lang='lat' dir='ltr'>iudicis</span> <span class='ocrx_word' id='word_1_10' title='bbox 1568 264 1882 324; x_wconf 79' lang='lat' dir='ltr'>actum-per</span> <span class='ocrx_word' id='word_1_11' title='bbox 1911 275 1966 307; x_wconf 83' lang='lat' dir='ltr'>se</span> <span class='ocrx_word' id='word_1_12' title='bbox 1995 255 2173 308; x_wconf 84' lang='lat' dir='ltr'>solum</span> 
     </span>
     <span class='ocr_line' id='line_1_3' title="bbox 283 343 2173 410; baseline -0.003 -9"><span class='ocrx_word' id='word_1_13' title='bbox 283 350 522 401; x_wconf 84' lang='lat' dir='ltr'>civiliter</span> <span class='ocrx_word' id='word_1_14' title='bbox 562 356 615 398; x_wconf 87' lang='lat' dir='ltr'>et</span> <span class='ocrx_word' id='word_1_15' title='bbox 656 349 713 398; x_wconf 92' lang='lat' dir='ltr'>in</span> <span class='ocrx_word' id='word_1_16' title='bbox 752 346 869 397; x_wconf 88' lang='lat' dir='ltr'>foro</span> <span class='ocrx_word' id='word_1_17' title='bbox 913 353 1142 399; x_wconf 83' lang='lat' dir='ltr'>externo</span> <span class='ocrx_word' id='word_1_18' title='bbox 1184 344 1430 396; x_wconf 88' lang='lat' dir='ltr'>reddunt</span> <span class='ocrx_word' id='word_1_19' title='bbox 1479 343 1811 410; x_wconf 84' lang='lat' dir='ltr'>invalidum,</span> <span class='ocrx_word' id='word_1_20' title='bbox 1870 345 1976 396; x_wconf 88' lang='lat' dir='ltr'>nisi</span> <span class='ocrx_word' id='word_1_21' title='bbox 2019 344 2173 396; x_wconf 76' lang='lat' dir='ltr'>aliud</span> 
     </span>
     <span class='ocr_line' id='line_1_4' title="bbox 282 433 1848 502; baseline -0.003 -12"><span class='ocrx_word' id='word_1_22' title='bbox 282 439 373 490; x_wconf 86' lang='lat' dir='ltr'>vel</span> <span class='ocrx_word' id='word_1_23' title='bbox 416 456 484 489; x_wconf 80' lang='lat' dir='ltr'>ex</span> <span class='ocrx_word' id='word_1_24' title='bbox 527 436 741 487; x_wconf 89' lang='lat' dir='ltr'>obiecto</span> <span class='ocrx_word' id='word_1_25' title='bbox 784 433 874 486; x_wconf 88' lang='lat' dir='ltr'>vel</span> <span class='ocrx_word' id='word_1_26' title='bbox 915 453 982 485; x_wconf 82' lang='lat' dir='ltr'>cx</span> <span class='ocrx_word' id='word_1_27' title='bbox 1027 433 1214 485; x_wconf 85' lang='lat' dir='ltr'>verbis</span> <span class='ocrx_word' id='word_1_28' title='bbox 1254 433 1390 502; x_wconf 84' lang='lat' dir='ltr'>legis</span> <span class='ocrx_word' id='word_1_29' title='bbox 1433 442 1579 484; x_wconf 84' lang='lat' dir='ltr'>certo</span> <span class='ocrx_word' id='word_1_30' title='bbox 1623 440 1848 486; x_wconf 84' lang='lat' dir='ltr'>constet.</span> 
     </span>
    </p>
   </div>
   <div class='ocr_carea' id='block_1_3' title="bbox 281 558 2182 1070">
    <p class='ocr_par' dir='ltr' id='par_1_3' title="bbox 281 558 2182 1070">
     <span class='ocr_line' id='line_1_5' title="bbox 438 558 2179 615; baseline -0.003 -8"><span class='ocrx_word' id='word_1_31' title='bbox 438 564 529 608; x_wconf 81' lang='lat' dir='ltr'>Ubi</span> <span class='ocrx_word' id='word_1_32' title='bbox 566 562 689 607; x_wconf 90' lang='lat' dir='ltr'>enim</span> <span class='ocrx_word' id='word_1_33' title='bbox 722 561 831 605; x_wconf 88' lang='lat' dir='ltr'>finis</span> <span class='ocrx_word' id='word_1_34' title='bbox 864 575 891 604; x_wconf 89' lang='lat' dir='ltr'>a</span> <span class='ocrx_word' id='word_1_35' title='bbox 922 559 1190 615; x_wconf 78' lang='lat' dir='ltr'>legislatore</span> <span class='ocrx_word' id='word_1_36' title='bbox 1223 558 1434 602; x_wconf 79' lang='lat' dir='ltr'>intentus</span> <span class='ocrx_word' id='word_1_37' title='bbox 1481 558 1678 602; x_wconf 80' lang='lat' dir='ltr'>obtineri</span> <span class='ocrx_word' id='word_1_38' title='bbox 1719 563 1888 614; x_wconf 83' lang='lat' dir='ltr'>potest,</span> <span class='ocrx_word' id='word_1_39' title='bbox 1933 558 2043 614; x_wconf 85' lang='lat' dir='ltr'>quin</span> <span class='ocrx_word' id='word_1_40' title='bbox 2075 559 2179 614; x_wconf 86' lang='lat' dir='ltr'>ipse-</span> 
     </span>
     <span class='ocr_line' id='line_1_6' title="bbox 281 633 2181 690; baseline -0.004 -6"><span class='ocrx_word' id='word_1_41' title='bbox 281 644 432 684; x_wconf 72' lang='lat' dir='ltr'>forum</span> <span class='ocrx_word' id='word_1_42' title='bbox 467 637 774 683; x_wconf 82' lang='lat' dir='ltr'>conscientiae</span> <span class='ocrx_word' id='word_1_43' title='bbox 807 635 1034 690; x_wconf 82' lang='lat' dir='ltr'>attingat,</span> <span class='ocrx_word' id='word_1_44' title='bbox 1067 635 1215 678; x_wconf 87' lang='lat' dir='ltr'>solum</span> <span class='ocrx_word' id='word_1_45' title='bbox 1249 633 1401 676; x_wconf 89' lang='lat' dir='ltr'>media</span> <span class='ocrx_word' id='word_1_46' title='bbox 1435 643 1626 677; x_wconf 79' lang='lat' dir='ltr'>externa</span> <span class='ocrx_word' id='word_1_47' title='bbox 1669 634 1727 676; x_wconf 88' lang='lat' dir='ltr'>ad</span> <span class='ocrx_word' id='word_1_48' title='bbox 1770 634 1909 677; x_wconf 89' lang='lat' dir='ltr'>finem</span> <span class='ocrx_word' id='word_1_49' title='bbox 1959 633 2181 677; x_wconf 75' lang='lat' dir='ltr'>adhibere</span> 
     </span>
     <span class='ocr_line' id='line_1_7' title="bbox 283 708 2182 766; baseline -0.004 -6"><span class='ocrx_word' id='word_1_50' title='bbox 283 719 505 760; x_wconf 82' lang='lat' dir='ltr'>censetur.</span> <span class='ocrx_word' id='word_1_51' title='bbox 572 712 701 766; x_wconf 80' lang='lat' dir='ltr'>Quod</span> <span class='ocrx_word' id='word_1_52' title='bbox 737 711 919 766; x_wconf 88' lang='lat' dir='ltr'>quidem</span> <span class='ocrx_word' id='word_1_53' title='bbox 955 723 1005 753; x_wconf 89' lang='lat' dir='ltr'>eo</span> <span class='ocrx_word' id='word_1_54' title='bbox 1039 709 1262 753; x_wconf 84' lang='lat' dir='ltr'>libentius</span> <span class='ocrx_word' id='word_1_55' title='bbox 1296 708 1479 752; x_wconf 83' lang='lat' dir='ltr'>concedi</span> <span class='ocrx_word' id='word_1_56' title='bbox 1524 708 1674 764; x_wconf 82' lang='lat' dir='ltr'>debet,</span> <span class='ocrx_word' id='word_1_57' title='bbox 1720 709 1840 763; x_wconf 89' lang='lat' dir='ltr'>quod</span> <span class='ocrx_word' id='word_1_58' title='bbox 1883 708 2182 764; x_wconf 69' lang='lat' dir='ltr'>legislatores</span> 
     </span>
     <span class='ocr_line' id='line_1_8' title="bbox 287 784 2181 844; baseline -0.004 -10"><span class='ocrx_word' id='word_1_59' title='bbox 287 789 491 834; x_wconf 89' lang='lat' dir='ltr'>moderni</span> <span class='ocrx_word' id='word_1_60' title='bbox 526 787 707 844; x_wconf 81' lang='lat' dir='ltr'>proprie</span> <span class='ocrx_word' id='word_1_61' title='bbox 742 786 914 829; x_wconf 88' lang='lat' dir='ltr'>dictam</span> <span class='ocrx_word' id='word_1_62' title='bbox 957 785 1287 840; x_wconf 81' lang='lat' dir='ltr'>obligationem</span> <span class='ocrx_word' id='word_1_63' title='bbox 1331 784 1637 828; x_wconf 85' lang='lat' dir='ltr'>conscientiae</span> <span class='ocrx_word' id='word_1_64' title='bbox 1680 785 1863 839; x_wconf 80' lang='lat' dir='ltr'>saepius</span> <span class='ocrx_word' id='word_1_65' title='bbox 1905 798 1995 827; x_wconf 91' lang='lat' dir='ltr'>non</span> <span class='ocrx_word' id='word_1_66' title='bbox 2038 798 2181 840; x_wconf 77' lang='lat' dir='ltr'>agno-</span> 
     </span>
     <span class='ocr_line' id='line_1_9' title="bbox 285 859 2174 919; baseline -0.004 -9"><span class='ocrx_word' id='word_1_67' title='bbox 285 869 434 910; x_wconf 85' lang='lat' dir='ltr'>scunt.</span> <span class='ocrx_word' id='word_1_68' title='bbox 500 864 585 907; x_wconf 82' lang='lat' dir='ltr'>Sed</span> <span class='ocrx_word' id='word_1_69' title='bbox 619 866 722 919; x_wconf 82' lang='lat' dir='ltr'>post</span> <span class='ocrx_word' id='word_1_70' title='bbox 756 860 1036 905; x_wconf 90' lang='lat' dir='ltr'>sententiam</span> <span class='ocrx_word' id='word_1_71' title='bbox 1070 860 1237 903; x_wconf 84' lang='lat' dir='ltr'>iudicis</span> <span class='ocrx_word' id='word_1_72' title='bbox 1273 863 1402 903; x_wconf 86' lang='lat' dir='ltr'>actus</span> <span class='ocrx_word' id='word_1_73' title='bbox 1437 859 1578 903; x_wconf 85' lang='lat' dir='ltr'>etiam</span> <span class='ocrx_word' id='word_1_74' title='bbox 1614 859 1893 903; x_wconf 80' lang='lat' dir='ltr'>naturaliter</span> <span class='ocrx_word' id='word_1_75' title='bbox 1919 863 1971 903; x_wconf 78' lang='lat' dir='ltr'>&#39;et</span> <span class='ocrx_word' id='word_1_76' title='bbox 2004 860 2054 903; x_wconf 89' lang='lat' dir='ltr'>in</span> <span class='ocrx_word' id='word_1_77' title='bbox 2077 873 2174 902; x_wconf 85' lang='lat' dir='ltr'>con-</span> 
     </span>
     <span class='ocr_line' id='line_1_10' title="bbox 285 933 2176 991; baseline -0.005 -6"><span class='ocrx_word' id='word_1_78' title='bbox 285 940 479 985; x_wconf 81' lang='lat' dir='ltr'>scientia</span> <span class='ocrx_word' id='word_1_79' title='bbox 510 938 668 983; x_wconf 88' lang='lat' dir='ltr'>haberi</span> <span class='ocrx_word' id='word_1_80' title='bbox 704 936 837 980; x_wconf 88' lang='lat' dir='ltr'>debet</span> <span class='ocrx_word' id='word_1_81' title='bbox 869 936 1119 988; x_wconf 85' lang='lat' dir='ltr'>invalidus,</span> <span class='ocrx_word' id='word_1_82' title='bbox 1164 935 1272 990; x_wconf 87' lang='lat' dir='ltr'>quia</span> <span class='ocrx_word' id='word_1_83' title='bbox 1313 933 1546 979; x_wconf 85' lang='lat' dir='ltr'>sententia</span> <span class='ocrx_word' id='word_1_84' title='bbox 1585 935 1811 978; x_wconf 71' lang='lat' dir='ltr'>fundatur</span> <span class='ocrx_word' id='word_1_85' title='bbox 1855 935 1903 978; x_wconf 89' lang='lat' dir='ltr'>in</span> <span class='ocrx_word' id='word_1_86' title='bbox 1946 948 2176 991; x_wconf 85' lang='lat' dir='ltr'>praesum·</span> 
     </span>
     <span class='ocr_line' id='line_1_11' title="bbox 288 1011 939 1070; baseline -0.005 -10"><span class='ocrx_word' id='word_1_87' title='bbox 288 1016 415 1060; x_wconf 87' lang='lat' dir='ltr'>tione</span> <span class='ocrx_word' id='word_1_88' title='bbox 448 1013 639 1070; x_wconf 86' lang='lat' dir='ltr'>periculi</span> <span class='ocrx_word' id='word_1_89' title='bbox 675 1011 939 1057; x_wconf 57' lang='lat' dir='ltr'>communia</span> 
     </span>
    </p>
   </div>
   <div class='ocr_carea' id='block_1_4' title="bbox 280 1122 2181 2004">
    <p class='ocr_par' dir='ltr' id='par_1_4' title="bbox 280 1122 2181 2004">
     <span class='ocr_line' id='line_1_12' title="bbox 432 1122 2177 1194; baseline -0.004 -15"><span class='ocrx_word' id='word_1_90' title='bbox 432 1128 480 1180; x_wconf 83' lang='grc'>3.</span> <span class='ocrx_word' id='word_1_91' title='bbox 541 1127 657 1178; x_wconf 83' lang='lat' dir='ltr'>Lex</span> <span class='ocrx_word' id='word_1_92' title='bbox 689 1143 829 1194; x_wconf 72' lang='lat' dir='ltr'>pure</span> <span class='ocrx_word' id='word_1_93' title='bbox 869 1125 1098 1175; x_wconf 75' lang='lat' dir='ltr'>irritans</span> <span class='ocrx_word' id='word_1_94' title='bbox 1148 1123 1406 1174; x_wconf 84' lang='lat' dir='ltr'>effectum</span> <span class='ocrx_word' id='word_1_95' title='bbox 1460 1141 1619 1173; x_wconf 85' lang='lat' dir='ltr'>suum</span> <span class='ocrx_word' id='word_1_96' title='bbox 1664 1122 1894 1189; x_wconf 86' lang='lat' dir='ltr'>obtinet,</span> <span class='ocrx_word' id='word_1_97' title='bbox 1954 1124 2055 1173; x_wconf 82' lang='lat' dir='ltr'>etsi</span> <span class='ocrx_word' id='word_1_98' title='bbox 2097 1125 2177 1173; x_wconf 84' lang='lat' dir='ltr'>in—</span> 
     </span>
     <span class='ocr_line' id='line_1_13' title="bbox 282 1212 2179 1282; baseline -0.003 -12"><span class='ocrx_word' id='word_1_99' title='bbox 282 1215 627 1270; x_wconf 84' lang='lat' dir='ltr'>vincibiliter</span> <span class='ocrx_word' id='word_1_100' title='bbox 680 1217 965 1282; x_wconf 82' lang='lat' dir='ltr'>ignoretur</span> <span class='ocrx_word' id='word_1_101' title='bbox 1018 1212 1107 1263; x_wconf 87' lang='lat' dir='ltr'>Vel</span> <span class='ocrx_word' id='word_1_102' title='bbox 1158 1220 1314 1263; x_wconf 84' lang='lat' dir='ltr'>actus</span> <span class='ocrx_word' id='word_1_103' title='bbox 1370 1231 1438 1263; x_wconf 79' lang='lat' dir='ltr'>ex</span> <span class='ocrx_word' id='word_1_104' title='bbox 1480 1213 1639 1281; x_wconf 80' lang='lat' dir='ltr'>gravi</span> <span class='ocrx_word' id='word_1_105' title='bbox 1694 1220 1844 1263; x_wconf 89' lang='lat' dir='ltr'>metu</span> <span class='ocrx_word' id='word_1_106' title='bbox 1904 1220 2179 1281; x_wconf 82' lang='lat' dir='ltr'>ponatur:</span> 
     </span>
     <span class='ocr_line' id='line_1_14' title="bbox 282 1302 2172 1376; baseline -0.004 -16"><span class='ocrx_word' id='word_1_107' title='bbox 282 1309 524 1376; x_wconf 72' lang='lat' dir='ltr'>exigitur</span> <span class='ocrx_word' id='word_1_108' title='bbox 573 1306 722 1357; x_wconf 86' lang='lat' dir='ltr'>enim</span> <span class='ocrx_word' id='word_1_109' title='bbox 763 1323 795 1355; x_wconf 89' lang='lat' dir='ltr'>a</span> <span class='ocrx_word' id='word_1_110' title='bbox 836 1305 981 1356; x_wconf 89' lang='lat' dir='ltr'>bono</span> <span class='ocrx_word' id='word_1_111' title='bbox 1038 1303 1341 1369; x_wconf 86' lang='lat' dir='ltr'>communi,</span> <span class='ocrx_word' id='word_1_112' title='bbox 1396 1311 1455 1353; x_wconf 88' lang='lat' dir='ltr'>ut</span> <span class='ocrx_word' id='word_1_113' title='bbox 1507 1302 1600 1353; x_wconf 78' lang='lat' dir='ltr'>lex</span> <span class='ocrx_word' id='word_1_114' title='bbox 1642 1310 1866 1372; x_wconf 88' lang='lat' dir='ltr'>propter</span> <span class='ocrx_word' id='word_1_115' title='bbox 1918 1305 2172 1371; x_wconf 77' lang='lat' dir='ltr'>ignoran-</span> 
     </span>
     <span class='ocr_line' id='line_1_15' title="bbox 281 1392 2179 1462; baseline -0.004 -11"><span class='ocrx_word' id='word_1_116' title='bbox 281 1401 416 1451; x_wconf 83' lang='lat' dir='ltr'>tiam</span> <span class='ocrx_word' id='word_1_117' title='bbox 460 1393 851 1448; x_wconf 77' lang='lat' dir='ltr'>invincibilem</span> <span class='ocrx_word' id='word_1_118' title='bbox 894 1392 982 1444; x_wconf 85' lang='lat' dir='ltr'>vel</span> <span class='ocrx_word' id='word_1_119' title='bbox 1024 1411 1254 1462; x_wconf 82' lang='lat' dir='ltr'>gravem</span> <span class='ocrx_word' id='word_1_120' title='bbox 1298 1399 1507 1444; x_wconf 88' lang='lat' dir='ltr'>metum</span> <span class='ocrx_word' id='word_1_121' title='bbox 1552 1393 1767 1460; x_wconf 82' lang='lat' dir='ltr'>agentis</span> <span class='ocrx_word' id='word_1_122' title='bbox 1816 1411 1927 1444; x_wconf 89' lang='lat' dir='ltr'>non</span> <span class='ocrx_word' id='word_1_123' title='bbox 1970 1408 2179 1459; x_wconf 47' lang='lat' dir='ltr'>cessem</span> 
     </span>
     <span class='ocr_line' id='line_1_16' title="bbox 280 1481 2172 1552; baseline -0.004 -11"><span class='ocrx_word' id='word_1_124' title='bbox 280 1489 406 1542; x_wconf 89' lang='lat' dir='ltr'>ideo</span> <span class='ocrx_word' id='word_1_125' title='bbox 458 1485 673 1538; x_wconf 88' lang='lat' dir='ltr'>nullum</span> <span class='ocrx_word' id='word_1_126' title='bbox 729 1492 809 1536; x_wconf 87' lang='lat' dir='ltr'>est</span> <span class='ocrx_word' id='word_1_127' title='bbox 861 1484 1296 1550; x_wconf 76' lang='lat' dir='ltr'>matrimonium,</span> <span class='ocrx_word' id='word_1_128' title='bbox 1351 1482 1500 1552; x_wconf 89' lang='lat' dir='ltr'>quod</span> <span class='ocrx_word' id='word_1_129' title='bbox 1556 1481 1702 1534; x_wconf 88' lang='lat' dir='ltr'>bona</span> <span class='ocrx_word' id='word_1_130' title='bbox 1757 1482 1864 1534; x_wconf 78' lang='lat' dir='ltr'>fide</span> <span class='ocrx_word' id='word_1_131' title='bbox 1908 1501 2034 1534; x_wconf 89' lang='lat' dir='ltr'>cum</span> <span class='ocrx_word' id='word_1_132' title='bbox 2077 1483 2172 1534; x_wconf 90' lang='lat' dir='ltr'>im-</span> 
     </span>
     <span class='ocr_line' id='line_1_17' title="bbox 282 1570 2177 1650; baseline -0.004 -20"><span class='ocrx_word' id='word_1_133' title='bbox 282 1579 600 1650; x_wconf 84' lang='lat' dir='ltr'>pedimento</span> <span class='ocrx_word' id='word_1_134' title='bbox 668 1574 919 1625; x_wconf 86' lang='lat' dir='ltr'>irritante</span> <span class='ocrx_word' id='word_1_135' title='bbox 987 1572 1348 1626; x_wconf 79' lang='lat' dir='ltr'>contrahitur.</span> <span class='ocrx_word' id='word_1_136' title='bbox 1426 1572 1549 1623; x_wconf 75' lang='lat' dir='ltr'>Lex</span> <span class='ocrx_word' id='word_1_137' title='bbox 1615 1573 1842 1624; x_wconf 74' lang='lat' dir='ltr'>irritans</span> <span class='ocrx_word' id='word_1_138' title='bbox 1902 1570 2177 1643; x_wconf 67' lang='lat' dir='ltr'>poenalia,</span> 
     </span>
     <span class='ocr_line' id='line_1_18' title="bbox 282 1662 2178 1740; baseline -0.004 -19"><span class='ocrx_word' id='word_1_139' title='bbox 282 1688 424 1740; x_wconf 85' lang='lat' dir='ltr'>quae</span> <span class='ocrx_word' id='word_1_140' title='bbox 465 1666 830 1718; x_wconf 84' lang='lat' dir='ltr'>irritationem</span> <span class='ocrx_word' id='word_1_141' title='bbox 859 1670 1015 1714; x_wconf 88' lang='lat' dir='ltr'>actus</span> <span class='ocrx_word' id='word_1_142' title='bbox 1057 1663 1314 1733; x_wconf 84' lang='lat' dir='ltr'>adiungit</span> <span class='ocrx_word' id='word_1_143' title='bbox 1355 1664 1412 1714; x_wconf 89' lang='lat' dir='ltr'>in</span> <span class='ocrx_word' id='word_1_144' title='bbox 1455 1681 1691 1732; x_wconf 82' lang='lat' dir='ltr'>poenam</span> <span class='ocrx_word' id='word_1_145' title='bbox 1735 1662 1976 1714; x_wconf 83' lang='lat' dir='ltr'>violatae</span> <span class='ocrx_word' id='word_1_146' title='bbox 2017 1662 2178 1732; x_wconf 75' lang='lat' dir='ltr'>legis,</span> 
     </span>
     <span class='ocr_line' id='line_1_19' title="bbox 281 1752 2181 1823; baseline -0.004 -11"><span class='ocrx_word' id='word_1_147' title='bbox 281 1767 467 1812; x_wconf 88' lang='lat' dir='ltr'>actum</span> <span class='ocrx_word' id='word_1_148' title='bbox 509 1775 621 1817; x_wconf 61' lang='lat' dir='ltr'>non,</span> <span class='ocrx_word' id='word_1_149' title='bbox 661 1755 854 1820; x_wconf 68' lang='lat' dir='ltr'>irritat,</span> <span class='ocrx_word' id='word_1_150' title='bbox 899 1752 994 1805; x_wconf 88' lang='lat' dir='ltr'>ubi</span> <span class='ocrx_word' id='word_1_151' title='bbox 1038 1754 1354 1822; x_wconf 82' lang='lat' dir='ltr'>ignorantia</span> <span class='ocrx_word' id='word_1_152' title='bbox 1397 1752 1485 1804; x_wconf 84' lang='lat' dir='ltr'>vel</span> <span class='ocrx_word' id='word_1_153' title='bbox 1527 1760 1706 1804; x_wconf 87' lang='lat' dir='ltr'>metus</span> <span class='ocrx_word' id='word_1_154' title='bbox 1735 1754 1923 1821; x_wconf 83' lang='lat' dir='ltr'>gravis</span> <span class='ocrx_word' id='word_1_155' title='bbox 1953 1773 1984 1804; x_wconf 90' lang='lat' dir='ltr'>a</span> <span class='ocrx_word' id='word_1_156' title='bbox 2011 1753 2181 1823; x_wconf 81' lang='lat' dir='ltr'>eulpa</span> 
     </span>
     <span class='ocr_line' id='line_1_20' title="bbox 282 1843 2178 1913; baseline -0.004 -11"><span class='ocrx_word' id='word_1_157' title='bbox 282 1855 538 1902; x_wconf 78' lang='lat' dir='ltr'>excusat:</span> <span class='ocrx_word' id='word_1_158' title='bbox 611 1845 905 1897; x_wconf 85' lang='lat' dir='ltr'>deficiente</span> <span class='ocrx_word' id='word_1_159' title='bbox 961 1845 1109 1896; x_wconf 87' lang='lat' dir='ltr'>enim</span> <span class='ocrx_word' id='word_1_160' title='bbox 1169 1843 1348 1913; x_wconf 87' lang='lat' dir='ltr'>culpa,</span> <span class='ocrx_word' id='word_1_161' title='bbox 1410 1862 1552 1913; x_wconf 85' lang='lat' dir='ltr'>quae</span> <span class='ocrx_word' id='word_1_162' title='bbox 1609 1853 1689 1894; x_wconf 86' lang='lat' dir='ltr'>est</span> <span class='ocrx_word' id='word_1_163' title='bbox 1731 1860 1898 1894; x_wconf 86' lang='lat' dir='ltr'>causa</span> <span class='ocrx_word' id='word_1_164' title='bbox 1941 1861 2178 1912; x_wconf 74' lang='lat' dir='ltr'>poenae,</span> 
     </span>
     <span class='ocr_line' id='line_1_21' title="bbox 282 1935 1325 2004; baseline -0.007 -12"><span class='ocrx_word' id='word_1_165' title='bbox 282 1939 468 1993; x_wconf 84' lang='lat' dir='ltr'>deficit</span> <span class='ocrx_word' id='word_1_166' title='bbox 510 1937 677 1988; x_wconf 88' lang='lat' dir='ltr'>etiam</span> <span class='ocrx_word' id='word_1_167' title='bbox 720 1935 948 1986; x_wconf 87' lang='lat' dir='ltr'>effectus</span> <span class='ocrx_word' id='word_1_168' title='bbox 991 1953 1087 1986; x_wconf 82' lang='lat' dir='ltr'>scu</span> <span class='ocrx_word' id='word_1_169' title='bbox 1129 1953 1325 2004; x_wconf 88' lang='lat' dir='ltr'>poena.</span> 
     </span>
    </p>
   </div>
   <div class='ocr_carea' id='block_1_5' title="bbox 433 2054 2180 2118">
    <p class='ocr_par' dir='ltr' id='par_1_5' title="bbox 433 2054 2180 2118">
     <span class='ocr_line' id='line_1_22' title="bbox 433 2054 2180 2118; baseline -0.003 -11"><span class='ocrx_word' id='word_1_170' title='bbox 433 2065 479 2108; x_wconf 85' lang='lat' dir='ltr'>Si</span> <span class='ocrx_word' id='word_1_171' title='bbox 516 2063 825 2107; x_wconf 84' lang='lat' dir='ltr'>committitur</span> <span class='ocrx_word' id='word_1_172' title='bbox 858 2063 1007 2118; x_wconf 88' lang='lat' dir='ltr'>culpa,</span> <span class='ocrx_word' id='word_1_173' title='bbox 1041 2062 1118 2106; x_wconf 88' lang='lat' dir='ltr'>sed</span> <span class='ocrx_word' id='word_1_174' title='bbox 1151 2054 1394 2117; x_wconf 68' lang='lat' dir='ltr'>ignoratur</span> <span class='ocrx_word' id='word_1_175' title='bbox 1427 2073 1572 2116; x_wconf 87' lang='lat' dir='ltr'>poena</span> <span class='ocrx_word' id='word_1_176' title='bbox 1613 2059 1906 2114; x_wconf 83' lang='lat' dir='ltr'>irritationis,</span> <span class='ocrx_word' id='word_1_177' title='bbox 1947 2059 2026 2102; x_wconf 89' lang='lat' dir='ltr'>alii</span> <span class='ocrx_word' id='word_1_178' title='bbox 2073 2073 2180 2103; x_wconf 79' lang='lat' dir='ltr'>cum·</span> 
     </span>
    </p>
   </div>
   <div class='ocr_carea' id='block_1_6' title="bbox 234 2134 2179 2270">
    <p class='ocr_par' dir='ltr' id='par_1_6' title="bbox 228 2134 2179 2270">
     <span class='ocr_line' id='line_1_23' title="bbox 284 2134 2179 2196; baseline -0.004 -12.201"><span class='ocrx_word' id='word_1_179' title='bbox 284 2140 508 2196; x_wconf 41' lang='lat' dir='ltr'>Suam&amp;</span> <span class='ocrx_word' id='word_1_180' title='bbox 539 2143 727 2183; x_wconf 86' lang='lat' dir='ltr'>censent</span> <span class='ocrx_word' id='word_1_181' title='bbox 759 2151 942 2181; x_wconf 87' lang='lat' dir='ltr'>manere</span> <span class='ocrx_word' id='word_1_182' title='bbox 973 2137 1300 2192; x_wconf 84' lang='lat' dir='ltr'>irritationem,</span> <span class='ocrx_word' id='word_1_183' title='bbox 1334 2135 1442 2191; x_wconf 88' lang='lat' dir='ltr'>quia</span> <span class='ocrx_word' id='word_1_184' title='bbox 1484 2134 1766 2191; x_wconf 81' lang='lat' dir='ltr'>ignorantia,</span> <span class='ocrx_word' id='word_1_185' title='bbox 1809 2147 1924 2189; x_wconf 87' lang='lat' dir='ltr'>quae</span> <span class='ocrx_word' id='word_1_186' title='bbox 1962 2148 2053 2178; x_wconf 90' lang='lat' dir='ltr'>non</span> <span class='ocrx_word' id='word_1_187' title='bbox 2101 2147 2179 2178; x_wconf 83' lang='lat' dir='ltr'>ex·</span> 
     </span>
     <span class='ocr_line' id='line_1_24' title="bbox 234 2202 2173 2270; baseline -0.003 -9"><span class='ocrx_word' id='word_1_188' title='bbox 234 2202 243 2226; x_wconf 58' lang='lat'>²</span> <span class='ocrx_word' id='word_1_189' title='bbox 281 2222 412 2261; x_wconf 81' lang='lat' dir='ltr'>cusat</span> <span class='ocrx_word' id='word_1_190' title='bbox 445 2230 472 2259; x_wconf 91' lang='lat' dir='ltr'>a</span> <span class='ocrx_word' id='word_1_191' title='bbox 505 2216 652 2270; x_wconf 86' lang='lat' dir='ltr'>culpa,</span> <span class='ocrx_word' id='word_1_192' title='bbox 684 2227 829 2268; x_wconf 86' lang='lat' dir='ltr'>neque</span> <span class='ocrx_word' id='word_1_193' title='bbox 863 2218 1051 2257; x_wconf 78' lang='lat' dir='ltr'>excusat</span> <span class='ocrx_word' id='word_1_194' title='bbox 1085 2227 1112 2256; x_wconf 88' lang='lat' dir='ltr'>a</span> <span class='ocrx_word' id='word_1_195' title='bbox 1144 2226 1289 2268; x_wconf 86' lang='lat' dir='ltr'>poena</span> <span class='ocrx_word' id='word_1_196' title='bbox 1334 2212 1493 2266; x_wconf 89' lang='lat' dir='ltr'>culpae</span> <span class='ocrx_word' id='word_1_197' title='bbox 1534 2210 1729 2265; x_wconf 83' lang='lat' dir='ltr'>adiecta,</span> <span class='ocrx_word' id='word_1_198' title='bbox 1780 2210 1867 2254; x_wconf 90' lang='lat' dir='ltr'>etsi</span> <span class='ocrx_word' id='word_1_199' title='bbox 1912 2209 2173 2265; x_wconf 78' lang='lat' dir='ltr'>ignoretur:</span> 
     </span>
    </p>
   </div>
   <div class='ocr_carea' id='block_1_7' title="bbox 280 2284 2181 2793">
    <p class='ocr_par' dir='ltr' id='par_1_7' title="bbox 280 2284 2181 2793">
     <span class='ocr_line' id='line_1_25' title="bbox 281 2284 2173 2343; baseline -0.004 -9"><span class='ocrx_word' id='word_1_200' title='bbox 281 2290 362 2334; x_wconf 90' lang='lat' dir='ltr'>alii</span> <span class='ocrx_word' id='word_1_201' title='bbox 395 2303 500 2333; x_wconf 85' lang='lat' dir='ltr'>vero</span> <span class='ocrx_word' id='word_1_202' title='bbox 534 2303 632 2332; x_wconf 88' lang='lat' dir='ltr'>cum</span> <span class='ocrx_word' id='word_1_203' title='bbox 670 2286 919 2343; x_wconf 49' lang='lat' dir='ltr'>&amp;mellei-²)</span> <span class='ocrx_word' id='word_1_204' title='bbox 955 2287 1117 2330; x_wconf 83' lang='lat' dir='ltr'>docent</span> <span class='ocrx_word' id='word_1_205' title='bbox 1150 2299 1240 2329; x_wconf 89' lang='lat' dir='ltr'>non</span> <span class='ocrx_word' id='word_1_206' title='bbox 1275 2298 1457 2328; x_wconf 89' lang='lat' dir='ltr'>manere</span> <span class='ocrx_word' id='word_1_207' title='bbox 1499 2284 1836 2328; x_wconf 81' lang='lat' dir='ltr'>irritationem:</span> <span class='ocrx_word' id='word_1_208' title='bbox 1879 2298 1986 2327; x_wconf 87' lang='lat' dir='ltr'>nam</span> <span class='ocrx_word' id='word_1_209' title='bbox 2036 2284 2173 2328; x_wconf 86' lang='lat' dir='ltr'>delin-</span> 
     </span>
     <span class='ocr_line' id='line_1_26' title="bbox 284 2359 2181 2420; baseline -0.002 -12"><span class='ocrx_word' id='word_1_210' title='bbox 284 2368 474 2420; x_wconf 84' lang='lat' dir='ltr'>quentes</span> <span class='ocrx_word' id='word_1_211' title='bbox 507 2364 749 2407; x_wconf 84' lang='lat' dir='ltr'>incurrunt</span> <span class='ocrx_word' id='word_1_212' title='bbox 798 2362 980 2418; x_wconf 87' lang='lat' dir='ltr'>quidem</span> <span class='ocrx_word' id='word_1_213' title='bbox 1030 2374 1196 2417; x_wconf 87' lang='lat' dir='ltr'>poenas</span> <span class='ocrx_word' id='word_1_214' title='bbox 1246 2360 1517 2417; x_wconf 50' lang='lat' dir='ltr'>ordinarias</span> <span class='ocrx_word' id='word_1_215' title='bbox 1566 2359 1732 2402; x_wconf 89' lang='lat' dir='ltr'>delicto</span> <span class='ocrx_word' id='word_1_216' title='bbox 1780 2359 2181 2414; x_wconf 83' lang='lat' dir='ltr'>proportionataS,.</span> 
     </span>
     <span class='ocr_line' id='line_1_27' title="bbox 283 2434 2176 2501; baseline -0.004 -17"><span class='ocrx_word' id='word_1_217' title='bbox 283 2440 370 2484; x_wconf 86' lang='lat' dir='ltr'>etsi</span> <span class='ocrx_word' id='word_1_218' title='bbox 405 2453 479 2483; x_wconf 84' lang='lat' dir='ltr'>eas</span> <span class='ocrx_word' id='word_1_219' title='bbox 512 2439 743 2495; x_wconf 81' lang='lat' dir='ltr'>ignorent,</span> <span class='ocrx_word' id='word_1_220' title='bbox 777 2442 826 2481; x_wconf 88' lang='lat' dir='ltr'>at</span> <span class='ocrx_word' id='word_1_221' title='bbox 858 2451 948 2481; x_wconf 88' lang='lat' dir='ltr'>non</span> <span class='ocrx_word' id='word_1_222' title='bbox 980 2437 1222 2480; x_wconf 86' lang='lat' dir='ltr'>incurrunt</span> <span class='ocrx_word' id='word_1_223' title='bbox 1255 2434 1868 2501; x_wconf 52' lang='lat' dir='ltr'>POGDQ&#39;(ZQ({JJJGS</span> <span class='ocrx_word' id='word_1_224' title='bbox 1901 2447 1979 2478; x_wconf 86' lang='lat' dir='ltr'>seu</span> <span class='ocrx_word' id='word_1_225' title='bbox 2003 2434 2176 2478; x_wconf 82' lang='lat' dir='ltr'>exorbi-</span> 
     </span>
     <span class='ocr_line' id='line_1_28' title="bbox 280 2494 2174 2570; baseline -0.002 -12"><span class='ocrx_word' id='word_1_226' title='bbox 280 2520 450 2570; x_wconf 84' lang='lat' dir='ltr'>tantes,</span> <span class='ocrx_word' id='word_1_227' title='bbox 485 2514 522 2557; x_wconf 88' lang='lat' dir='ltr'>si</span> <span class='ocrx_word' id='word_1_228' title='bbox 556 2528 630 2558; x_wconf 88' lang='lat' dir='ltr'>eas</span> <span class='ocrx_word' id='word_1_229' title='bbox 663 2514 894 2570; x_wconf 82' lang='lat' dir='ltr'>ignorant;</span> <span class='ocrx_word' id='word_1_230' title='bbox 931 2512 1061 2567; x_wconf 88' lang='lat' dir='ltr'>atqui</span> <span class='ocrx_word' id='word_1_231' title='bbox 1094 2511 1297 2554; x_wconf 85' lang='lat' dir='ltr'>irritatio</span> <span class='ocrx_word' id='word_1_232' title='bbox 1331 2515 1461 2554; x_wconf 81' lang='lat' dir='ltr'>actus</span> <span class='ocrx_word' id='word_1_233' title='bbox 1505 2514 1574 2554; x_wconf 87' lang='lat' dir='ltr'>est</span> <span class='ocrx_word' id='word_1_234' title='bbox 1617 2494 1762 2566; x_wconf 63' lang='lat' dir='ltr'>poena</span> <span class='ocrx_word' id='word_1_235' title='bbox 1805 2509 2174 2554; x_wconf 84' lang='lat' dir='ltr'>extraordinaria</span> 
     </span>
     <span class='ocr_line' id='line_1_29' title="bbox 280 2584 2177 2632; baseline -0.003 1"><span class='ocrx_word' id='word_1_236' title='bbox 280 2598 328 2632; x_wconf 82' lang='lat' dir='ltr'>et</span> <span class='ocrx_word' id='word_1_237' title='bbox 369 2589 645 2632; x_wconf 83' lang='lat' dir='ltr'>exorbitans.</span> <span class='ocrx_word' id='word_1_238' title='bbox 711 2587 817 2630; x_wconf 86' lang='lat' dir='ltr'>Ideo</span> <span class='ocrx_word' id='word_1_239' title='bbox 869 2591 1055 2630; x_wconf 89' lang='lat' dir='ltr'>censent</span> <span class='ocrx_word' id='word_1_240' title='bbox 1102 2586 1295 2629; x_wconf 87' lang='lat' dir='ltr'>crimina</span> <span class='ocrx_word' id='word_1_241' title='bbox 1343 2585 1459 2629; x_wconf 86' lang='lat' dir='ltr'>alias</span> <span class='ocrx_word' id='word_1_242' title='bbox 1507 2585 1854 2629; x_wconf 87' lang='lat' dir='ltr'>matrimonium</span> <span class='ocrx_word' id='word_1_243' title='bbox 1907 2584 2177 2629; x_wconf 82' lang='lat' dir='ltr'>dirimentia</span> 
     </span>
     <span class='ocr_line' id='line_1_30' title="bbox 280 2659 2180 2716; baseline -0.002 -10"><span class='ocrx_word' id='word_1_244' title='bbox 280 2677 369 2706; x_wconf 91' lang='lat' dir='ltr'>non</span> <span class='ocrx_word' id='word_1_245' title='bbox 401 2663 615 2706; x_wconf 83' lang='lat' dir='ltr'>inducere</span> <span class='ocrx_word' id='word_1_246' title='bbox 646 2661 1030 2716; x_wconf 83' lang='lat' dir='ltr'>impedimentum</span> <span class='ocrx_word' id='word_1_247' title='bbox 1067 2661 1299 2716; x_wconf 84' lang='lat' dir='ltr'>dirimens,</span> <span class='ocrx_word' id='word_1_248' title='bbox 1333 2660 1371 2704; x_wconf 84' lang='lat' dir='ltr'>si</span> <span class='ocrx_word' id='word_1_249' title='bbox 1405 2673 1549 2716; x_wconf 86' lang='lat' dir='ltr'>poena</span> <span class='ocrx_word' id='word_1_250' title='bbox 1592 2659 1872 2704; x_wconf 84' lang='lat' dir='ltr'>irritationis</span> <span class='ocrx_word' id='word_1_251' title='bbox 1914 2659 2180 2715; x_wconf 66' lang='lat' dir='ltr'>ignoretur-</span> 
     </span>
     <span class='ocr_line' id='line_1_31' title="bbox 282 2735 1291 2793; baseline -0.002 -12"><span class='ocrx_word' id='word_1_252' title='bbox 282 2737 406 2791; x_wconf 77' lang='lat' dir='ltr'>Quae</span> <span class='ocrx_word' id='word_1_253' title='bbox 440 2737 622 2793; x_wconf 84' lang='lat' dir='ltr'>quidem</span> <span class='ocrx_word' id='word_1_254' title='bbox 658 2737 891 2780; x_wconf 88' lang='lat' dir='ltr'>sententia</span> <span class='ocrx_word' id='word_1_255' title='bbox 923 2735 1173 2791; x_wconf 84' lang='lat' dir='ltr'>probabilis</span> <span class='ocrx_word' id='word_1_256' title='bbox 1207 2740 1291 2779; x_wconf 85' lang='lat' dir='ltr'>est.</span> 
     </span>
    </p>
   </div>
   <div class='ocr_carea' id='block_1_8' title="bbox 281 2847 2181 3009">
    <p class='ocr_par' dir='ltr' id='par_1_8' title="bbox 281 2847 2181 3009">
     <span class='ocr_line' id='line_1_32' title="bbox 432 2847 2181 2919; baseline -0.002 -17"><span class='ocrx_word' id='word_1_257' title='bbox 432 2852 480 2904; x_wconf 74' lang='lat'>4.</span> <span class='ocrx_word' id='word_1_258' title='bbox 526 2852 645 2903; x_wconf 84' lang='lat' dir='ltr'>Lex</span> <span class='ocrx_word' id='word_1_259' title='bbox 688 2852 912 2902; x_wconf 88' lang='lat' dir='ltr'>irritans</span> <span class='ocrx_word' id='word_1_260' title='bbox 956 2857 1133 2901; x_wconf 87' lang='lat' dir='ltr'>cessat</span> <span class='ocrx_word' id='word_1_261' title='bbox 1175 2849 1399 2919; x_wconf 84' lang='lat' dir='ltr'>quidem</span> <span class='ocrx_word' id='word_1_262' title='bbox 1442 2851 1499 2900; x_wconf 91' lang='lat' dir='ltr'>in</span> <span class='ocrx_word' id='word_1_263' title='bbox 1530 2868 1662 2901; x_wconf 86' lang='lat' dir='ltr'>casu</span> <span class='ocrx_word' id='word_1_264' title='bbox 1706 2847 2181 2917; x_wconf 76' lang='lat' dir='ltr'>impossibilitatis</span> 
     </span>
     <span class='ocr_line' id='line_1_33' title="bbox 281 2938 2181 3009; baseline -0.003 -17"><span class='ocrx_word' id='word_1_265' title='bbox 281 2942 594 2993; x_wconf 87' lang='lat' dir='ltr'>communis</span> <span class='ocrx_word' id='word_1_266' title='bbox 637 2940 725 2991; x_wconf 84' lang='lat' dir='ltr'>vel</span> <span class='ocrx_word' id='word_1_267' title='bbox 765 2941 1083 3009; x_wconf 84' lang='lat' dir='ltr'>gravissimi</span> <span class='ocrx_word' id='word_1_268' title='bbox 1141 2938 1481 2991; x_wconf 86' lang='lat' dir='ltr'>incommodi</span> <span class='ocrx_word' id='word_1_269' title='bbox 1540 2939 1869 3001; x_wconf 75' lang='lat' dir='ltr'>communie,</span> <span class='ocrx_word' id='word_1_270' title='bbox 1927 2944 1983 2989; x_wconf 84' lang='lat' dir='ltr'>at</span> <span class='ocrx_word' id='word_1_271' title='bbox 2024 2944 2181 2988; x_wconf 84' lang='lat' dir='ltr'>certo-</span> 
     </span>
    </p>
   </div>
   <div class='ocr_carea' id='block_1_9' title="bbox 217 3025 2183 3096">
    <p class='ocr_par' dir='ltr' id='par_1_9' title="bbox 217 3025 2183 3096">
     <span class='ocr_line' id='line_1_34' title="bbox 217 3025 2183 3096; baseline -0.004 -13"><span class='ocrx_word' id='word_1_272' title='bbox 217 3070 221 3088; x_wconf 88' lang='lat'><em>.</em></span> <span class='ocrx_word' id='word_1_273' title='bbox 281 3049 392 3083; x_wconf 87' lang='lat' dir='ltr'>non</span> <span class='ocrx_word' id='word_1_274' title='bbox 453 3037 668 3082; x_wconf 83' lang='lat' dir='ltr'>constat</span> <span class='ocrx_word' id='word_1_275' title='bbox 721 3048 841 3081; x_wconf 86' lang='lat' dir='ltr'>eam</span> <span class='ocrx_word' id='word_1_276' title='bbox 901 3047 1114 3081; x_wconf 82' lang='lat' dir='ltr'>cessare</span> <span class='ocrx_word' id='word_1_277' title='bbox 1175 3029 1342 3080; x_wconf 87' lang='lat' dir='ltr'>etiam</span> <span class='ocrx_word' id='word_1_278' title='bbox 1411 3029 1469 3080; x_wconf 89' lang='lat' dir='ltr'>in</span> <span class='ocrx_word' id='word_1_279' title='bbox 1522 3047 1652 3080; x_wconf 88' lang='lat' dir='ltr'>casu</span> <span class='ocrx_word' id='word_1_280' title='bbox 1706 3025 2183 3096; x_wconf 69' lang='lat' dir='ltr'>impossibilitatis,</span> 
     </span>
    </p>
   </div>
   <div class='ocr_carea' id='block_1_10' title="bbox 279 3116 1716 3190">
    <p class='ocr_par' dir='ltr' id='par_1_10' title="bbox 125 3116 1716 3190">
     <span class='ocr_line' id='line_1_35' title="bbox 279 3116 1716 3190; baseline -0.003 -17.387"><span class='ocrx_word' id='word_1_281' title='bbox 279 3123 533 3190; x_wconf 83' lang='lat' dir='ltr'>privatae</span> <span class='ocrx_word' id='word_1_282' title='bbox 575 3118 663 3171; x_wconf 86' lang='lat' dir='ltr'>vel</span> <span class='ocrx_word' id='word_1_283' title='bbox 705 3120 1020 3187; x_wconf 82' lang='lat' dir='ltr'>gravissimi</span> <span class='ocrx_word' id='word_1_284' title='bbox 1063 3117 1401 3170; x_wconf 90' lang='lat' dir='ltr'>incommodi</span> <span class='ocrx_word' id='word_1_285' title='bbox 1442 3116 1716 3188; x_wconf 78' lang='lat' dir='ltr'>privati3).</span> 
     </span>
    </p>
   </div>
   <div class='ocr_carea' id='block_1_11' title="bbox 0 3142 222 3525">
    <p class='ocr_par' dir='ltr' id='par_1_11' title="bbox 0 3142 222 3525">
     <span class='ocr_line' id='line_1_36' title="bbox 25 3142 29 3151; baseline 0 0"><span class='ocrx_word' id='word_1_286' title='bbox 25 3142 29 3151; x_wconf 89' lang='lat'>.</span> 
     </span>
     <span class='ocr_line' id='line_1_37' title="bbox 2 3221 110 3238; baseline 0 -8"><span class='ocrx_word' id='word_1_287' title='bbox 2 3221 6 3230; x_wconf 93' lang='lat'>.</span> <span class='ocrx_word' id='word_1_288' title='bbox 43 3221 110 3238; x_wconf 57' lang='grc'><em>..,,,</em></span> 
     </span>
     <span class='ocr_line' id='line_1_38' title="bbox 64 3286 222 3342; baseline -0.006 -15"><span class='ocrx_word' id='word_1_289' title='bbox 64 3320 87 3342; x_wconf 33' lang='grc' dir='ltr'>,ΓΙ</span> <span class='ocrx_word' id='word_1_290' title='bbox 128 3286 137 3309; x_wconf 71' lang='grc' dir='ltr'><em>Ι</em></span> <span class='ocrx_word' id='word_1_291' title='bbox 204 3310 222 3319; x_wconf 64' lang='lat'>‘¹</span> 
     </span>
     <span class='ocr_line' id='line_1_39' title="bbox 27 3352 170 3363; baseline -0.014 0"><span class='ocrx_word' id='word_1_292' title='bbox 27 3352 88 3363; x_wconf 42' lang='grc' dir='ltr'>,μ</span> <span class='ocrx_word' id='word_1_293' title='bbox 160 3352 170 3358; x_wconf 77' lang='grc'><strong>-</strong></span> 
     </span>
     <span class='ocr_line' id='line_1_40' title="bbox 59 3361 207 3415; baseline 0.007 -9"><span class='ocrx_word' id='word_1_294' title='bbox 59 3361 127 3415; x_wconf 53' lang='lat' dir='ltr'>fij</span> <span class='ocrx_word' id='word_1_295' title='bbox 164 3376 207 3407; x_wconf 65' lang='lat'>:⁰5</span> 
     </span>
     <span class='ocr_line' id='line_1_41' title="bbox 179 3452 210 3469; baseline 0 -7"><span class='ocrx_word' id='word_1_296' title='bbox 179 3452 210 3469; x_wconf 42' lang='grc' dir='ltr'>,Γ</span> 
     </span>
     <span class='ocr_line' id='line_1_42' title="bbox 0 3472 121 3482; baseline 0 0"><span class='ocrx_word' id='word_1_297' title='bbox 0 3476 3 3480; x_wconf 79' lang='lat' dir='ltr'>v</span> <span class='ocrx_word' id='word_1_298' title='bbox 115 3472 121 3482; x_wconf 66' lang='grc'><em>1</em></span> 
     </span>
     <span class='ocr_line' id='line_1_43' title="bbox 0 3517 6 3525; baseline 0 0"><span class='ocrx_word' id='word_1_299' title='bbox 0 3517 6 3525; x_wconf 84' lang='grc'><em>,</em></span> 
     </span>
    </p>
   </div>
   <div class='ocr_carea' id='block_1_12' title="bbox 265 3348 354 3391">
    <p class='ocr_par' dir='ltr' id='par_1_12' title="bbox 265 3348 354 3391">
     <span class='ocr_line' id='line_1_44' title="bbox 265 3348 354 3391; baseline -0.034 -10"><span class='ocrx_word' id='word_1_300' title='bbox 265 3348 273 3391; x_wconf 63' lang='grc' dir='ltr'>ς’</span> <span class='ocrx_word' id='word_1_301' title='bbox 284 3360 306 3385; x_wconf 43' lang='grc' dir='ltr'>τ-ι</span> <span class='ocrx_word' id='word_1_302' title='bbox 313 3368 320 3379; x_wconf 87' lang='grc'>.-</span> <span class='ocrx_word' id='word_1_303' title='bbox 337 3355 354 3378; x_wconf 60' lang='grc' dir='ltr'>ἴ.</span> 
     </span>
    </p>
   </div>
   <div class='ocr_carea' id='block_1_13' title="bbox 294 3272 1346 3401">
    <p class='ocr_par' dir='ltr' id='par_1_13' title="bbox 294 3272 1346 3401">
     <span class='ocr_line' id='line_1_45' title="bbox 294 3272 323 3310; baseline 0 0"><span class='ocrx_word' id='word_1_304' title='bbox 294 3272 323 3310; x_wconf 66' lang='lat' dir='ltr'>i,</span> 
     </span>
     <span class='ocr_line' id='line_1_46' title="bbox 438 3343 1346 3401; baseline -0.007 -10"><span class='ocrx_word' id='word_1_305' title='bbox 438 3347 465 3401; x_wconf 80' lang='lat' dir='ltr'>i)</span> <span class='ocrx_word' id='word_1_306' title='bbox 499 3347 567 3391; x_wconf 80' lang='lat' dir='ltr'>Cf.</span> <span class='ocrx_word' id='word_1_307' title='bbox 601 3347 669 3390; x_wconf 86' lang='lat' dir='ltr'>De</span> <span class='ocrx_word' id='word_1_308' title='bbox 700 3344 880 3401; x_wconf 86' lang='lat' dir='ltr'>legibus</span> <span class='ocrx_word' id='word_1_309' title='bbox 913 3345 943 3389; x_wconf 88' lang='lat' dir='ltr'>l.</span> <span class='ocrx_word' id='word_1_310' title='bbox 977 3345 1016 3388; x_wconf 75' lang='grc' dir='ltr'>ὃ.</span> <span class='ocrx_word' id='word_1_311' title='bbox 1052 3358 1087 3387; x_wconf 90' lang='lat' dir='ltr'>c.</span> <span class='ocrx_word' id='word_1_312' title='bbox 1121 3343 1192 3386; x_wconf 71' lang='lat'>⁶22.</span> <span class='ocrx_word' id='word_1_313' title='bbox 1226 3357 1270 3386; x_wconf 90' lang='lat' dir='ltr'>n.</span> <span class='ocrx_word' id='word_1_314' title='bbox 1305 3343 1346 3385; x_wconf 84' lang='lat'>4.</span> 
     </span>
    </p>
   </div>
   <div class='ocr_carea' id='block_1_14' title="bbox 350 3422 1968 3566">
    <p class='ocr_par' dir='ltr' id='par_1_14' title="bbox 350 3422 1968 3566">
     <span class='ocr_line' id='line_1_47' title="bbox 397 3422 1968 3498; baseline -0.006 -25"><span class='ocrx_word' id='word_1_315' title='bbox 397 3493 403 3498; x_wconf 84' lang='lat'>..</span> <span class='ocrx_word' id='word_1_316' title='bbox 434 3429 466 3483; x_wconf 77' lang='grc'>2)</span> <span class='ocrx_word' id='word_1_317' title='bbox 502 3430 568 3473; x_wconf 82' lang='lat' dir='ltr'>Of.</span> <span class='ocrx_word' id='word_1_318' title='bbox 604 3428 728 3484; x_wconf 85' lang='lat' dir='ltr'>Opus</span> <span class='ocrx_word' id='word_1_319' title='bbox 760 3428 931 3471; x_wconf 88' lang='lat' dir='ltr'>morale</span> <span class='ocrx_word' id='word_1_320' title='bbox 964 3427 1011 3470; x_wconf 89' lang='lat' dir='ltr'>in</span> <span class='ocrx_word' id='word_1_321' title='bbox 1043 3430 1287 3482; x_wconf 82' lang='lat' dir='ltr'>praecepta</span> <span class='ocrx_word' id='word_1_322' title='bbox 1322 3426 1461 3469; x_wconf 88' lang='lat' dir='ltr'>decal.</span> <span class='ocrx_word' id='word_1_323' title='bbox 1495 3425 1523 3468; x_wconf 93' lang='lat' dir='ltr'>l.</span> <span class='ocrx_word' id='word_1_324' title='bbox 1561 3425 1599 3468; x_wconf 91' lang='lat'>1.</span> <span class='ocrx_word' id='word_1_325' title='bbox 1635 3439 1670 3468; x_wconf 90' lang='lat' dir='ltr'>c.</span> <span class='ocrx_word' id='word_1_326' title='bbox 1706 3423 1775 3466; x_wconf 90' lang='grc'>16.</span> <span class='ocrx_word' id='word_1_327' title='bbox 1810 3437 1853 3466; x_wconf 89' lang='lat'>11.</span> <span class='ocrx_word' id='word_1_328' title='bbox 1892 3422 1968 3465; x_wconf 47' lang='grc' dir='ltr'>15Β</span> 
     </span>
     <span class='ocr_line' id='line_1_48' title="bbox 350 3502 1454 3566; baseline -0.003 -10"><span class='ocrx_word' id='word_1_329' title='bbox 350 3502 356 3513; x_wconf 70' lang='grc'>’</span> <span class='ocrx_word' id='word_1_330' title='bbox 435 3511 469 3566; x_wconf 78' lang='grc'>3)</span> <span class='ocrx_word' id='word_1_331' title='bbox 505 3512 572 3557; x_wconf 75' lang='lat' dir='ltr'>Cf.</span> <span class='ocrx_word' id='word_1_332' title='bbox 610 3509 1099 3565; x_wconf 69' lang='lat' dir='ltr'>Ballerini-Palmieri</span> <span class='ocrx_word' id='word_1_333' title='bbox 1132 3508 1163 3552; x_wconf 84' lang='grc' dir='ltr'>Ι.</span> <span class='ocrx_word' id='word_1_334' title='bbox 1197 3523 1240 3551; x_wconf 91' lang='lat' dir='ltr'>n.</span> <span class='ocrx_word' id='word_1_335' title='bbox 1276 3508 1364 3551; x_wconf 85' lang='lat'>318</span> <span class='ocrx_word' id='word_1_336' title='bbox 1397 3521 1454 3554; x_wconf 78' lang='lat' dir='ltr'>SS.</span> 
     </span>
    </p>
   </div>
  </div>
 </body>
</html>
