2269 3898
673 113 740 156 De
774 111 1025 155 cessatione
1058 111 1368 167 obligationis.
1870 114 1954 158 183

229 260 270 289 a.
305 246 476 290 Causae
508 250 722 289 externae
757 244 1049 299 dispensandi
1084 249 1192 289 sunt
1226 244 1430 300 dignitas
1463 246 1663 301 petentis
1708 251 1791 291 aut-
1832 261 1955 302 supe-

75 320 226 376 rioris,
258 320 442 364 utilitas
475 317 726 363 communis
770 322 852 362 aut
894 319 1092 374 privata,
1139 319 1305 362 solutio
1348 320 1565 375 pecuniae
1605 321 1654 364 in
1695 321 1952 365 utilitatem

79 394 346 440 ecclesiae1).
393 394 455 437 Et
478 406 585 437 sane
607 392 789 436 concedi
813 393 928 436 solet
953 392 1232 448 dispensatio
1255 394 1312 436 ad
1336 396 1714 438 remunerandum
1738 396 1952 440 meritum

80 468 274 512 alicuius
307 481 537 522 personae,
569 471 624 510 ut
658 480 850 522 persona
884 467 1096 511 ecclesiae
1141 467 1441 523 devinciatur,
1484 470 1541 512 ad
1585 470 1952 525 prospiciendum

78 542 343 587 necessitati
376 543 448 586 vel
495 541 697 585 utilitati
747 554 978 596 personae,
1027 542 1084 585 ad
1133 543 1459 586 ostendendam
1507 542 1835 589 liberalitatem
1882 546 1955 588 vel

80 617 416 672 benignitatem
451 629 505 659 ex
539 619 671 671 parte
703 615 985 670 legislatoris
1019 619 1102 660 ete.

230 691 267 736 b.
303 690 473 744 Quodsi
507 690 777 745 quandoque
814 689 1095 745 dispensatio
1128 689 1310 733 concedi
1354 690 1523 733 dicitur
1564 692 1664 734 sine
1712 707 1866 745 causa,
1908 693 1961 736 id.

79 766 435 821 intelligendum
470 767 539 807 est
574 764 670 807 sine
694 777 831 807 causa
853 763 1051 818 interna,
1073 767 1155 807 aut
1179 763 1275 807 sine
1297 764 1390 807 alia
1412 778 1547 808 causa
1569 770 1756 810 externa
1778 770 1959 822 praeter

82 920 284 970 externa,
316 928 396 970 pro
433 913 777 969 dispensatione
811 913 1067 968 imponitur
1099 915 1381 967 eleemosyna
1413 913 1461 956 in
1494 914 1617 969 pium
1654 928 1766 970 opus
1787 914 1955 970 impen-

81 979 261 1045 dendas
281 1003 366 1045 quo
399 989 564 1032 bonum
601 988 813 1032 ecclesiae
838 992 1172 1044 promoveatur.
1237 988 1285 1031 In
1304 989 1387 1032 hoc
1410 1002 1514 1032 casu
1537 989 1722 1033 utilitas
1746 990 1957 1033 ecclesiae

81 1069 151 1108 est-
185 1077 320 1108 causa
353 1063 662 1119 dispensandi.

232 1155 281 1206 2.
326 1152 539 1205 Causae
582 1153 1011 1222 dispensationis
1061 1152 1372 1204 aliaersunt
1425 1155 1648 1205 *motivae
1707 1153 1954 1226 (finales),

82 1260 223 1312 quae
276 1260 372 1311 per
413 1260 468 1293 se
521 1242 806 1294 sufficiunt
861 1243 932 1294 ad
989 1242 1406 1294 concedendam
1465 1242 1954 1313 dispensationem,

80 1331 221 1384 aliae
260 1330 591 1402 impulsivae,
650 1351 791 1402 quae
834 1351 930 1402 per
972 1351 1026 1384 se
1068 1351 1178 1384 non
1221 1332 1504 1383 sufficiunt
1543 1332 1614 1383 ad
1658 1332 1956 1384 conceden-

83 1422 210 1474 dam
255 1422 741 1491 dispensationem,
801 1424 1039 1474 motivas
1080 1430 1268 1474 tamen
1310 1421 1597 1488 adiuvant,
1642 1430 1702 1474 ut
1741 1421 1959 1474 facilius

82 1511 421 1563 concedatur
461 1512 819 1581 dispensatio.
863 1511 1009 1579 Ergo
1041 1510 1147 1562 illis
1177 1529 1286 1562 non
1317 1510 1684 1563 existentibus
1712 1514 1961 1581 superior

21 1651 30 1672 ‚
81 1620 192 1653 non
234 1601 627 1671 dispensasset3
672 1600 758 1652 his
801 1618 911 1651 non
954 1600 1322 1652 existentibus
1352 1609 1538 1653 tamen
1568 1601 1958 1671 dispensasset.

233 1780 359 1835 162.
401 1780 731 1848 Principia.
817 1782 862 1831 1.
909 1779 1020 1843 Qui
1071 1788 1339 1849 potestate
1384 1782 1616 1852 Qf-{qt
1658 1780 1957 1850 dispensat,

83 1870 249 1921 etiam
303 1871 420 1944 sine
462 1888 627 1936 causa
682 1867 859 1921 valide
916 1869 1235 1938 dispensare
1290 1878 1484 1941 postest,
1527 1871 1658 1940 quia
1700 1869 1960 1939 obligatio

82 1958 218 2028 legis
259 1949 478 2031 prorsus
520 1961 587 2013 ab
633 1961 751 2011 eius
780 1958 1066 2010 voluntate
1103 1959 1406 2029 dependet3
1451 1961 1544 2029 qui
1586 1969 1774 2011 autem
1816 1967 1961 2029 pote-

85 2057 222 2118 state
249 2051 455 2117 yicfflffl
487 2049 785 2118 dispensat,
830 2050 959 2103 sine
979 2067 1143 2102 causa
1171 2049 1356 2101 valide
1387 2049 1708 2119 dispensare
1742 2050 1957 2127 nequit:

87 2140 336 2208 superior
377 2141 521 2208 enim
567 2156 676 2190 non
721 2148 977 2190 censetur
1018 2139 1322 2190 concedere
1364 2139 1610 2190 inferiori
1641 2132 1962 2189 facultatem

85 2228 444 2298 dispensandi
488 2229 606 2279 sine
647 2229 790 2279 iusta
831 2246 997 2278 causa
1038 2225 1110 2297 (n.
1157 2227 1302 2294 155).

238 2335 286 2387 2.
350 2333 440 2384 Ad
483 2331 622 2384 licite
679 2332 1117 2402 dispensandum
1175 2351 1391 2402 semper
1450 2334 1751 2403 requiritur
1803 2352 1964 2384 causa

84 2432 180 2477 aut
222 2432 367 2476 certo
409 2432 504 2474 aut
543 2422 734 2474 saltem
778 2422 1141 2492 probabiliter
1179 2423 1464 2492 sufficiens.
1546 2422 1655 2488 Qui
1696 2430 1964 2492 potestate

87 2515 310 2585 propria
352 2515 469 2564 sine
496 2532 661 2564 causa
705 2512 1005 2581 dispensat,
1050 2512 1344 2563 committit
1383 2513 1581 2563 vitium
1626 2513 1964 2581 acceptionis

86 2621 463 2674 personarum,
507 2603 742 2672 ideoque
782 2604 1027 2671 graviter
1066 2620 1174 2652 non
1212 2610 1406 2670 peccat
1434 2603 1538 2652 nisi.
1571 2601 1709 2652 forte
1751 2603 1964 2652 ratione

89 2692 337 2746 scandali
380 2691 468 2743 vel
523 2692 711 2744 damni
754 2692 1019 2758 aliorum3
1079 2692 1172 2761 qui
1215 2699 1398 2742 autem
1443 2698 1712 2760 potestate
1755 2691 1965 2743 vicaria

90 2780 782 2855 sine,causa-dispensat,
837 2782 894 2832 in
948 2783 1179 2832 materia
1231 2781 1389 2848 gravi
1450 2781 1693 2850 graviter
1734 2798 1964 2850 peccare

88 2881 280 2943 potest,
326 2873 456 2941 quia
496 2869 742 2922 abutitur
768 2878 1036 2940 potestate
1065 2869 1170 2921 sibi
1199 2888 1474 2923 concessa.
1519 2871 1584 2921 In
1616 2869 1802 2936 dubio,
1831 2887 1965 2920 num

89 2981 256 3014 causa
298 2961 552 3024 sufficiat,
596 2979 705 3012 non
744 2959 920 3012 solum
950 2961 1068 3030 ipse
1096 2959 1375 3029 legislator
1416 2960 1511 3012 sed
1545 2961 1711 3011 etiam
1739 2959 1967 3011 inferior

87 3050 415 3120 legislatoris
456 3058 572 3100 tum
602 3048 788 3101 valide
830 3058 946 3101 tum
990 3049 1138 3100 licite
1179 3049 1651 3118 dispensationem
1694 3048 1964 3113 concedit,

90 3140 226 3192 alias
267 3141 536 3209 superiori
578 3140 810 3190 nimium
856 3158 992 3191 onus
1034 3139 1431 3206 iniungeretur.

241 3243 287 3287 Si
318 3243 508 3286 inferior
540 3243 588 3285 in
619 3244 721 3299 lege
754 3243 998 3298 superioris
1035 3243 1302 3298 dispensans
1345 3256 1424 3298 per
1471 3256 1663 3287 errorem
1713 3241 1965 3295 existimat,

93 3331 275 3362 causam
310 3330 404 3361 esse
437 3317 758 3372 sufficientem,
793 3317 1073 3373 dispensatio
1096 3317 1252 3361 valida
1275 3322 1366 3361 est:
1401 3318 1449 3360 in
1473 3317 1649 3361 casibus
1673 3316 1791 3360 enim
1817 3314 1966 3358 dubiis

246 3482 277 3535 ¹)
308 3481 375 3526 Cf.
409 3496 444 3524 s.
482 3482 740 3537 Alpheus-ns
771 3496 814 3528 n,
853 3482 950 3525 195.

58 3615 86 3643 a

346 3610 377 3656 11

1275 3604 1310 3617 X
